3030 4980
293 481 352 544 522
803 501 909 547 mnan.

318 621 333 684 5
350 621 394 678 111.
410 621 596 685 Argumentum
610 635 642 672 ex
656 621 774 672 doctrina
785 621 909 681 Suaresii¹
925 623 1051 686 quotanus
1062 622 1217 672 sententium
1232 633 1350 672 commu-

348 714 407 750 nem
422 701 558 754 doctorum
572 701 668 752 soboles
682 702 822 753 exhibente
844 737 1349 753 .............
1398 705 1423 750 sl

318 783 391 846 giv.
405 785 590 846 Argumentum
606 798 640 836 ex
661 783 786 836 Ecclesia
804 781 997 836 definitionibus
1015 817 1184 834 .....
1196 817 1224 860 Ι.
1259 817 1266 830 .
1299 815 1307 832 .
1342 818 1350 832 .
1399 785 1426 829 st

289 917 406 967 sllcllo
419 917 464 966 lll.
478 917 514 967 lle
526 917 683 981 J'odiciorom
696 919 931 970 ecclesiasticomm
943 919 1052 971 materia
1062 933 1105 970 seo
1120 918 1223 982 obiecto
1233 913 1350 982 proprio.
1400 919 1427 962 ot

289 1034 356 1084 GAP.
373 1036 392 1083 Ι.
408 1035 444 1084 De
462 1035 598 1100 principiis
615 1051 647 1087 ex
670 1035 763 1102 quibus
785 1036 952 1087 determinari
972 1035 1058 1098 debet,
1073 1047 1193 1099 quasnam
1214 1047 1298 1084 eausa
1319 1033 1354 1084 ad

319 1112 404 1162 lorum
417 1115 622 1166 ecclesiasticum
636 1116 792 1180 pertineant,
806 1119 831 1167 et
845 1129 963 1180 quenam
984 1115 1017 1164 ad
1030 1115 1114 1165 lorum
1135 1115 1266 1166 saeculare.
1301 1151 1307 1161 .
1344 1150 1351 1162 .
1400 1117 1428 1159 ar

351 1195 510 1257 Principium
520 1196 542 1244 l.
555 1195 593 1246 Ab
608 1196 729 1246 omnibus
742 1196 930 1248 admittendum
942 1198 989 1260 est,
1001 1209 1045 1245 eea
1057 1207 1148 1246 causes
1159 1193 1192 1244 ad
1207 1193 1291 1244 lorum
1308 1206 1353 1242 eo-

381 1275 554 1326 elesiastieum
569 1276 710 1340 pertinere,
725 1289 789 1340 ques
803 1275 929 1336 Ecclesia,
941 1275 995 1324 sive
1008 1287 1057 1340 per
1070 1288 1204 1338 expressas
1224 1272 1356 1324 definitio·

380 1369 437 1417 nas,
451 1355 505 1405 sive
527 1370 575 1420 per
589 1355 757 1407 sufficientem
777 1369 849 1406 suem
869 1356 980 1421 praxim.
993 1355 1165 1406 declaraverit
1182 1353 1357 1420 jurisdictioni

381 1449 434 1486 suae
449 1435 582 1501 subjacare
601 1469 1354 1487 ...................
1402 1436 1429 1480 ⁸8

350 1517 511 1580 Principium
525 1517 559 1567 ll.
574 1517 614 1567 bd
634 1516 828 1582 distinguendas
852 1517 970 1582 proprias
990 1515 1160 1567 ecclesiastici
1180 1519 1206 1567 et
1223 1513 1358 1566 secularia

380 1597 429 1647 lori
441 1611 539 1658 causes,
554 1601 608 1648 tuto
620 1599 710 1663 regula
722 1603 782 1649 sunt
794 1597 899 1649 decreta
912 1596 1045 1662 pontificia
1062 1601 1089 1648 et
1104 1596 1285 1658 conciliorum,
1298 1607 1357 1659 qun

380 1677 447 1728 bane
461 1676 652 1730 distinctionem
668 1677 736 1728 clare
752 1678 897 1740 enuntiant,
912 1682 938 1728 et
953 1678 980 1728 in
994 1677 1142 1742 generalem
1162 1675 1285 1728 Ecclesia
1302 1673 1355 1724 dis·

381 1759 503 1822 ciplinsm
520 1773 565 1810 scu
579 1758 766 1822 legislationem
785 1760 944 1810 transierunt
976 1791 1356 1808 ..........
1402 1756 1430 1800 it

351 1841 509 1902 Principiam
528 1841 575 1890 lll.
590 1841 632 1891 Ea
653 1853 737 1890 causas
759 1840 791 1889 ad
812 1839 895 1890 tomm
919 1839 1124 1890 ecclesiasticum
1146 1837 1276 1902 pertinere
1296 1848 1359 1885 cen·

381 1919 468 1970 aendm
482 1925 550 1980 sunt,
565 1934 628 1984 quas
641 1932 748 1970 necesse
762 1921 801 1968 est
813 1917 989 1969 ecclesiastico
1001 1917 1095 1983 judici,
1107 1931 1162 1968 non
1173 1920 1260 1966 autem
1276 1927 1361 1965 sneu-

383 2001 441 2062 lari,
454 2001 597 2064 subjacere,
614 2004 642 2053 ut
659 1999 776 2050 Ecclesia
798 1997 876 2049 duem
901 1999 951 2049 sibi
970 1999 1116 2063 proprium,
1134 1997 1242 2047 salutem
1261 2008 1358 2058 nempe

383 2080 538 2138 animarum.
553 2079 738 2130 convenienter
751 2079 879 2142 attingere
892 2079 975 2143 possit
977 2109 1358 2128 ..........
1405 2075 1429 2120 'll

353 2162 512 2225 Principium
526 2160 540 2209 l
543 2161 571 2210 V.
583 2159 622 2211 td
634 2161 719 2210 torum
734 2159 938 2210 ecclesiasticum
952 2159 1082 2223 pertinere
1096 2156 1234 2208 censenda
1246 2159 1361 2206 sunteas

383 2254 477 2302 causae,
500 2254 563 2304 quas
584 2239 619 2290 illi
641 2239 698 2290 loro
717 2241 840 2302 tanquam
864 2239 982 2304 proprias
1013 2237 1164 2288 adscribunt
1186 2235 1361 2287 communiter

383 2319 504 2369 doctores
518 2319 638 2369 catholici
643 2351 1361 2368 ..................
1406 2317 1433 2360 l!

290 2436 361 2486 ule.
375 2436 407 2484 il.
421 2435 456 2484 De
471 2435 555 2486 causis
572 2433 749 2498 spiritualibus
767 2467 1360 2484 ...............
1407 2432 1433 2475 'ts

352 2517 494 2579 Propositr'o
508 2517 541 2566 le.
556 2517 644 2566 Causae
656 2514 801 2579 spirituales
810 2514 842 2564 ad
857 2515 942 2565 iorum
963 2513 1169 2565 ecclesiasticum
1188 2511 1322 2562 exclusive
1337 2514 1364 2561 et

385 2595 491 2660 proprio
499 2596 558 2661 jure
572 2597 702 2660 pertinent
730 2628 1365 2644 ................
1407 2593 1434 2637 '1³

353 2675 497 2738 Propositr'o
515 2674 558 2724 lla.
572 2672 611 2725 Ad
622 2673 709 2724 torum
723 2673 931 2724 ecclesiasticum
951 2673 1081 2738 pertinent
1101 2671 1248 2736 spirituales
1265 2684 1362 2732 causae,

385 2753 485 2804 etiamsi
498 2753 648 2818 temporalia
661 2753 792 2804 societatis
806 2754 929 2803 interesse
944 2753 1070 2816 attingant
1101 2787 1361 2800 .......
1408 2752 1434 2796 it

355 2836 500 2898 Propoas'tio
520 2835 578 2885 111¹.
595 2833 703 2896 Quando
722 2834 831 2884 dubium
847 2837 886 2884 est
898 2836 985 2882 utrum
1008 2847 1086 2882 causa
1107 2831 1249 2897 spiritualis
1270 2831 1314 2890 sit,
1327 2845 1363 2881 an

385 2927 447 2963 vero
461 2913 621 2979 temporalis,
633 2913 666 2964 ad
678 2917 833 2979 potestatem
846 2912 1048 2964 ecelesiasticam
1059 2912 1173 2977 pertinet
1183 2909 1364 2977 pronuntiare,

388 2997 414 3044 et
424 2994 486 3044 hnic
499 2993 625 3045 decisioni
639 3009 666 3043 se
679 2994 830 3044 submittere
844 2993 923 3044 debet
938 2992 1069 3044 saecularis
1079 2996 1194 3057 potestus
1226 3029 1233 3040 .
1271 3029 1276 3040 .
1312 3025 1318 3038 .
1357 3027 1363 3039 .
1410 2993 1435 3036 tt

358 3075 499 3140 Propositr'o
512 3075 568 3125 tva.
589 3076 676 3125 Potest
695 3073 779 3124 loious
800 3087 832 3123 ex
854 3073 1015 3138 delegatione
1036 3072 1136 3124 Summi
1154 3071 1365 3131 Pontificis‚noo

388 3168 450 3205 vero
473 3169 505 3205 ex
524 3155 688 3219 delegatione
708 3154 773 3204 elius
794 3155 982 3218 cujuscumque
1004 3153 1105 3204 Prmlati
1127 3150 1311 3212 ecclesiastici,
1332 3151 1366 3202 de

389 3235 472 3286 causis
485 3235 664 3300 spiritualibus
676 3248 837 3298 cognoscere
855 3268 1364 3284 .............
1412 3235 1435 3278 il

298 3354 368 3403 (llll.
383 3354 426 3403 lIl.
443 3353 479 3401 De
494 3351 578 3403 causis
591 3350 825 3402 matrimonialibus
859 3385 1367 3401 .............
1412 3352 1437 3396 ti

360 3431 504 3494 Propositio
516 3431 548 3480 1⁸.
565 3431 652 3481 Causoe
664 3444 755 3480 omnes
769 3429 974 3482 matrimoniales
986 3429 1092 3496 propria
1110 3429 1197 3494 dictae,
1210 3428 1297 3494 quoad
1314 3443 1369 3479 ma·

393 3511 516 3562 trimodia
527 3510 653 3572 fidelium,
664 3511 794 3561 odiorum
815 3510 1020 3561 ecclesiasticum
1036 3509 1167 3560 exclusive
1182 3509 1324 3574 pertinent.
1360 3547 1366 3557 .
1414 3509 1437 3553 el

361 3591 504 3652 Propositr'o
524 3591 569 3640 lla.
590 3591 678 3641 Genese
695 3589 899 3640 matrimoniales
921 3588 1065 3654 improprie
1087 3588 1174 3648 dicta,
1195 3601 1253 3652 quae
1272 3601 1370 3653 nempe

393 3673 528 3721 versantur
545 3669 615 3720 circa
628 3683 670 3720 res
686 3670 844 3734 temporales
857 3673 883 3720 et
903 3669 1053 3720 substantioe
1069 3667 1230 3719 matrimonii
1243 3668 1372 3719 extrinse-

395 3765 448 3812 css,
459 3750 492 3800 ad
503 3749 587 3800 lorum
601 3751 725 3800 saerdare
737 3750 795 3814 jura
809 3749 916 3814 proprio
933 3750 1067 3815 pertinent
1070 3783 1372 3800 ........
1414 3749 1438 3794 ii

302 3859 373 3910 GAP.
389 3859 431 3907 lv.
446 3858 483 3907 lle
499 3857 582 3907 causis
596 3856 783 3922 temporalibus
795 3857 951 3908 clericorum
985 3891 1371 3907 ..........
1415 3855 1439 3899 us

305 3967 375 4018 GAP.
392 3966 421 4016 V.
434 3968 470 4016 De
486 3965 569 4017 carreis
584 3965 770 4030 temporalibus
791 3978 848 4029 quse
862 3965 895 4016 ad
908 3965 993 4016 iorum
1013 3963 1222 4016 ecclesiasticum
1240 3963 1374 4030 pertinent

335 4047 435 4098 ratione
450 4047 616 4112 negligentiae
630 4045 762 4096 saecularis
772 4044 870 4109 iudicis
903 4080 1372 4096 ............
1417 4043 1440 4084 ⁸⁰

366 4127 509 4190 propositio
529 4127 562 4175 1¹.
582 4125 608 4177 Si
621 4125 746 4190 justitiam
766 4125 946 4176 administrare
966 4125 1080 4190 negliget
1099 4123 1231 4176 secutum
1251 4128 1376 4189 potestas,

401 4219 478 4257 eausa
490 4206 562 4272 (licet
574 4219 645 4257 mere
658 4205 819 4268 temporalia)
830 4206 864 4258 ad
881 4205 967 4257 torum
981 4205 1188 4256 ecclesiasticum
1200 4205 1318 4269 legitime
1332 4204 1377 4255 de·

397 4285 478 4336 lertor
492 4319 1375 4338 ......................
1418 4280 1442 4326 ii
