3030 4980
524 505 600 552 raris
623 505 769 552 sueonos.
1153 485 1214 550 475

72 623 238 692 vindicare
253 631 356 716 potest
370 625 543 694 Promotor
559 625 689 714 fiscalis,
707 625 770 693 uisi
787 623 873 717 quod
889 626 930 694 sit
944 626 983 694 de
999 625 1214 694 familiaribus

72 731 237 823 Episcopi,
254 741 287 800 et
309 741 443 824 propter
464 733 609 802 muneris
632 734 683 801 sui
708 733 914 823 gravitatem,
939 733 1068 826 speciali
1091 732 1214 802 honore

72 836 107 903 di
156 860 206 906 us.

108 859 329 1014 g51iSularium
354 947 416 1040 ipsi
442 947 579 1017 debetur
597 946 639 1016 ab
661 947 831 1040 Episcopo,
849 947 974 1016 etiamsi
997 946 1089 1015 nulla
1111 943 1151 1014 de
1175 968 1213 1014 eo

69 1053 245 1122 conventio
266 1052 350 1122 facta
369 1053 490 1142 luerit5
506 1055 584 1147 quia
606 1078 674 1125 non
697 1063 826 1124 tenetur
844 1056 944 1145 gratis
968 1077 1099 1146 operam
1120 1076 1212 1122 suam

71 1181 211 1247 navarc;
229 1167 327 1252 prout
341 1169 373 1230 et
387 1161 427 1230 de
437 1161 570 1231 Vicario
584 1162 728 1253 generali
744 1161 900 1231 diximus.

590 1443 692 1535 su.

129 1613 167 1664 An
184 1612 330 1664 necessario
348 1613 375 1666 ln
391 1613 532 1682 episcopali
548 1615 620 1668 curta
636 1614 758 1667 constitui
773 1615 869 1666 debeat
886 1617 1024 1667 Promotor
1040 1615 1152 1666 fiscalis?

113 1812 314 1883 Promotoris
333 1813 451 1884 fiscalis
471 1817 643 1886 necessitas
665 1815 797 1907 injure
823 1815 1097 1907 praesupponitur.
1127 1816 1210 1885 Nam
1310 1803 1311 1808 ¹

65 1929 155 1988 certa
183 1927 231 1990 est
255 1920 340 2013 juris
369 1923 550 1991 communis
579 1921 759 2014 dispositio,
787 1947 852 2015 qua
878 1923 1079 2014 precipitur,
1110 1933 1146 1993 ut
1176 1926 1211 1993 in

66 2027 220 2096 omnibus
242 2027 322 2096 actis
345 2035 457 2097 contra
480 2029 597 2116 Reum,
616 2029 731 2098 citetur
751 2030 948 2098 Procurator
969 2029 1100 2099 fiscalis.
1123 2031 1211 2100 «Est

70 2161 88 2198 n
112 2141 222 2202 aulem
244 2134 324 2203 adeo
350 2137 565 2204 necessarium
583 2136 640 2225 (ait
666 2136 884 2226 pellegrinus,
902 2145 993 2227 parte
1016 2141 1048 2226 l,
1074 2146 1150 2206 sect.
1178 2141 1208 2225 1,

71 2269 89 2306 n
113 2265 147 2308 n.
167 2243 220 2332 20)
236 2242 270 2311 in
285 2242 520 2324 criminalibus,
536 2251 572 2311 ut
588 2243 715 2329 citetur,
729 2244 762 2311 in
780 2244 932 2312 omnihus
946 2245 1024 2312 actis
1038 2268 1112 2336 quae
1127 2248 1210 2313 frunt

70 2375 88 2412 c
112 2358 225 2418 contra
247 2349 366 2437 Reum,
383 2351 516 2418 Fiscalis
540 2351 652 2438 curiae,
670 2358 707 2418 ut
730 2350 757 2418 si
780 2350 903 2419 feratur
919 2351 1075 2418 sententia
1098 2360 1209 2419 eontra

69 2481 88 2520 n
110 2455 230 2544 Reum,
248 2457 318 2549 ipso
336 2459 462 2550 (nempe
478 2457 605 2548 Fiscnlrl
619 2479 684 2525 non
700 2456 809 2542 citato,
822 2457 979 2524 sententia
993 2457 1055 2525 erit
1070 2455 1170 2526 nulla.
1188 2482 1205 2523 n

68 2563 168 2654 (Lege
187 2567 200 2630 l
220 2563 352 2652 codicis,
369 2565 408 2634 de
422 2565 595 2634 Sententiis
615 2563 769 2632 adversus
784 2563 900 2631 Fiscol.
919 2564 993 2654 ἰαί.)

111 2671 339 2741 Abstrahendo
354 2680 461 2740 tamen
483 2672 524 2740 ab
544 2670 604 2739 hac
620 2671 704 2762 juris
720 2670 849 2762 positivi
872 2669 1096 2762 dispositione,
1112 2671 1209 2739 abso-

65 2779 133 2846 lute
147 2787 254 2869 posset
269 2781 391 2872 absque
410 2779 542 2846 Fiscalis
559 2779 743 2846 interventu
766 2777 927 2869 judicium
950 2776 1081 2869 aliquod
1099 2778 1210 2846 crimi-

65 2886 140 2954 nale
164 2886 323 2978 expediri.
342 2887 404 2956 Vel
430 2887 518 2956 enim
541 2885 600 2956 Via
620 2885 837 2954 aestuationis
863 2885 1060 2977 proceditur,
1078 2894 1109 2953 et
1131 2894 1208 2954 tunc

65 3017 239 3086 personam
262 2994 379 3062 actoris
402 2995 469 3085 agit
490 2999 655 3063 accusator
666 3021 675 3080 3
691 2993 743 3062 vol
759 2993 813 3061 oia
827 2993 1058 3085 inquisitionis,
1077 3000 1108 3062 et
1132 3001 1208 3061 tunc

66 3100 191 3191 praevia
215 3101 302 3168 lama
325 3102 456 3192 publica
472 3099 511 3168 de
536 3108 661 3193 patrato
683 3099 799 3168 delicto
821 3099 942 3185 dicitur
955 3101 1075 3167 actoris
1101 3107 1208 3192 partes

65 3206 262 3275 sufficienter
278 3207 441 3299 supplere.
466 3207 508 3275 Et
531 3208 575 3274 sic
600 3217 727 3275 arcetur
746 3206 976 3276 inconveniens
999 3205 1087 3298 quod
1104 3205 1207 3298 judex

65 3312 165 3382 simul
187 3323 358 3382 actoresse
376 3314 544 3393 videatur:
565 3314 605 3383 ad
629 3313 717 3406 quod
741 3314 974 3383 inconveniens
995 3313 1206 3383 devitandum

66 3421 266 3491 necessarius
280 3422 485 3514 potissimum
502 3422 566 3491 dici
581 3431 689 3513 posset
700 3422 873 3490 Promotor
887 3419 1016 3490 fiscalis.

109 3529 147 3596 ln
170 3529 264 3621 praxi
290 3538 411 3616 autem,
438 3529 500 3597 nisi
533 3529 783 3598 constitueretur
807 3529 843 3596 in
867 3529 1010 3622 qualibet
1034 3529 1207 3622 episcopali

64 3637 157 3706 ouria
182 3635 354 3704 Promotor
379 3636 509 3722 fiscalis,
537 3635 681 3727 plurima
707 3637 871 3704 orirentur
897 3637 1123 3724 incommoda3
1146 3659 1206 3705 nec

64 3752 196 3834 possent
209 3765 314 3812 censae
330 3742 524 3829 criminales,
537 3744 672 3812 servatis
682 3743 846 3812 ordinarii
858 3743 973 3835 judicii
986 3745 1101 3813 formis
1113 3744 1206 3836 (quas

63 3851 98 3917 in
115 3850 209 3917 certis
234 3848 403 3918 dumtaxat
424 3850 564 3936 casibus,
582 3871 647 3918 non
672 3862 780 3919 autem
808 3873 937 3944 semper
951 3852 1098 3921 omittere
1120 3851 1206 3943 licet)

64 3956 258 4048 regulariter
278 3955 437 4048 expediri.

108 4065 153 4132 At
168 4063 243 4132 dato
263 4087 422 4155 casuque
442 4063 600 4156 Episcopo
626 4064 674 4133 las
694 4074 742 4134 est
766 4065 1075 4159 estrajudicialiter,
1092 4089 1206 4136 senex

64 4170 239 4239 informata
257 4171 450 4240 conscientia
472 4172 658 4263 procedere,
674 4173 853 4242 necessaria
879 4196 944 4246 non
968 4183 1028 4260 est,
1047 4181 1083 4242 ut
1105 4181 1203 4265 patet,

64 4279 264 4348 Promotoris
280 4277 398 4350 fiscalis
410 4302 519 4372 opera.
