3056 4972
244 409 305 474 202
617 431 793 476 succursus
816 431 855 476 os
876 430 1010 478 subscus.

242 573 299 618 nec
317 550 450 619 aliunde
473 551 558 620 baua
581 551 697 642 quibus
717 551 940 620 conuenienter
953 562 1183 632 uersarentur,
1195 561 1332 642 possunt
1350 548 1389 616 in

242 657 392 726 omnibus
407 658 540 750 (preter
554 659 740 727 criminales
755 657 852 728 modo
868 658 984 750 dictas)
999 657 1115 740 causis,
1133 656 1285 726 aduocati
1309 658 1390 748 offi-

241 764 329 832 cium
351 766 453 834 etiam
468 788 580 834 coram
599 765 750 834 sectare·
763 765 879 857 judice
893 789 1047 834 coercere.
1066 803 1111 818 -··
1125 765 1205 833 Haec
1219 763 1389 831 conclusio

240 880 350 962 aperte
377 873 527 964 sequitur
548 895 590 940 ex
615 873 713 941 citato
736 873 840 965 capite
867 873 986 942 Clerici
1007 873 1052 963 (l,
1074 871 1160 940 tituli
1183 873 1237 957 37,
1261 869 1336 938 libri
1368 872 1383 936 1

241 979 363 1068 Dece).
381 979 465 1050 Cum
479 981 567 1048 enim
583 979 629 1048 ibi
645 979 880 1072 prohibeantur
894 980 1041 1050 advocati
1061 1002 1131 1048 esse
1151 1001 1259 1048 coram
1279 999 1390 1046 seecu-

243 1084 304 1154 lori
324 1085 434 1177 judice
447 1087 476 1155 si
491 1087 658 1179 stipendiis
680 1089 899 1157 ecclesiasticis
920 1101 1150 1168 sustententur,
1169 1087 1314 1179 sequitur
1329 1107 1389 1152 eos

242 1215 309 1262 nou
321 1195 487 1286 prohiberi
503 1195 530 1263 si
546 1194 641 1264 dictis
656 1195 821 1264 beneficiis
836 1202 976 1264 careant.
995 1195 1035 1264 Et
1049 1196 1093 1264 ita
1108 1202 1218 1264 tenent
1238 1193 1390 1262 doctores

242 1302 453 1371 unanimiter.

290 1412 322 1475 8⁰
340 1409 436 1493 Quod
449 1409 574 1479 dictum
597 1423 642 1478 est
656 1411 695 1480 de
717 1411 871 1480 aduocati
889 1411 992 1504 afficio
1018 1409 1131 1502 quoad
1147 1410 1306 1501 prefatos
1320 1406 1389 1474 cle·

242 1516 336 1599 ricus,
354 1515 442 1586 idem
456 1517 691 1610 applicandum
707 1519 795 1587 vescit
804 1518 1032 1610 procuratoris
1047 1517 1186 1586 monui.
1203 1553 1247 1568 -
1261 1515 1390 1596 Quam·

245 1623 298 1690 vis
311 1623 397 1692 enim
413 1625 448 1693 iu
464 1625 558 1695 toties
573 1626 669 1696 citeto
682 1625 788 1718 cupite
804 1626 920 1697 Clerici
934 1627 978 1717 (1,
988 1625 1074 1694 tituli
1088 1628 1127 1692 37
1133 1623 1228 1714 ‚libri
1243 1625 1257 1689 1
1275 1621 1392 1711 Decr.)

241 1752 309 1798 non
324 1730 388 1798 nisi
403 1731 442 1800 de
458 1732 625 1801 advocatis
639 1755 813 1825 expressus
828 1755 936 1802 sermo
952 1740 1115 1820 occurret,
1133 1754 1171 1800 ee
1186 1740 1293 1800 umen
1307 1750 1392 1796 voce

243 1836 374 1906 videtur
395 1838 561 1929 legislator
576 1851 753 1933 utrumque
775 1841 984 1928 intellexisse,
1000 1863 1075 1908 cum
1100 1862 1161 1931 pro
1185 1845 1323 1927 utroque
1344 1834 1391 1902 ad

244 1945 349 2034 legem
366 1945 533 2016 ferendum
547 1948 689 2016 rationes
704 1971 796 2040 aeque
810 1956 949 2039 urgeant
964 1947 1116 2016 :attentis
1131 1945 1311 2038 praesertim
1326 1965 1394 2010 an-

245 2051 346 2142 tiquis
359 2054 549 2142 canonibus,
566 2055 689 2147 quibus
708 2056 742 2123 in
763 2055 824 2124 boc
846 2056 1017 2146 derogasse
1037 2055 1254 2124 Leteronense
1276 2050 1392 2119 conci-

245 2157 327 2226 lium
343 2161 421 2227 euni
440 2163 522 2228 1179
538 2161 736 2230 censendum
753 2185 819 2230 uon
832 2171 891 2230 est.
907 2163 958 2229 llli
970 2170 1078 2230 eutem
1093 2161 1219 2250 antiqui
1235 2177 1390 2242 renones,

247 2268 466 2354 procuratoris
487 2267 631 2337 officium
654 2277 764 2362 aperte
788 2269 914 2338 clericis
934 2277 1045 2337 vetent
1069 2269 1225 2337 :Placuit
1247 2279 1285 2334 ut
1305 2265 1393 2356 Epi-

247 2393 372 2464 scopus,
389 2375 622 2468 etpresbyteri,
640 2388 671 2444 et
685 2375 815 2445 diaconi
827 2377 879 2446 vel
891 2376 1008 2458 clerici,
1024 2399 1090 2444 non
1102 2376 1167 2442 sint
1228 2394 1395 2465 procura-

249 2489 332 2548 tores
350 2482 478 2572 (coucil.
504 2481 759 2575 Carthaginiense
777 2485 822 2575 3).
845 2483 992 2554 Decrevit
1012 2483 1197 2564 concilium,
1214 2503 1280 2548 uon
1303 2479 1395 2571 Epi-

248 2608 392 2677 scopum,
410 2611 476 2656 nan
501 2590 665 2672 clericum,
687 2614 751 2659 uon
768 2591 964 2660 monachum
1033 2590 1170 2681 nepotiis
1184 2586 1398 2657 secularibus

248 2713 281 2759 se
306 2693 496 2777 immiscere,
521 2711 642 2787 prretcr
664 2697 884 2788 pupillorum,
913 2705 973 2766 etc.
1005 2696 1186 2787 (concilium
1214 2691 1395 2763 Chalcedo-

251 2821 363 2886 ueuse,
377 2823 447 2868 cun.
468 2802 512 2892 3).
532 2804 663 2871 Accedit
678 2805 862 2872 combornis
878 2803 1047 2872 doctorum
1064 2801 1235 2888 sententie,
1250 2800 1307 2892 qui
1323 2798 1395 2865 dic·

251 2912 300 2972 tos
321 2905 359 2974 de
378 2907 544 2976 advocatia
569 2909 672 3000 legeS,
694 2911 789 2980 etiam
813 2910 853 2978 de
875 2910 1093 3002 procuratoris
1115 2931 1249 2977 munere
1271 2906 1397 2974 iutelli-

250 3021 345 3100 gunt,
363 3023 399 3082 ut
414 3015 524 3086 videre
539 3026 587 3086 est
610 3018 644 3086 iu
661 3039 775 3086 eorum
791 3016 1033 3087 commentariis
1048 3017 1090 3086 ad
1107 3016 1219 3086 titulos
1234 3018 1273 3083 37
1289 3022 1321 3084 et
1335 3017 1393 3100 38,

251 3117 327 3186 libri
347 3123 358 3186 l
377 3121 603 3192 Decreteliurn.

795 3328 853 3398 lV.

256 3501 296 3551 An
312 3503 337 3550 et
355 3501 381 3550 iu
397 3500 521 3565 quesere
542 3499 821 3563 mediatariorum
836 3503 860 3550 ct
878 3501 1020 3552 sacerdotes
1033 3503 1130 3565 possint
1147 3515 1199 3550 esse
1217 3502 1402 3564 procuratores

743 3585 769 3632 et
785 3582 913 3632 aduocati.
965 3623 967 3626 .

306 3773 337 3836 1⁰
353 3769 471 3839 Nullus
485 3791 600 3838 eorsum
614 3768 761 3838 advocati
777 3777 833 3837 aut
852 3769 1071 3861 procuratoris
1090 3767 1237 3837 officium
1251 3787 1404 3836 exercere

260 3885 363 3966 potest
378 3889 489 3945 contra
504 3899 597 3946 reum
621 3876 673 3946 cui
697 3876 846 3944 imminet
861 3898 958 3968 poena
979 3875 1164 3966 seoguinis3
1183 3884 1281 3967 prout
1301 3895 1405 3966 supra

262 3983 407 4051 diximus
432 3983 471 4054 de
494 3984 618 4052 clericis
638 3983 671 4051 in
693 3982 874 4052 minoribus
898 3982 1080 4052 constitutis
1100 4009 1107 4049 :
1125 4003 1202 4050 uem
1226 3979 1405 4073 probibitio

262 4089 318 4158 illa
333 4113 445 4158 omnes
460 4091 593 4160 clericos
613 4089 757 4181 attingit.

307 4203 340 4265 2·
352 4197 486 4266 Discoui
497 4207 529 4267 et
541 4197 729 4268 subdiaconi
747 4205 882 4290 possunt
893 4219 961 4266 esse
977 4195 1123 4267 advocati
1135 4203 1167 4266 et
1178 4203 1410 4288 procuratores
