<?xml version="1.0" encoding="UTF-8"?>
<!DOCTYPE html PUBLIC "-//W3C//DTD XHTML 1.0 Transitional//EN"
    "http://www.w3.org/TR/xhtml1/DTD/xhtml1-transitional.dtd">
<html xmlns="http://www.w3.org/1999/xhtml" xml:lang="en" lang="en">
 <head>
  <title>
</title>
<meta http-equiv="Content-Type" content="text/html;charset=utf-8" />
  <meta name='ocr-system' content='tesseract 3.04.00' />
  <meta name='ocr-capabilities' content='ocr_page ocr_carea ocr_par ocr_line ocrx_word'/>
</head>
<body>
  <div class='ocr_page' id='page_1' title='image "./tractatusdejudi01goog_0208.png"; bbox 0 0 3056 4972; ppageno 0'>
   <div class='ocr_carea' id='block_1_1' title="bbox 589 461 1258 529">
    <p class='ocr_par' dir='ltr' id='par_1_1' title="bbox 589 461 1258 529">
     <span class='ocr_line' id='line_1_1' title="bbox 589 461 1258 529; baseline 0 -1"><span class='ocrx_word' id='word_1_1' title='bbox 589 481 665 528; x_wconf 74' lang='lat' dir='ltr'><strong><em>rans</em></strong></span> <span class='ocrx_word' id='word_1_2' title='bbox 689 483 793 528; x_wconf 76' lang='lat' dir='ltr'><strong><em>rama.</em></strong></span> <span class='ocrx_word' id='word_1_3' title='bbox 1198 461 1258 529; x_wconf 83' lang='lat'><strong><em>¹97</em></strong></span> 
     </span>
    </p>
   </div>
   <div class='ocr_carea' id='block_1_2' title="bbox 116 595 1273 3905">
    <p class='ocr_par' dir='ltr' id='par_1_2' title="bbox 116 595 1262 1442">
     <span class='ocr_line' id='line_1_2' title="bbox 117 595 1260 692; baseline 0.005 -26"><span class='ocrx_word' id='word_1_4' title='bbox 117 595 209 688; x_wconf 78' lang='lat' dir='ltr'><strong><em>quod</em></strong></span> <span class='ocrx_word' id='word_1_5' title='bbox 220 599 415 692; x_wconf 77' lang='lat' dir='ltr'><strong><em>quicumque</em></strong></span> <span class='ocrx_word' id='word_1_6' title='bbox 430 601 573 684; x_wconf 75' lang='lat' dir='ltr'><strong><em>clarioris,</em></strong></span> <span class='ocrx_word' id='word_1_7' title='bbox 590 602 642 670; x_wconf 86' lang='lat' dir='ltr'><strong><em>oct</em></strong></span> <span class='ocrx_word' id='word_1_8' title='bbox 654 601 812 683; x_wconf 79' lang='lat' dir='ltr'><strong><em>sacerdos,</em></strong></span> <span class='ocrx_word' id='word_1_9' title='bbox 831 614 889 670; x_wconf 85' lang='lat' dir='ltr'><strong><em>aut</em></strong></span> <span class='ocrx_word' id='word_1_10' title='bbox 912 601 980 671; x_wconf 87' lang='lat' dir='ltr'><strong><em>olio</em></strong></span> <span class='ocrx_word' id='word_1_11' title='bbox 1000 625 1141 692; x_wconf 86' lang='lat' dir='ltr'><strong><em>pcrsouo</em></strong></span> <span class='ocrx_word' id='word_1_12' title='bbox 1161 605 1260 672; x_wconf 85' lang='lat' dir='ltr'><strong><em>cccle-</em></strong></span> 
     </span>
     <span class='ocr_line' id='line_1_3' title="bbox 116 705 1262 802; baseline 0.003 -28"><span class='ocrx_word' id='word_1_13' title='bbox 116 705 252 774; x_wconf 87' lang='lat' dir='ltr'><strong><em>siastico</em></strong></span> <span class='ocrx_word' id='word_1_14' title='bbox 267 709 440 798; x_wconf 85' lang='lat' dir='ltr'><strong><em>postulare</em></strong></span> <span class='ocrx_word' id='word_1_15' title='bbox 462 709 565 800; x_wconf 79' lang='lat' dir='ltr'><em>possit</em></span> <span class='ocrx_word' id='word_1_16' title='bbox 579 709 617 777; x_wconf 86' lang='lat' dir='ltr'><strong><em>iu</em></strong></span> <span class='ocrx_word' id='word_1_17' title='bbox 628 711 703 800; x_wconf 73' lang='lat' dir='ltr'><strong><em>soro</em></strong></span> <span class='ocrx_word' id='word_1_18' title='bbox 722 709 874 778; x_wconf 69' lang='lat' dir='ltr'><strong><em>seculari</em></strong></span> <span class='ocrx_word' id='word_1_19' title='bbox 893 732 956 801; x_wconf 88' lang='lat' dir='ltr'><strong><em>pro</em></strong></span> <span class='ocrx_word' id='word_1_20' title='bbox 972 709 1107 778; x_wconf 80' lang='lat' dir='ltr'><strong><em>ecclesiis</em></strong></span> <span class='ocrx_word' id='word_1_21' title='bbox 1129 711 1262 802; x_wconf 84' lang='lat' dir='ltr'><strong><em>quibus-</em></strong></span> 
     </span>
     <span class='ocr_line' id='line_1_4' title="bbox 118 815 1261 908; baseline 0.005 -28"><span class='ocrx_word' id='word_1_22' title='bbox 118 835 269 904; x_wconf 76' lang='lat' dir='ltr'><strong><em>oramque,</em></strong></span> <span class='ocrx_word' id='word_1_23' title='bbox 280 815 558 907; x_wconf 83' lang='lat' dir='ltr'><strong><em>ecclesiasticisque</em></strong></span> <span class='ocrx_word' id='word_1_24' title='bbox 567 816 712 908; x_wconf 84' lang='lat' dir='ltr'><strong><em>persom&#39;s</em></strong></span> <span class='ocrx_word' id='word_1_25' title='bbox 724 829 753 884; x_wconf 85' lang='lat' dir='ltr'><strong><em>ct</em></strong></span> <span class='ocrx_word' id='word_1_26' title='bbox 764 816 858 884; x_wconf 83' lang='lat' dir='ltr'><strong><em>rebus</em></strong></span> <span class='ocrx_word' id='word_1_27' title='bbox 868 839 993 898; x_wconf 84' lang='lat' dir='ltr'><strong><em>corum,</em></strong></span> <span class='ocrx_word' id='word_1_28' title='bbox 1003 817 1122 908; x_wconf 82' lang='lat' dir='ltr'><strong><em>ubsque</em></strong></span> <span class='ocrx_word' id='word_1_29' title='bbox 1133 840 1261 886; x_wconf 80' lang='lat' dir='ltr'><strong><em>cacom-</em></strong></span> 
     </span>
     <span class='ocr_line' id='line_1_5' title="bbox 120 920 1262 1015; baseline 0.008 -30"><span class='ocrx_word' id='word_1_30' title='bbox 120 920 355 990; x_wconf 82' lang='lat' dir='ltr'><strong><em>manicatiouis</em></strong></span> <span class='ocrx_word' id='word_1_31' title='bbox 376 921 429 990; x_wconf 86' lang='lat' dir='ltr'><strong><em>uel</em></strong></span> <span class='ocrx_word' id='word_1_32' title='bbox 450 922 616 990; x_wconf 74' lang='lat' dir='ltr'><em>interdicti</em></span> <span class='ocrx_word' id='word_1_33' title='bbox 636 922 808 1005; x_wconf 81' lang='lat' dir='ltr'><strong><em>sententio,</em></strong></span> <span class='ocrx_word' id='word_1_34' title='bbox 826 945 881 992; x_wconf 90' lang='lat' dir='ltr'><strong><em>scu</em></strong></span> <span class='ocrx_word' id='word_1_35' title='bbox 903 923 973 992; x_wconf 85' lang='lat' dir='ltr'><strong><em>alio</em></strong></span> <span class='ocrx_word' id='word_1_36' title='bbox 981 945 1045 1015; x_wconf 86' lang='lat' dir='ltr'><strong><em>pro</em></strong></span> <span class='ocrx_word' id='word_1_37' title='bbox 1064 923 1125 992; x_wconf 77' lang='lat' dir='ltr'><strong><em>doc</em></strong></span> <span class='ocrx_word' id='word_1_38' title='bbox 1148 925 1262 994; x_wconf 88' lang='lat' dir='ltr'><strong><em>incur-</em></strong></span> 
     </span>
     <span class='ocr_line' id='line_1_6' title="bbox 120 1025 1260 1122; baseline 0.006 -30"><span class='ocrx_word' id='word_1_39' title='bbox 120 1025 222 1094; x_wconf 83' lang='lat' dir='ltr'><strong><em>rendo</em></strong></span> <span class='ocrx_word' id='word_1_40' title='bbox 236 1025 338 1096; x_wconf 88' lang='lat' dir='ltr'><strong><em>:dum</em></strong></span> <span class='ocrx_word' id='word_1_41' title='bbox 352 1038 462 1096; x_wconf 83' lang='lat' dir='ltr'><strong><em>tamon</em></strong></span> <span class='ocrx_word' id='word_1_42' title='bbox 476 1027 549 1096; x_wconf 83' lang='lat' dir='ltr'><strong><em>iude</em></strong></span> <span class='ocrx_word' id='word_1_43' title='bbox 560 1051 628 1096; x_wconf 87' lang='lat' dir='ltr'><strong><em>uou</em></strong></span> <span class='ocrx_word' id='word_1_44' title='bbox 641 1042 797 1120; x_wconf 84' lang='lat' dir='ltr'><strong><em>sequatur</em></strong></span> <span class='ocrx_word' id='word_1_45' title='bbox 810 1029 946 1122; x_wconf 83' lang='lat' dir='ltr'><strong><em>aliquod</em></strong></span> <span class='ocrx_word' id='word_1_46' title='bbox 956 1030 1091 1111; x_wconf 84' lang='lat' dir='ltr'><strong><em>donum,</em></strong></span> <span class='ocrx_word' id='word_1_47' title='bbox 1100 1031 1260 1122; x_wconf 84' lang='lat' dir='ltr'><strong><em>pretium,</em></strong></span> 
     </span>
     <span class='ocr_line' id='line_1_7' title="bbox 121 1133 1262 1228; baseline 0.007 -29"><span class='ocrx_word' id='word_1_48' title='bbox 121 1133 174 1200; x_wconf 81' lang='lat' dir='ltr'><strong><em>vet</em></strong></span> <span class='ocrx_word' id='word_1_49' title='bbox 180 1135 393 1223; x_wconf 88' lang='lat' dir='ltr'><strong><em>promissum,</em></strong></span> <span class='ocrx_word' id='word_1_50' title='bbox 410 1136 471 1204; x_wconf 88' lang='lat' dir='ltr'><strong><em>etsi</em></strong></span> <span class='ocrx_word' id='word_1_51' title='bbox 484 1159 505 1203; x_wconf 89' lang='lat' dir='ltr'><strong><em>a</em></strong></span> <span class='ocrx_word' id='word_1_52' title='bbox 519 1136 699 1204; x_wconf 77' lang='lat' dir='ltr'><strong><em>volentibus</em></strong></span> <span class='ocrx_word' id='word_1_53' title='bbox 714 1139 903 1228; x_wconf 76' lang='lat' dir='ltr'><strong><em>offerretur.-</em></strong></span> <span class='ocrx_word' id='word_1_54' title='bbox 914 1137 998 1205; x_wconf 87' lang='lat' dir='ltr'><strong><em>alias</em></strong></span> <span class='ocrx_word' id='word_1_55' title='bbox 1013 1137 1132 1207; x_wconf 84' lang='lat' dir='ltr'><strong><em>uostris</em></strong></span> <span class='ocrx_word' id='word_1_56' title='bbox 1142 1140 1262 1208; x_wconf 85' lang='lat' dir='ltr'><strong><em>consti·</em></strong></span> 
     </span>
     <span class='ocr_line' id='line_1_8' title="bbox 121 1241 1259 1334; baseline 0.004 -27"><span class='ocrx_word' id='word_1_57' title='bbox 121 1241 302 1310; x_wconf 78' lang='lat' dir='ltr'><strong><em>tortionibus</em></strong></span> <span class='ocrx_word' id='word_1_58' title='bbox 319 1242 489 1333; x_wconf 70' lang='lat' dir='ltr'><strong><em>prodistis</em></strong></span> <span class='ocrx_word' id='word_1_59' title='bbox 504 1264 600 1334; x_wconf 83' lang='lat' dir='ltr'><strong><em>super</em></strong></span> <span class='ocrx_word' id='word_1_60' title='bbox 613 1243 673 1312; x_wconf 81' lang='lat' dir='ltr'><strong><em>lsoc</em></strong></span> <span class='ocrx_word' id='word_1_61' title='bbox 696 1243 791 1312; x_wconf 89' lang='lat' dir='ltr'><strong><em>editis</em></strong></span> <span class='ocrx_word' id='word_1_62' title='bbox 813 1244 848 1312; x_wconf 88' lang='lat' dir='ltr'><strong><em>iu</em></strong></span> <span class='ocrx_word' id='word_1_63' title='bbox 866 1267 924 1314; x_wconf 88' lang='lat' dir='ltr'><strong><em>suo</em></strong></span> <span class='ocrx_word' id='word_1_64' title='bbox 947 1244 1060 1313; x_wconf 81' lang='lat' dir='ltr'><strong><em>robore</em></strong></span> <span class='ocrx_word' id='word_1_65' title='bbox 1080 1244 1259 1314; x_wconf 76' lang='lat' dir='ltr'><strong><em>duraturis.</em></strong></span> 
     </span>
     <span class='ocr_line' id='line_1_9' title="bbox 124 1349 972 1442; baseline 0.006 -26"><span class='ocrx_word' id='word_1_66' title='bbox 124 1349 237 1438; x_wconf 71' lang='lat' dir='ltr'><strong><em>(Apud</em></strong></span> <span class='ocrx_word' id='word_1_67' title='bbox 250 1349 374 1436; x_wconf 86' lang='lat' dir='ltr'><strong><em>Labbe,</em></strong></span> <span class='ocrx_word' id='word_1_68' title='bbox 389 1359 467 1420; x_wconf 87' lang='lat' dir='ltr'><strong><em>tom.</em></strong></span> <span class='ocrx_word' id='word_1_69' title='bbox 489 1355 544 1435; x_wconf 83' lang='lat'><strong><em>¹5,</em></strong></span> <span class='ocrx_word' id='word_1_70' title='bbox 561 1375 636 1442; x_wconf 82' lang='lat' dir='ltr'><strong><em>pag.</em></strong></span> <span class='ocrx_word' id='word_1_71' title='bbox 655 1355 732 1438; x_wconf 73' lang='lat'><strong><em>342,</em></strong></span> <span class='ocrx_word' id='word_1_72' title='bbox 745 1353 823 1422; x_wconf 87' lang='lat' dir='ltr'><strong><em>edit.</em></strong></span> <span class='ocrx_word' id='word_1_73' title='bbox 841 1352 972 1442; x_wconf 85' lang='lat' dir='ltr'><strong><em>Vonet.)</em></strong></span> 
     </span>
    </p>

    <p class='ocr_par' dir='ltr' id='par_1_3' title="bbox 124 1457 1267 2726">
     <span class='ocr_line' id='line_1_10' title="bbox 172 1457 1262 1550; baseline 0.009 -30"><span class='ocrx_word' id='word_1_74' title='bbox 172 1482 189 1520; x_wconf 79' lang='lat' dir='ltr'><strong><em>a</em></strong></span> <span class='ocrx_word' id='word_1_75' title='bbox 212 1457 248 1524; x_wconf 88' lang='lat' dir='ltr'><strong><em>ln</em></strong></span> <span class='ocrx_word' id='word_1_76' title='bbox 265 1457 400 1526; x_wconf 90' lang='lat' dir='ltr'><strong><em>concilio</em></strong></span> <span class='ocrx_word' id='word_1_77' title='bbox 415 1459 649 1544; x_wconf 84' lang='lat' dir='ltr'><strong><em>Avenionensi,</em></strong></span> <span class='ocrx_word' id='word_1_78' title='bbox 664 1481 751 1528; x_wconf 90' lang='lat' dir='ltr'><strong><em>anno</em></strong></span> <span class='ocrx_word' id='word_1_79' title='bbox 774 1463 872 1546; x_wconf 81' lang='grc'><strong>1326,</strong></span> <span class='ocrx_word' id='word_1_80' title='bbox 889 1459 1101 1546; x_wconf 85' lang='lat' dir='ltr'><strong><em>beneficiarii,</em></strong></span> <span class='ocrx_word' id='word_1_81' title='bbox 1117 1461 1262 1550; x_wconf 78' lang='lat' dir='ltr'><strong><em>regimen</em></strong></span> 
     </span>
     <span class='ocr_line' id='line_1_11' title="bbox 124 1565 1263 1658; baseline 0.009 -32"><span class='ocrx_word' id='word_1_82' title='bbox 124 1589 143 1626; x_wconf 75' lang='lat' dir='ltr'><strong><em>a</em></strong></span> <span class='ocrx_word' id='word_1_83' title='bbox 168 1572 315 1651; x_wconf 82' lang='lat' dir='ltr'><strong><em>gerentes</em></strong></span> <span class='ocrx_word' id='word_1_84' title='bbox 328 1565 526 1653; x_wconf 91' lang='lat' dir='ltr'><strong><em>animarum,</em></strong></span> <span class='ocrx_word' id='word_1_85' title='bbox 542 1566 714 1657; x_wconf 75' lang='lat' dir='ltr'><strong><em>clericique</em></strong></span> <span class='ocrx_word' id='word_1_86' title='bbox 737 1588 903 1634; x_wconf 86' lang='lat' dir='ltr'><strong><em>sacrorum</em></strong></span> <span class='ocrx_word' id='word_1_87' title='bbox 925 1565 1091 1652; x_wconf 87' lang='lat' dir='ltr'><strong><em>ordinum,</em></strong></span> <span class='ocrx_word' id='word_1_88' title='bbox 1109 1567 1263 1658; x_wconf 85' lang='lat' dir='ltr'><strong><em>prohibiti</em></strong></span> 
     </span>
     <span class='ocr_line' id='line_1_12' title="bbox 125 1671 1262 1765; baseline 0.009 -31"><span class='ocrx_word' id='word_1_89' title='bbox 125 1695 143 1732; x_wconf 74' lang='lat' dir='ltr'><strong><em>a</em></strong></span> <span class='ocrx_word' id='word_1_90' title='bbox 169 1680 244 1738; x_wconf 89' lang='lat' dir='ltr'><strong><em>sunt</em></strong></span> <span class='ocrx_word' id='word_1_91' title='bbox 259 1671 293 1738; x_wconf 93' lang='lat' dir='ltr'><strong><em>in</em></strong></span> <span class='ocrx_word' id='word_1_92' title='bbox 304 1674 398 1740; x_wconf 90' lang='lat' dir='ltr'><strong><em>curia</em></strong></span> <span class='ocrx_word' id='word_1_93' title='bbox 409 1671 561 1740; x_wconf 75' lang='lat' dir='ltr'><strong><em>sacculari</em></strong></span> <span class='ocrx_word' id='word_1_94' title='bbox 574 1694 695 1740; x_wconf 91' lang='lat' dir='ltr'><strong><em>munus</em></strong></span> <span class='ocrx_word' id='word_1_95' title='bbox 710 1673 800 1741; x_wconf 85' lang='lat' dir='ltr'><strong><em>adiro</em></strong></span> <span class='ocrx_word' id='word_1_96' title='bbox 816 1673 1046 1763; x_wconf 75' lang='lat' dir='ltr'><strong><em>procuratoris,</em></strong></span> <span class='ocrx_word' id='word_1_97' title='bbox 1057 1675 1195 1763; x_wconf 80' lang='lat' dir='ltr'><strong><em>syndici,</em></strong></span> <span class='ocrx_word' id='word_1_98' title='bbox 1207 1675 1262 1765; x_wconf 87' lang='lat' dir='ltr'><strong><em>ju-</em></strong></span> 
     </span>
     <span class='ocr_line' id='line_1_13' title="bbox 124 1777 1260 1872; baseline 0.008 -32"><span class='ocrx_word' id='word_1_99' title='bbox 124 1803 142 1840; x_wconf 77' lang='lat' dir='ltr'><strong><em>n</em></strong></span> <span class='ocrx_word' id='word_1_100' title='bbox 169 1777 251 1845; x_wconf 89' lang='lat' dir='ltr'><strong><em>dicis</em></strong></span> <span class='ocrx_word' id='word_1_101' title='bbox 266 1789 297 1846; x_wconf 88' lang='lat' dir='ltr'><strong><em>et</em></strong></span> <span class='ocrx_word' id='word_1_102' title='bbox 310 1779 424 1848; x_wconf 85' lang='lat' dir='ltr'><strong><em>ballivi</em></strong></span> <span class='ocrx_word' id='word_1_103' title='bbox 439 1807 446 1846; x_wconf 91' lang='lat'>:</span> <span class='ocrx_word' id='word_1_104' title='bbox 460 1781 509 1848; x_wconf 86' lang='lat' dir='ltr'><strong><em>Ne</em></strong></span> <span class='ocrx_word' id='word_1_105' title='bbox 519 1792 716 1871; x_wconf 86' lang='lat' dir='ltr'><strong><em>procurator</em></strong></span> <span class='ocrx_word' id='word_1_106' title='bbox 729 1779 893 1870; x_wconf 83' lang='lat' dir='ltr'><strong><em>syndicus,</em></strong></span> <span class='ocrx_word' id='word_1_107' title='bbox 906 1780 956 1848; x_wconf 86' lang='lat' dir='ltr'><strong><em>oet</em></strong></span> <span class='ocrx_word' id='word_1_108' title='bbox 969 1792 1071 1861; x_wconf 85' lang='lat' dir='ltr'><strong><em>actor,</em></strong></span> <span class='ocrx_word' id='word_1_109' title='bbox 1087 1781 1260 1872; x_wconf 81' lang='lat' dir='ltr'><strong><em>oeljudcc,</em></strong></span> 
     </span>
     <span class='ocr_line' id='line_1_14' title="bbox 125 1884 1265 1980; baseline 0.006 -30"><span class='ocrx_word' id='word_1_110' title='bbox 125 1911 143 1948; x_wconf 78' lang='lat' dir='ltr'><strong><em>e</em></strong></span> <span class='ocrx_word' id='word_1_111' title='bbox 169 1897 227 1952; x_wconf 88' lang='lat' dir='ltr'><strong><em>out</em></strong></span> <span class='ocrx_word' id='word_1_112' title='bbox 240 1885 377 1954; x_wconf 81' lang='lat' dir='ltr'><strong><em>ballivus</em></strong></span> <span class='ocrx_word' id='word_1_113' title='bbox 388 1885 424 1954; x_wconf 88' lang='lat' dir='ltr'><strong><em>iu</em></strong></span> <span class='ocrx_word' id='word_1_114' title='bbox 434 1884 611 1954; x_wconf 72' lang='lat' dir='ltr'><strong><em>exurenda</em></strong></span> <span class='ocrx_word' id='word_1_115' title='bbox 620 1885 854 1977; x_wconf 85' lang='lat' dir='ltr'><strong><em>jurisdictione</em></strong></span> <span class='ocrx_word' id='word_1_116' title='bbox 864 1885 992 1954; x_wconf 84' lang='lat' dir='ltr'><strong><em>domiui</em></strong></span> <span class='ocrx_word' id='word_1_117' title='bbox 1005 1888 1195 1980; x_wconf 84' lang='lat' dir='ltr'><strong><em>temporalis</em></strong></span> <span class='ocrx_word' id='word_1_118' title='bbox 1202 1911 1265 1979; x_wconf 90' lang='lat' dir='ltr'><strong><em>pro</em></strong></span> 
     </span>
     <span class='ocr_line' id='line_1_15' title="bbox 125 1992 1265 2085; baseline 0.007 -29"><span class='ocrx_word' id='word_1_119' title='bbox 125 2019 143 2056; x_wconf 76' lang='lat' dir='ltr'><strong><em>a</em></strong></span> <span class='ocrx_word' id='word_1_120' title='bbox 170 1992 280 2082; x_wconf 83' lang='lat' dir='ltr'><strong><em>aliquo</em></strong></span> <span class='ocrx_word' id='word_1_121' title='bbox 289 1994 373 2062; x_wconf 86' lang='lat' dir='ltr'><strong><em>laico</em></strong></span> <span class='ocrx_word' id='word_1_122' title='bbox 381 1995 484 2085; x_wconf 80' lang='lat' dir='ltr'><strong><em>possit</em></strong></span> <span class='ocrx_word' id='word_1_123' title='bbox 496 2017 570 2062; x_wconf 88' lang='lat' dir='ltr'><strong><em>esse.</em></strong></span> <span class='ocrx_word' id='word_1_124' title='bbox 581 1993 676 2076; x_wconf 80' lang='lat' dir='ltr'><strong><em>Quod</em></strong></span> <span class='ocrx_word' id='word_1_125' title='bbox 687 1993 773 2062; x_wconf 91' lang='lat' dir='ltr'><strong><em>idem</em></strong></span> <span class='ocrx_word' id='word_1_126' title='bbox 786 1994 950 2062; x_wconf 85' lang='lat' dir='ltr'><strong><em>decretum</em></strong></span> <span class='ocrx_word' id='word_1_127' title='bbox 964 2016 1078 2062; x_wconf 86' lang='lat' dir='ltr'><strong><em>rursus</em></strong></span> <span class='ocrx_word' id='word_1_128' title='bbox 1090 1995 1265 2064; x_wconf 86' lang='lat' dir='ltr'><strong><em>instaurari</em></strong></span> 
     </span>
     <span class='ocr_line' id='line_1_16' title="bbox 126 2101 1267 2191; baseline 0.005 -27"><span class='ocrx_word' id='word_1_129' title='bbox 126 2127 144 2164; x_wconf 76' lang='lat' dir='ltr'><strong><em>a</em></strong></span> <span class='ocrx_word' id='word_1_130' title='bbox 169 2101 289 2191; x_wconf 77' lang='lat' dir='ltr'><strong><em>placuit</em></strong></span> <span class='ocrx_word' id='word_1_131' title='bbox 303 2103 336 2168; x_wconf 94' lang='lat' dir='ltr'><strong><em>in</em></strong></span> <span class='ocrx_word' id='word_1_132' title='bbox 349 2101 485 2170; x_wconf 91' lang='lat' dir='ltr'><strong><em>concilio</em></strong></span> <span class='ocrx_word' id='word_1_133' title='bbox 496 2101 734 2186; x_wconf 83' lang='lat' dir='ltr'><strong><em>Avonionensi,</em></strong></span> <span class='ocrx_word' id='word_1_134' title='bbox 745 2102 825 2169; x_wconf 89' lang='lat' dir='ltr'><strong><em>anui</em></strong></span> <span class='ocrx_word' id='word_1_135' title='bbox 840 2105 935 2170; x_wconf 75' lang='lat'><strong>1³37.</strong></span> <span class='ocrx_word' id='word_1_136' title='bbox 948 2102 1094 2184; x_wconf 81' lang='lat' dir='ltr'><strong><em>Quorum</em></strong></span> <span class='ocrx_word' id='word_1_137' title='bbox 1106 2103 1267 2170; x_wconf 85' lang='lat' dir='ltr'><strong><em>sententia</em></strong></span> 
     </span>
     <span class='ocr_line' id='line_1_17' title="bbox 126 2207 1263 2300; baseline 0.004 -28"><span class='ocrx_word' id='word_1_138' title='bbox 126 2235 144 2272; x_wconf 81' lang='lat' dir='ltr'><strong><em>a</em></strong></span> <span class='ocrx_word' id='word_1_139' title='bbox 169 2229 330 2277; x_wconf 89' lang='lat' dir='ltr'><strong><em>canonum</em></strong></span> <span class='ocrx_word' id='word_1_140' title='bbox 347 2211 443 2300; x_wconf 89' lang='lat' dir='ltr'><strong><em>paulo</em></strong></span> <span class='ocrx_word' id='word_1_141' title='bbox 457 2210 629 2300; x_wconf 88' lang='lat' dir='ltr'><strong><em>eliquatior</em></strong></span> <span class='ocrx_word' id='word_1_142' title='bbox 639 2209 672 2276; x_wconf 94' lang='lat' dir='ltr'><strong><em>iu</em></strong></span> <span class='ocrx_word' id='word_1_143' title='bbox 682 2209 818 2278; x_wconf 88' lang='lat' dir='ltr'><strong><em>concilio</em></strong></span> <span class='ocrx_word' id='word_1_144' title='bbox 831 2207 1055 2292; x_wconf 85' lang='lat' dir='ltr'><strong><em>Lavauriensi,</em></strong></span> <span class='ocrx_word' id='word_1_145' title='bbox 1065 2231 1152 2277; x_wconf 88' lang='lat' dir='ltr'><strong><em>anno</em></strong></span> <span class='ocrx_word' id='word_1_146' title='bbox 1166 2212 1263 2294; x_wconf 83' lang='grc'><strong>1368,</strong></span> 
     </span>
     <span class='ocr_line' id='line_1_18' title="bbox 126 2313 1266 2408; baseline 0.004 -28"><span class='ocrx_word' id='word_1_147' title='bbox 126 2341 145 2380; x_wconf 80' lang='lat' dir='ltr'><strong><em>a</em></strong></span> <span class='ocrx_word' id='word_1_148' title='bbox 169 2337 291 2384; x_wconf 87' lang='lat' dir='ltr'><strong><em>canona</em></strong></span> <span class='ocrx_word' id='word_1_149' title='bbox 308 2319 348 2384; x_wconf 84' lang='grc'><strong><em>32</em></strong></span> <span class='ocrx_word' id='word_1_150' title='bbox 366 2344 373 2384; x_wconf 91' lang='lat'><strong>:</strong></span> <span class='ocrx_word' id='word_1_151' title='bbox 393 2319 442 2386; x_wconf 87' lang='lat' dir='ltr'><strong><em>Nc</em></strong></span> <span class='ocrx_word' id='word_1_152' title='bbox 453 2317 555 2407; x_wconf 82' lang='lat' dir='ltr'><strong><em>possit</em></strong></span> <span class='ocrx_word' id='word_1_153' title='bbox 568 2338 632 2384; x_wconf 86' lang='lat' dir='ltr'><strong><em>esse</em></strong></span> <span class='ocrx_word' id='word_1_154' title='bbox 641 2329 852 2407; x_wconf 86' lang='lat' dir='ltr'><strong><em>procurator,</em></strong></span> <span class='ocrx_word' id='word_1_155' title='bbox 865 2313 1015 2406; x_wconf 84' lang='lat' dir='ltr'><strong><em>syndicus</em></strong></span> <span class='ocrx_word' id='word_1_156' title='bbox 1032 2315 1083 2383; x_wconf 86' lang='lat' dir='ltr'><strong><em>oet</em></strong></span> <span class='ocrx_word' id='word_1_157' title='bbox 1100 2329 1192 2383; x_wconf 86' lang='lat' dir='ltr'><strong><em>octor</em></strong></span> <span class='ocrx_word' id='word_1_158' title='bbox 1199 2340 1266 2408; x_wconf 84' lang='lat' dir='ltr'><strong><em>pro</em></strong></span> 
     </span>
     <span class='ocr_line' id='line_1_19' title="bbox 127 2421 1265 2514; baseline 0.006 -30"><span class='ocrx_word' id='word_1_159' title='bbox 127 2449 145 2484; x_wconf 75' lang='lat' dir='ltr'><strong><em>a</em></strong></span> <span class='ocrx_word' id='word_1_160' title='bbox 169 2421 280 2512; x_wconf 82' lang='lat' dir='ltr'><strong><em>aliquo</em></strong></span> <span class='ocrx_word' id='word_1_161' title='bbox 296 2422 391 2504; x_wconf 86' lang='lat' dir='ltr'><strong><em>laico,</em></strong></span> <span class='ocrx_word' id='word_1_162' title='bbox 403 2423 469 2491; x_wconf 86' lang='lat' dir='ltr'><strong><em>uisi</em></strong></span> <span class='ocrx_word' id='word_1_163' title='bbox 480 2423 516 2490; x_wconf 89' lang='lat' dir='ltr'><strong><em>iu</em></strong></span> <span class='ocrx_word' id='word_1_164' title='bbox 532 2423 656 2491; x_wconf 78' lang='lat' dir='ltr'><strong><em>casibus</em></strong></span> <span class='ocrx_word' id='word_1_165' title='bbox 668 2447 689 2491; x_wconf 88' lang='lat' dir='ltr'><strong><em>o</em></strong></span> <span class='ocrx_word' id='word_1_166' title='bbox 698 2423 780 2514; x_wconf 88' lang='lat' dir='ltr'><strong><em>jure</em></strong></span> <span class='ocrx_word' id='word_1_167' title='bbox 794 2423 950 2513; x_wconf 70' lang='lat' dir='ltr'><strong><em>expressis</em></strong></span> <span class='ocrx_word' id='word_1_168' title='bbox 959 2446 972 2503; x_wconf 92' lang='lat'><em>;</em></span> <span class='ocrx_word' id='word_1_169' title='bbox 985 2421 1152 2512; x_wconf 77' lang='lat' dir='ltr'><strong><em>oeljudorr</em></strong></span> <span class='ocrx_word' id='word_1_170' title='bbox 1165 2424 1265 2492; x_wconf 85' lang='lat' dir='ltr'><strong><em>etiam</em></strong></span> 
     </span>
     <span class='ocr_line' id='line_1_20' title="bbox 127 2527 1260 2620; baseline 0.003 -28"><span class='ocrx_word' id='word_1_171' title='bbox 127 2555 145 2592; x_wconf 72' lang='lat' dir='ltr'><strong><em>a</em></strong></span> <span class='ocrx_word' id='word_1_172' title='bbox 171 2528 222 2596; x_wconf 84' lang='lat' dir='ltr'><strong><em>oei</em></strong></span> <span class='ocrx_word' id='word_1_173' title='bbox 234 2528 372 2598; x_wconf 83' lang='lat' dir='ltr'><strong><em>ballivus</em></strong></span> <span class='ocrx_word' id='word_1_174' title='bbox 388 2530 421 2597; x_wconf 86' lang='lat' dir='ltr'><strong><em>iu</em></strong></span> <span class='ocrx_word' id='word_1_175' title='bbox 439 2527 615 2598; x_wconf 71' lang='lat' dir='ltr'><strong><em>exurenda</em></strong></span> <span class='ocrx_word' id='word_1_176' title='bbox 633 2527 865 2620; x_wconf 81' lang='lat' dir='ltr'><strong><em>jurisdictione</em></strong></span> <span class='ocrx_word' id='word_1_177' title='bbox 884 2527 1010 2596; x_wconf 86' lang='lat' dir='ltr'><strong><em>domiui</em></strong></span> <span class='ocrx_word' id='word_1_178' title='bbox 1025 2529 1224 2620; x_wconf 84' lang='lat' dir='ltr'><strong><em>temporalis.</em></strong></span> <span class='ocrx_word' id='word_1_179' title='bbox 1245 2555 1260 2594; x_wconf 77' lang='lat' dir='ltr'><strong><em>s</em></strong></span> 
     </span>
     <span class='ocr_line' id='line_1_21' title="bbox 125 2634 611 2726; baseline 0.004 -24"><span class='ocrx_word' id='word_1_180' title='bbox 125 2634 386 2724; x_wconf 59' lang='lat' dir='ltr'><strong><em>[Thomassinus</em></strong></span> <span class='ocrx_word' id='word_1_181' title='bbox 402 2637 473 2704; x_wconf 91' lang='lat' dir='ltr'><strong><em>loco</em></strong></span> <span class='ocrx_word' id='word_1_182' title='bbox 487 2637 611 2726; x_wconf 87' lang='lat' dir='ltr'><strong><em>citato.)</em></strong></span> 
     </span>
    </p>

    <p class='ocr_par' dir='ltr' id='par_1_4' title="bbox 123 2743 1268 3480">
     <span class='ocr_line' id='line_1_22' title="bbox 170 2743 1262 2836; baseline -0.001 -24"><span class='ocrx_word' id='word_1_183' title='bbox 170 2743 350 2813; x_wconf 85' lang='lat' dir='ltr'><strong><em>Concilium</em></strong></span> <span class='ocrx_word' id='word_1_184' title='bbox 364 2743 593 2812; x_wconf 84' lang='lat' dir='ltr'><strong><em>Tridentinuns</em></strong></span> <span class='ocrx_word' id='word_1_185' title='bbox 614 2743 697 2811; x_wconf 91' lang='lat' dir='ltr'><strong><em>nihil</em></strong></span> <span class='ocrx_word' id='word_1_186' title='bbox 720 2744 827 2834; x_wconf 89' lang='lat' dir='ltr'><strong><em>quoad</em></strong></span> <span class='ocrx_word' id='word_1_187' title='bbox 844 2743 927 2812; x_wconf 91' lang='lat' dir='ltr'><strong><em>hanc</em></strong></span> <span class='ocrx_word' id='word_1_188' title='bbox 943 2743 1122 2835; x_wconf 73' lang='lat' dir='ltr'><strong><em>disciplina</em></strong></span> <span class='ocrx_word' id='word_1_189' title='bbox 1138 2752 1262 2836; x_wconf 87' lang='lat' dir='ltr'><strong><em>partem</em></strong></span> 
     </span>
     <span class='ocr_line' id='line_1_23' title="bbox 123 2849 1267 2937; baseline 0 -19"><span class='ocrx_word' id='word_1_190' title='bbox 123 2851 307 2937; x_wconf 78' lang='lat' dir='ltr'><strong><em>innovavit,</em></strong></span> <span class='ocrx_word' id='word_1_191' title='bbox 323 2851 380 2918; x_wconf 86' lang='lat' dir='ltr'><strong><em>sed</em></strong></span> <span class='ocrx_word' id='word_1_192' title='bbox 400 2849 608 2920; x_wconf 86' lang='lat' dir='ltr'><strong><em>confirmavit</em></strong></span> <span class='ocrx_word' id='word_1_193' title='bbox 629 2850 802 2919; x_wconf 81' lang='lat' dir='ltr'><strong><em>dumtaxat</em></strong></span> <span class='ocrx_word' id='word_1_194' title='bbox 826 2851 1070 2920; x_wconf 80' lang='lat' dir='ltr'><strong><em>constitutiones</em></strong></span> <span class='ocrx_word' id='word_1_195' title='bbox 1083 2859 1115 2918; x_wconf 90' lang='lat' dir='ltr'><strong><em>ct</em></strong></span> <span class='ocrx_word' id='word_1_196' title='bbox 1129 2874 1267 2920; x_wconf 85' lang='lat' dir='ltr'><strong><em>canones</em></strong></span> 
     </span>
     <span class='ocr_line' id='line_1_24' title="bbox 123 2957 1267 3051; baseline 0 -25"><span class='ocrx_word' id='word_1_197' title='bbox 123 2958 185 3026; x_wconf 85' lang='lat' dir='ltr'><strong><em>hac</em></strong></span> <span class='ocrx_word' id='word_1_198' title='bbox 200 2958 240 3026; x_wconf 87' lang='lat' dir='ltr'><strong><em>dc</em></strong></span> <span class='ocrx_word' id='word_1_199' title='bbox 254 2981 289 3026; x_wconf 90' lang='lat' dir='ltr'><strong><em>rc</em></strong></span> <span class='ocrx_word' id='word_1_200' title='bbox 304 2957 407 3027; x_wconf 88' lang='lat' dir='ltr'><strong><em>editos</em></strong></span> <span class='ocrx_word' id='word_1_201' title='bbox 422 2986 428 3025; x_wconf 92' lang='lat'>:</span> <span class='ocrx_word' id='word_1_202' title='bbox 449 2985 466 3022; x_wconf 83' lang='lat' dir='ltr'><strong><em>a</em></strong></span> <span class='ocrx_word' id='word_1_203' title='bbox 480 2957 600 3026; x_wconf 83' lang='lat' dir='ltr'><strong><em>Statuit</em></strong></span> <span class='ocrx_word' id='word_1_204' title='bbox 614 2967 723 3026; x_wconf 89' lang='lat' dir='ltr'><strong><em>sanctu</em></strong></span> <span class='ocrx_word' id='word_1_205' title='bbox 738 2959 897 3048; x_wconf 84' lang='lat' dir='ltr'><strong><em>synodus,</em></strong></span> <span class='ocrx_word' id='word_1_206' title='bbox 911 2969 948 3027; x_wconf 92' lang='lat' dir='ltr'><strong><em>ut</em></strong></span> <span class='ocrx_word' id='word_1_207' title='bbox 962 2981 1036 3051; x_wconf 79' lang='lat' dir='ltr'><strong><em>qum</em></strong></span> <span class='ocrx_word' id='word_1_208' title='bbox 1050 2959 1129 3026; x_wconf 88' lang='lat' dir='ltr'><strong><em>alias</em></strong></span> <span class='ocrx_word' id='word_1_209' title='bbox 1142 2982 1162 3027; x_wconf 85' lang='lat' dir='ltr'><strong><em>a</em></strong></span> <span class='ocrx_word' id='word_1_210' title='bbox 1174 2982 1267 3027; x_wconf 88' lang='lat' dir='ltr'><strong><em>sum-</em></strong></span> 
     </span>
     <span class='ocr_line' id='line_1_25' title="bbox 127 3065 1263 3150; baseline 0.003 -19"><span class='ocrx_word' id='word_1_211' title='bbox 127 3095 145 3130; x_wconf 80' lang='lat'>«</span> <span class='ocrx_word' id='word_1_212' title='bbox 171 3065 232 3133; x_wconf 90' lang='lat' dir='ltr'><strong><em>mis</em></strong></span> <span class='ocrx_word' id='word_1_213' title='bbox 248 3065 459 3134; x_wconf 80' lang='lat' dir='ltr'><strong><em>Pontificibus</em></strong></span> <span class='ocrx_word' id='word_1_214' title='bbox 478 3074 509 3134; x_wconf 86' lang='lat' dir='ltr'><strong><em>et</em></strong></span> <span class='ocrx_word' id='word_1_215' title='bbox 528 3089 547 3134; x_wconf 90' lang='lat' dir='ltr'><strong><em>a</em></strong></span> <span class='ocrx_word' id='word_1_216' title='bbox 570 3066 670 3134; x_wconf 86' lang='lat' dir='ltr'><strong><em>sacris</em></strong></span> <span class='ocrx_word' id='word_1_217' title='bbox 686 3067 839 3134; x_wconf 77' lang='lat' dir='ltr'><strong><em>Consiliis</em></strong></span> <span class='ocrx_word' id='word_1_218' title='bbox 863 3065 904 3134; x_wconf 88' lang='lat' dir='ltr'><strong><em>da</em></strong></span> <span class='ocrx_word' id='word_1_219' title='bbox 925 3065 1118 3135; x_wconf 85' lang='lat' dir='ltr'><strong><em>clericorum</em></strong></span> <span class='ocrx_word' id='word_1_220' title='bbox 1134 3066 1263 3150; x_wconf 88' lang='lat' dir='ltr'><strong><em>vita...,</em></strong></span> 
     </span>
     <span class='ocr_line' id='line_1_26' title="bbox 127 3170 1267 3263; baseline 0.003 -25"><span class='ocrx_word' id='word_1_221' title='bbox 127 3200 146 3238; x_wconf 76' lang='lat' dir='ltr'><strong><em>a</em></strong></span> <span class='ocrx_word' id='word_1_222' title='bbox 170 3195 296 3242; x_wconf 88' lang='lat' dir='ltr'><strong><em>necnon</em></strong></span> <span class='ocrx_word' id='word_1_223' title='bbox 311 3173 523 3242; x_wconf 78' lang='lat' dir='ltr'><strong><em>scaoulmibus</em></strong></span> <span class='ocrx_word' id='word_1_224' title='bbox 538 3172 677 3263; x_wconf 78' lang='lat' dir='ltr'><strong><em>nogotiis</em></strong></span> <span class='ocrx_word' id='word_1_225' title='bbox 696 3170 872 3262; x_wconf 78' lang='lat' dir='ltr'><strong><em>fugiendis,</em></strong></span> <span class='ocrx_word' id='word_1_226' title='bbox 888 3173 1014 3263; x_wconf 83' lang='lat' dir='ltr'><strong><em>copioso</em></strong></span> <span class='ocrx_word' id='word_1_227' title='bbox 1038 3195 1075 3240; x_wconf 89' lang='lat' dir='ltr'><strong><em>ac</em></strong></span> <span class='ocrx_word' id='word_1_228' title='bbox 1096 3171 1267 3241; x_wconf 79' lang='lat' dir='ltr'><strong><em>salubriter</em></strong></span> 
     </span>
     <span class='ocr_line' id='line_1_27' title="bbox 127 3279 1268 3371; baseline 0.003 -25"><span class='ocrx_word' id='word_1_229' title='bbox 127 3309 146 3346; x_wconf 83' lang='lat' dir='ltr'><strong><em>a</em></strong></span> <span class='ocrx_word' id='word_1_230' title='bbox 170 3281 292 3350; x_wconf 88' lang='lat' dir='ltr'><strong><em>sancita</em></strong></span> <span class='ocrx_word' id='word_1_231' title='bbox 317 3289 406 3366; x_wconf 90' lang='lat' dir='ltr'><strong><em>sunt,</em></strong></span> <span class='ocrx_word' id='word_1_232' title='bbox 429 3280 542 3349; x_wconf 85' lang='lat' dir='ltr'><strong><em>eadem</em></strong></span> <span class='ocrx_word' id='word_1_233' title='bbox 566 3281 600 3347; x_wconf 94' lang='lat' dir='ltr'><strong><em>in</em></strong></span> <span class='ocrx_word' id='word_1_234' title='bbox 625 3289 805 3371; x_wconf 86' lang='lat' dir='ltr'><strong><em>posterum,</em></strong></span> <span class='ocrx_word' id='word_1_235' title='bbox 826 3279 941 3348; x_wconf 87' lang='lat' dir='ltr'><strong><em>iisdem</em></strong></span> <span class='ocrx_word' id='word_1_236' title='bbox 958 3281 1063 3371; x_wconf 85' lang='lat' dir='ltr'><strong><em>poenis</em></strong></span> <span class='ocrx_word' id='word_1_237' title='bbox 1077 3332 1130 3366; x_wconf 90' lang='lat'><strong><em>...,</em></strong></span> <span class='ocrx_word' id='word_1_238' title='bbox 1153 3281 1268 3350; x_wconf 68' lang='lat' dir='ltr'><strong><em>oloser-</em></strong></span> 
     </span>
     <span class='ocr_line' id='line_1_28' title="bbox 127 3387 737 3480; baseline 0.005 -27"><span class='ocrx_word' id='word_1_239' title='bbox 127 3416 146 3453; x_wconf 84' lang='lat' dir='ltr'><strong><em>a</em></strong></span> <span class='ocrx_word' id='word_1_240' title='bbox 171 3401 299 3458; x_wconf 84' lang='lat' dir='ltr'><strong><em>ventur.</em></strong></span> <span class='ocrx_word' id='word_1_241' title='bbox 319 3417 335 3453; x_wconf 74' lang='lat' dir='ltr'><strong><em>&gt;r</em></strong></span> <span class='ocrx_word' id='word_1_242' title='bbox 357 3389 454 3480; x_wconf 77' lang='lat' dir='ltr'><strong><em>(Sess.</em></strong></span> <span class='ocrx_word' id='word_1_243' title='bbox 478 3393 533 3474; x_wconf 90' lang='grc'><strong><em>22,</em></strong></span> <span class='ocrx_word' id='word_1_244' title='bbox 548 3411 576 3455; x_wconf 91' lang='lat' dir='ltr'><strong><em>c.</em></strong></span> <span class='ocrx_word' id='word_1_245' title='bbox 597 3387 737 3476; x_wconf 81' lang='lat' dir='ltr'><strong><em>idoli.)</em></strong></span> 
     </span>
    </p>

    <p class='ocr_par' dir='ltr' id='par_1_5' title="bbox 124 3493 1273 3905">
     <span class='ocr_line' id='line_1_29' title="bbox 171 3493 1267 3587; baseline -0.001 -24"><span class='ocrx_word' id='word_1_246' title='bbox 171 3497 208 3564; x_wconf 92' lang='lat' dir='ltr'><strong><em>ln</em></strong></span> <span class='ocrx_word' id='word_1_247' title='bbox 232 3497 367 3564; x_wconf 88' lang='lat' dir='ltr'><strong><em>concilio</em></strong></span> <span class='ocrx_word' id='word_1_248' title='bbox 391 3494 625 3564; x_wconf 82' lang='lat' dir='ltr'><strong><em>Mediolanensi</em></strong></span> <span class='ocrx_word' id='word_1_249' title='bbox 647 3499 664 3562; x_wconf 83' lang='lat' dir='ltr'><strong><em>t</em></strong></span> <span class='ocrx_word' id='word_1_250' title='bbox 687 3495 779 3583; x_wconf 74' lang='lat' dir='ltr'><strong><em>(Acta</em></strong></span> <span class='ocrx_word' id='word_1_251' title='bbox 802 3493 876 3563; x_wconf 86' lang='lat' dir='ltr'><strong><em>ecci.</em></strong></span> <span class='ocrx_word' id='word_1_252' title='bbox 900 3495 1047 3577; x_wconf 76' lang='lat' dir='ltr'><strong><em>Mediol,</em></strong></span> <span class='ocrx_word' id='word_1_253' title='bbox 1065 3519 1099 3587; x_wconf 90' lang='lat' dir='ltr'><strong><em>p.</em></strong></span> <span class='ocrx_word' id='word_1_254' title='bbox 1118 3500 1173 3580; x_wconf 87' lang='grc'><strong><em>20,</em></strong></span> <span class='ocrx_word' id='word_1_255' title='bbox 1192 3499 1267 3585; x_wconf 76' lang='grc'><strong>268)</strong></span> 
     </span>
     <span class='ocr_line' id='line_1_30' title="bbox 124 3601 1268 3692; baseline -0.003 -20"><span class='ocrx_word' id='word_1_256' title='bbox 124 3605 167 3672; x_wconf 88' lang='lat' dir='ltr'><strong><em>ad</em></strong></span> <span class='ocrx_word' id='word_1_257' title='bbox 190 3603 324 3672; x_wconf 87' lang='lat' dir='ltr'><strong><em>clericos</em></strong></span> <span class='ocrx_word' id='word_1_258' title='bbox 345 3603 510 3670; x_wconf 89' lang='lat' dir='ltr'><strong><em>minorum</em></strong></span> <span class='ocrx_word' id='word_1_259' title='bbox 532 3601 699 3687; x_wconf 85' lang='lat' dir='ltr'><strong><em>ordinum,</em></strong></span> <span class='ocrx_word' id='word_1_260' title='bbox 716 3624 903 3692; x_wconf 87' lang='lat' dir='ltr'><strong><em>quanquam</em></strong></span> <span class='ocrx_word' id='word_1_261' title='bbox 924 3603 1081 3672; x_wconf 78' lang='lat' dir='ltr'><strong><em>beneficio</em></strong></span> <span class='ocrx_word' id='word_1_262' title='bbox 1108 3610 1268 3692; x_wconf 84' lang='lat' dir='ltr'><strong><em>expertes,</em></strong></span> 
     </span>
     <span class='ocr_line' id='line_1_31' title="bbox 124 3708 1273 3800; baseline -0.001 -22"><span class='ocrx_word' id='word_1_263' title='bbox 124 3721 261 3778; x_wconf 82' lang='lat' dir='ltr'><strong><em>extensa</em></strong></span> <span class='ocrx_word' id='word_1_264' title='bbox 278 3709 340 3776; x_wconf 88' lang='lat' dir='ltr'><strong><em>luit</em></strong></span> <span class='ocrx_word' id='word_1_265' title='bbox 360 3708 551 3800; x_wconf 88' lang='lat' dir='ltr'><strong><em>prohibitio,</em></strong></span> <span class='ocrx_word' id='word_1_266' title='bbox 567 3731 608 3776; x_wconf 87' lang='lat' dir='ltr'><strong><em>nc</em></strong></span> <span class='ocrx_word' id='word_1_267' title='bbox 628 3718 854 3798; x_wconf 84' lang='lat' dir='ltr'><strong><em>procuratores</em></strong></span> <span class='ocrx_word' id='word_1_268' title='bbox 874 3721 980 3777; x_wconf 82' lang='lat' dir='ltr'><strong><em>assant</em></strong></span> <span class='ocrx_word' id='word_1_269' title='bbox 996 3711 1048 3779; x_wconf 87' lang='lat' dir='ltr'><strong><em>vel</em></strong></span> <span class='ocrx_word' id='word_1_270' title='bbox 1071 3709 1217 3778; x_wconf 85' lang='lat' dir='ltr'><strong><em>advocati</em></strong></span> <span class='ocrx_word' id='word_1_271' title='bbox 1237 3713 1273 3777; x_wconf 89' lang='lat' dir='ltr'><strong><em>in</em></strong></span> 
     </span>
     <span class='ocr_line' id='line_1_32' title="bbox 124 3812 945 3905; baseline 0.001 -24"><span class='ocrx_word' id='word_1_272' title='bbox 124 3814 201 3882; x_wconf 84' lang='lat' dir='ltr'><strong><em>loro</em></strong></span> <span class='ocrx_word' id='word_1_273' title='bbox 219 3813 383 3900; x_wconf 78' lang='lat' dir='ltr'><strong><em>saeculari,</em></strong></span> <span class='ocrx_word' id='word_1_274' title='bbox 401 3812 464 3882; x_wconf 88' lang='lat' dir='ltr'><strong><em>nisi</em></strong></span> <span class='ocrx_word' id='word_1_275' title='bbox 477 3813 511 3880; x_wconf 91' lang='lat' dir='ltr'><strong><em>in</em></strong></span> <span class='ocrx_word' id='word_1_276' title='bbox 527 3813 656 3881; x_wconf 87' lang='lat' dir='ltr'><strong><em>casibus</em></strong></span> <span class='ocrx_word' id='word_1_277' title='bbox 670 3835 689 3880; x_wconf 89' lang='lat' dir='ltr'><strong><em>a</em></strong></span> <span class='ocrx_word' id='word_1_278' title='bbox 701 3813 775 3904; x_wconf 86' lang='lat' dir='ltr'><strong><em>jure</em></strong></span> <span class='ocrx_word' id='word_1_279' title='bbox 789 3815 945 3905; x_wconf 82' lang='lat' dir='ltr'><strong><em>exceptis.</em></strong></span> 
     </span>
    </p>
   </div>
   <div class='ocr_carea' id='block_1_3' title="bbox 0 0 1535 4972">
    <p class='ocr_par' dir='ltr' id='par_1_6' title="bbox 0 0 1535 4972">
     <span class='ocr_line' id='line_1_33' title="bbox 0 0 1535 4972; baseline 0 0"><span class='ocrx_word' id='word_1_280' title='bbox 0 0 1535 4972; x_wconf 95' lang='lat' dir='ltr'><strong><em> </em></strong></span> 
     </span>
    </p>
   </div>
  </div>
 </body>
</html>
