3046 4968
585 463 658 508 runs
686 463 789 510 ruunt.
1209 447 1246 510 nt

115 580 196 648 citer
212 603 277 649 non
298 582 415 650 habere
442 589 628 674 potestatem
653 584 742 652 illam
767 607 895 652 causam
918 583 1096 677 judicandi.
1115 586 1249 655 Admit-

114 689 212 756 tenda
228 712 306 780 ergo
321 691 406 760 inter
423 691 504 760 duas
524 700 695 782 potestates
715 691 852 782 praelata
871 691 1111 778 subordinati0;
1128 702 1160 761 et
1175 703 1252 760 tunc

116 819 183 866 non
205 819 351 890 aequum,
372 799 427 866 sed
455 799 604 890 iniquum
630 797 892 888 deprehenditur,
910 799 996 890 quod
1021 801 1056 867 in
1076 800 1255 892 objectione

116 906 321 996 proponitur.

163 1012 305 1103 objicies
330 1017 374 1080 3⁰.
403 1015 566 1083 Cononem
588 1016 655 1084 Nos
680 1015 710 1081 si
733 1015 986 1106 incompetenter
1009 1015 1074 1106 (tl,
1090 1037 1196 1082 causae
1218 1019 1251 1102 2,

114 1122 307 1210 questionis
322 1121 353 1211 7)
372 1120 485 1213 inquo
501 1121 566 1189 Leo
579 1121 667 1210 Papa
682 1121 729 1188 IV
746 1121 790 1188 sic
806 1121 1010 1190 Ludovieum
1026 1123 1253 1212 imperatorem

114 1227 295 1319 alloquitur
312 1256 319 1294 :
337 1231 403 1300 Nos
418 1228 711 1320 siincompetcnter
726 1227 856 1318 aliquid
868 1229 1003 1320 cpimm,
1019 1243 1050 1298 ct
1070 1231 1104 1296 in
1118 1228 1254 1297 sudditis
1343 1233 1348 1246 ⁴

108 1335 214 1424 justee
234 1335 314 1426 lepis
333 1336 501 1403 tramitem
522 1357 589 1402 non
609 1334 877 1416 conservavimus,
896 1349 999 1404 oestro
1022 1358 1061 1403 oc
1082 1336 1254 1404 missorum

114 1454 300 1510 oestrcmm
314 1453 427 1510 cuncto
448 1443 597 1510 oolrcmm
620 1441 792 1510 emendare
812 1442 954 1532 jndicio.
973 1442 1015 1510 Et
1039 1451 1148 1533 postea
1171 1443 1256 1510 mitti

113 1549 156 1616 ab
171 1549 368 1640 imperatore
382 1549 521 1640 postulat
532 1547 671 1639 judices,
685 1557 805 1616 testans
817 1571 851 1616 se
863 1548 946 1616 velle
961 1549 1002 1618 ab
1016 1550 1062 1618 eis
1077 1549 1257 1618 examinari

114 1666 145 1724 et
157 1656 313 1747 judicari.
328 1656 415 1745 Ergo
430 1655 564 1746 agnovit
575 1655 641 1724 Leo
657 1655 702 1724 lv
718 1655 759 1722 ad
774 1655 963 1724 saeoulerem
978 1664 1166 1746 potestatem
1182 1677 1257 1747 per-

113 1764 219 1830 tinere
234 1761 394 1830 decausis
414 1762 648 1846 ecclesiasticis,
667 1761 735 1830 imo
750 1768 781 1829 et
796 1761 829 1829 in
847 1763 955 1852 ipsum
974 1761 1109 1851 Papam,
1128 1772 1256 1830 senten-

114 1871 195 1938 tiam
211 1871 309 1940 ferre.
326 1909 370 1922 -
393 1869 584 1960 Respondeo
606 1869 798 1960 praedictum
822 1869 1011 1937 Pontificem
1034 1892 1114 1956 sese,
1132 1893 1172 1937 ex
1195 1870 1257 1938 bu-

115 1978 251 2046 militate
279 1987 312 2046 et
340 1986 377 2045 ut
410 1977 607 2068 suspiciones
636 1984 667 2042 et
693 1978 841 2068 querelas
880 1985 992 2044 contra
1028 1978 1134 2068 ipsum
1172 1987 1259 2045 ortas

115 2085 235 2152 melius
259 2084 440 2176 repelleret,
465 2083 654 2152 submisisse
679 2082 803 2173 judicio
832 2083 1039 2174 imperatoris
1066 2085 1255 2164 arbitrario,

113 2201 308 2262 nouantem
329 2191 484 2260 coactiva.
502 2191 611 2258 Potest
626 2198 737 2258 autem
758 2190 895 2281 quilibet
914 2190 1063 2281 superior
1079 2191 1141 2258 sibi
1163 2214 1258 2259 assu-

115 2321 206 2368 mere
224 2297 371 2367 subditos
389 2321 465 2366 suos
486 2306 641 2388 tanquam
662 2296 800 2364 arbitros
825 2296 867 2363 ad
890 2296 1145 2364 examinandam
1160 2321 1257 2366 aecu-

113 2408 275 2476 sationem
301 2415 412 2474 contra
437 2407 545 2496 ipsum
572 2403 743 2494 prolatum,
759 2404 841 2495 quin
859 2425 917 2493 per
934 2402 995 2470 hoc
1015 2403 1117 2471 ullam
1140 2428 1255 2473 eorum

113 2516 149 2582 in
165 2515 311 2604 seipsum
329 2511 588 2604 jurisdictionem
608 2519 772 2600 agnoscat.
790 2511 863 2579 Nou
887 2509 973 2578 dixit
991 2509 1056 2579 Leo
1070 2509 1129 2597 tv,
1148 2520 1256 2580 vestro

113 2623 266 2691 debemus
287 2619 461 2690 emendare
482 2618 618 2710 judicio,
635 2617 691 2685 sed
711 2618 881 2702 volumus,·
897 2620 1008 2709 utique
1031 2619 1157 2686 libere:
1176 2643 1254 2688 nam

113 2731 141 2796 si
166 2727 334 2812 noluisset,
352 2724 414 2792 tale
434 2722 596 2816 judicium
620 2722 681 2790 sibi
708 2722 873 2792 vindicare
895 2745 960 2791 non
976 2725 1130 2815 potuisset
1145 2725 1256 2814 impe-

114 2848 214 2907 rator.
233 2839 341 2926 Atque
362 2832 451 2902 idem
466 2830 641 2914 dicendum
659 2830 748 2898 venit
769 2829 810 2898 de
829 2830 1026 2922 quibusdam
1041 2831 1113 2898 aliis
1128 2832 1255 2900 Roma-

115 2947 167 3013 nis
185 2941 411 3027 Pontificibus,
429 2939 487 3031 qui
510 2938 616 3006 simile
641 2937 836 3006 humilitatis
862 2938 1065 3028 exemplum,
1083 2940 1125 3006 ob
1147 2940 1255 3031 majus

5 3107 6 3110 η
114 3052 302 3118 animarum
323 3047 461 3133 bonum,
477 3043 632 3112 exhibere
646 3043 831 3112 voluerunt.

162 3157 302 3249 Objicies
314 3157 358 3222 4⁶.
375 3153 542 3221 Cononem
559 3150 653 3218 Filiis
671 3150 740 3240 (31,
756 3172 862 3217 causae
881 3154 934 3236 16,
948 3151 1140 3242 quaestionis
1155 3151 1202 3240 7),
1218 3152 1251 3220 in
1328 3193 1333 3210 .

5 3281 6 3358 ᾖ
116 3289 179 3358 quo
195 3266 241 3333 sic
263 3261 407 3332 decernit
421 3257 596 3328 concilium
611 3257 805 3325 Toletenum
821 3257 869 3324 IX
888 3283 895 3323 ε
917 3257 1013 3340 Quod
1029 3257 1152 3326 simlia
1168 3261 1251 3350 Epi·

5 3379 6 3402 *
116 3395 226 3464 scopus
246 3392 341 3462 opere
359 3379 470 3448 tentet,
487 3364 738 3456 metropolitano
757 3364 831 3455 cjns
853 3365 920 3432 dec
942 3364 1111 3432 iminncre
1127 3389 1253 3456 procn-

118 3494 197 3548 rent.
215 3479 257 3547 Si
270 3489 382 3545 antem
404 3472 674 3564 metropolitanus
697 3471 779 3538 talia
804 3483 908 3560 perat,
930 3471 1014 3562 repis
1030 3472 1098 3540 decc
1118 3473 1253 3540 auribus

5 3615 7 3668 2
119 3589 267 3656 intimare
280 3608 345 3652 non
357 3581 518 3672 dcffcrant
533 3579 620 3668 Ergo
636 3578 822 3666 agnoscitur
834 3586 973 3668 potestas
987 3578 1073 3667 regis
1088 3585 1252 3669 metropo-

5 3679 7 3740 l
118 3696 252 3762 litnnum
265 3688 444 3783 judicandi,
455 3689 489 3754 iu
502 3685 606 3754 causis
618 3684 657 3754 de
669 3685 787 3776 quibus
798 3684 859 3753 hoc
874 3706 996 3752 canone
1009 3685 1129 3774 agitur,
1144 3684 1248 3774 idest,

5 3829 7 3892 t
121 3803 238 3870 incuso
254 3821 320 3891 quo
341 3797 427 3865 bona
451 3794 602 3862 Ecclesiae
628 3792 825 3883 dissipasset.
843 3831 884 3842 —
906 3791 1098 3883 Respondeo
1106 3792 1219 3882 primo
1238 3820 1249 3860 .·

122 3909 331 3978 stabilivimus
346 3927 457 3995 supra,
471 3924 564 3994 posse
579 3901 760 3992 principem
777 3899 967 3967 secularem
982 3898 1095 3966 aSede
1109 3901 1251 3990 Aposto-

5 4063 6 4094 3
121 4015 176 4084 lica
190 4014 331 4104 delegari
346 4011 388 4080 ad
403 4007 604 4078 dirimendas
617 4029 727 4074 causas
741 4005 968 4074 ecclesiasticas
976 4030 986 4091 3
1003 4027 1061 4072 neo
1078 4006 1251 4096 improba-

122 4122 180 4192 bile
194 4129 253 4210 est,
269 4131 414 4210 tempore
438 4138 502 4207 quo
525 4117 577 4183 bic
595 4136 698 4181 canon
718 4113 868 4182 conditus
892 4118 952 4198 est,
970 4111 1136 4202 Hispaniae
1158 4137 1251 4204 reges

5 4233 6 4308 g
124 4228 224 4298 solitos
242 4229 355 4311 luisse,
372 4247 412 4294 ex
429 4223 484 4290 tali
500 4221 713 4309 delegatione,
728 4220 880 4311 quaedam
899 4217 1133 4309 jurisdictionis
1152 4221 1252 4289 ecole-

5 4325 6 4340 .
278 4353 298 4395 l·
1074 4333 1089 4390 7
