3030 4980
541 512 616 558 rans
642 511 788 558 suranna.
1168 493 1230 558 tea

89 632 172 702 Nam
190 631 314 700 alaicis
325 631 464 724 judicari
485 653 551 699 non
574 655 667 724 posse
682 631 814 700 clericos
836 630 1017 722 specialiter
1032 631 1115 700 sacri
1135 655 1233 700 eano-

88 761 148 806 nes
164 747 354 807 sanxerunt.
377 739 459 821 Qnae
482 737 567 806 dieta
591 739 677 806 circa
692 738 882 824 Auditores,
898 739 1019 829 pariter
1040 739 1233 831 applicanda

88 845 227 912 veniunt
251 845 450 936 quibuslibet
472 843 513 912 ad
533 844 758 912 ecclesiastice
781 843 1017 936 jurisdictionis
1042 846 1233 915 exercitium

87 954 320 1044 quoquomodo
351 951 516 1041 delegatis,
546 951 760 1042 deputatisve,
790 961 846 1020 aut
875 953 1088 1020 commissis:
1116 963 1235 1043 urgent

86 1059 176 1125 enim
203 1059 359 1150 expositae
383 1059 535 1146 rationes,
559 1067 594 1127 ut
619 1079 724 1150 neque
751 1057 798 1142 hi,
823 1058 897 1126 laici
921 1081 990 1126 esse
1022 1059 1160 1149 possint,
1179 1061 1232 1128 vel

86 1165 254 1255 conjugati
269 1163 390 1233 clerici.

132 1271 215 1353 Qum
228 1273 312 1362 juris
326 1273 409 1340 socri
424 1272 598 1364 principia,
615 1272 675 1339 etsi
691 1272 825 1340 omnino
839 1280 926 1340 certa
940 1272 1017 1361 sint,
1033 1293 1107 1341 cum
1125 1282 1232 1343 tamen

86 1378 284 1469 quandoque
298 1378 465 1468 contingat
477 1400 515 1446 ea
529 1401 595 1446 non
609 1377 775 1446 observari
793 1376 836 1468 (id
852 1379 897 1446 ita
909 1378 1006 1447 licere
1020 1379 1082 1446 sibi
1096 1402 1233 1472 persua-

85 1487 239 1554 dentibus
255 1487 421 1555 nonnullis
444 1486 624 1578 Episcopis,
645 1486 687 1554 ob
710 1487 1003 1556 immemorabilem
1026 1489 1232 1557 consuetudi-

87 1614 176 1680 nem,
194 1593 297 1662 aliave
312 1593 352 1661 de
363 1595 485 1683 causa),
502 1594 559 1661 abs
573 1615 609 1660 re
621 1615 687 1660 non
703 1593 767 1660 erit
780 1594 815 1660 in
829 1592 1107 1663 confirmationem
1125 1595 1232 1686 subji-

86 1723 160 1768 cere
174 1708 355 1769 emunctam
370 1700 430 1768 hac
446 1700 486 1769 de
500 1723 547 1788 re,
562 1723 582 1767 a
598 1700 697 1769 Sacra
716 1700 976 1790 Congregatione
999 1701 1230 1790 lmmunitatis,

86 1807 141 1874 die
163 1809 180 1874 3
206 1807 345 1876 octobris
371 1811 470 1893 1832,
483 1806 680 1900 encyclicam
701 1807 881 1899 epistolem,
898 1831 986 1899 qnae,
1002 1808 1062 1876 etsi
1084 1807 1126 1876 ad
1151 1809 1232 1902 Epi-

86 1935 201 2004 scopos
221 1914 391 1983 dumtaxat
408 1923 510 1983 status
532 1913 693 1982 Pontificii
717 1913 849 2001 directa,
862 1914 917 2005 jus
934 1923 1043 1983 tamen
1058 1937 1232 1985 commune

85 2020 194 2110 quoad
222 2043 335 2089 omnes
359 2022 458 2089 simul
482 2019 622 2089 declarat
642 2047 649 2087 :
671 2019 763 2109 cujus
792 2029 884 2089 tenor
906 2029 953 2089 est
977 2021 1228 2113 hujuscemodi:

90 2155 107 2190 ιι
131 2127 405 2197 Ecccllentissimo
418 2151 436 2196 e
451 2127 734 2197 Reverendissimo
755 2126 894 2217 Signore
915 2128 985 2197 mio
1005 2131 1230 2198 osservandis—

90 2261 108 2298 ιι
131 2235 227 2322 simo,
242 2235 327 2304 -E
347 2236 507 2327 principio
528 2244 614 2303 certo
636 2235 672 2302 in
694 2235 851 2323 diritto,e
872 2245 1013 2303 costante
1036 2236 1071 2303 in
1095 2238 1229 2328 praticn,

90 2369 107 2406 ιι
131 2341 190 2410 che
203 2366 246 2410 ne
257 2343 363 2431 ilaici,
374 2367 415 2411 ne
427 2343 474 2432 gli
485 2343 577 2412 stessi
590 2341 721 2410 chierici
735 2342 901 2433 conjugati
914 2365 1053 2434 possono
1063 2343 1229 2434 giudicare

89 2475 107 2515 ιι
132 2448 162 2518 le
185 2473 279 2520 cause
302 2450 467 2519 criminali
494 2449 526 2516 di
548 2449 693 2535 chierici,
718 2449 757 2516 ed
781 2450 950 2517 esercitare
972 2459 1086 2518 contro
1110 2451 1143 2519 di
1167 2453 1230 2520 essi

90 2585 108 2620 ιι
132 2557 227 2626 alcun
241 2565 307 2627 etto
324 2558 365 2626 de
380 2557 623 2647 giurisdizione,
640 2555 742 2623 anche
766 2555 912 2645 delegata
927 2555 980 2624 dal
997 2557 1126 2646 giudice
1140 2581 1230 2628 com-

89 2691 107 2728 «
131 2674 258 2756 petente
283 2692 290 2732 :
317 2665 430 2757 poiche
451 2665 483 2732 la
509 2663 714 2754 delegacione
738 2663 796 2730 dee
823 2663 936 2732 cadere
958 2666 991 2732 in
1013 2687 1060 2732 un
1083 2677 1228 2756 soggetto

89 2799 107 2836 ιι
131 2794 245 2863 capace
267 2771 300 2840 di
323 2771 552 2862 giurisdizione
575 2769 808 2849 ecclesiastica3
834 2769 867 2837 di
892 2771 945 2837 cui
960 2771 1087 2862 (tranne
1106 2773 1129 2841 il
1156 2795 1228 2842 caso

89 2905 107 2942 ιι
131 2878 205 2947 dell’
218 2900 362 2970 espressa
386 2877 560 2969 apostolica
586 2875 849 2965 antorizzazione)
877 2899 957 2944 sono
982 2878 1138 2971 incapaci,
1164 2904 1228 2950 non

88 3011 105 3048 ιι
131 3008 226 3054 meno
241 2987 252 3052 i
268 2985 354 3072 laici,
370 2985 428 3052 che
446 2985 458 3052 i
480 2983 610 3052 chierici
632 2983 810 3074 conjugati.
831 2983 868 3050 ln
893 2985 1086 3054 conformitd
1106 2987 1159 3056 all'
1172 3013 1227 3056 es-

88 3118 106 3158 «
130 3102 221 3184 posto
236 3093 407 3183 principio,
425 3100 537 3183 questa
553 3090 651 3159 Sacra
670 3091 934 3180 Congregazione
950 3091 1024 3160 dett
1036 3094 1225 3184 Immunita,

87 3228 104 3265 ιι
129 3199 183 3267 cni
196 3221 213 3267 e
228 3198 360 3267 nitidata
375 3198 407 3266 la
420 3197 519 3267 tutela
534 3197 582 3265 de'
595 3197 697 3265 diritti
713 3196 797 3265 della
811 3196 941 3284 chiesa,
959 3221 976 3266 e
992 3199 1076 3267 dello
1092 3223 1227 3292 persone

88 3333 105 3370 ιι
129 3305 374 3394 ecclesiastiche,
392 3327 458 3374 nou
473 3307 541 3374 solo
557 3305 599 3372 ha
620 3305 677 3396 piu
693 3305 779 3373 volte
795 3304 954 3374 inculceto
970 3307 1035 3396 ogli
1060 3307 1225 3396 Ordinari,

89 3441 107 3480 ιι
130 3413 164 3481 di
179 3437 245 3482 non
269 3413 444 3506 prevalersi
458 3413 510 3480 del
525 3412 693 3481 ministero
715 3411 768 3480 dei
787 3411 860 3480 laici
881 3413 967 3480 nella
983 3413 1180 3485 [ormazione
1194 3419 1228 3486 di

87 3547 105 3586 ιι
129 3521 270 3614 processi
284 3545 303 3588 a
318 3521 425 3589 enrico
441 3519 492 3588 dei
506 3519 656 3606 chierici;
674 3541 742 3587 uon
768 3519 837 3588 solo
852 3519 895 3587 ha
909 3520 1016 3588 deciso
1038 3544 1103 3590 non
1119 3533 1229 3614 potere

87 3655 105 3693 ιι
130 3652 176 3698 un
192 3629 340 3698 Vescovo
362 3627 510 3718 delegare
526 3625 549 3696 il
568 3626 697 3715 giudice
716 3625 800 3695 laico
823 3650 842 3694 a
867 3650 1050 3718 processere
1070 3652 1116 3697 un
1139 3631 1229 3699 chie-

88 3763 106 3802 ιι
130 3736 210 3823 rico,
226 3735 327 3804 suche
350 3737 417 3802 lino
439 3734 502 3802 alla
525 3743 676 3802 sentenza
700 3733 984 3818 esclusivamente;
1010 3758 1076 3803 non
1096 3736 1164 3806 solo
1186 3738 1228 3806 ha

88 3871 106 3909 ιι
129 3843 308 3911 dichiarato
335 3863 420 3911 esser
444 3840 536 3910 nullo
557 3840 582 3907 il
604 3862 754 3931 processo
780 3849 935 3909 costrntto
957 3854 1069 3910 contro
1091 3866 1228 3934 persone

87 3978 106 4016 ιι
129 3949 363 4018 ecclesiastiche
384 3949 426 4016 da
452 3971 498 4017 un
523 3948 662 4016 chierico
689 3948 874 4039 conjugato,
892 3957 974 4016 tutto
998 3950 1057 4016 che
1080 3952 1229 4020 subdele-

88 4085 106 4124 ι
131 4066 206 4146 gato
225 4057 259 4124 di
274 4080 318 4125 un
345 4055 492 4145 delegato
514 4054 719 4145 Apostolico;
740 4077 792 4122 ma
817 4055 964 4123 eziandio
986 4056 1021 4123 in
1047 4055 1110 4125 due
1134 4061 1227 4149 piene

88 4193 105 4230 ιι
129 4163 311 4250 adnnenze,
327 4163 358 4230 la
373 4164 480 4254 prima
502 4161 554 4229 del
575 4162 691 4252 giorno
705 4166 746 4228 23
763 4172 875 4251 agosto
895 4166 990 4250 1775,
1006 4162 1111 4231 l’altra
1126 4165 1177 4233 del
1194 4169 1228 4235 di

87 4299 105 4342 ιι
134 4276 173 4340 17
192 4293 301 4340 marzo
318 4274 416 4358 1778,
434 4269 585 4338 rescrisse
610 4271 644 4336 in
667 4269 779 4337 favore
796 4268 880 4336 della
903 4269 1020 4338 nullitn
1035 4269 1068 4338 di
1087 4274 1228 4362 processi
