3046 4962
288 441 327 510 38
660 464 836 512 rescissus
859 464 898 512 na
920 462 1053 510 sualane.

287 609 438 656 accusare
459 586 641 670 audebant,
666 609 768 679 neque
789 585 962 656 delationis
985 609 1017 654 se
1041 607 1128 654 neca
1150 586 1334 676 oblipare...
1364 586 1426 654 Ubi

286 697 356 764 ltac
378 694 573 787 capnitionis
593 695 804 764 solemnitas?
826 693 888 761 Ubi
909 693 986 762 talis
999 691 1178 784 judicandi
1198 693 1366 785 formula?
1384 693 1427 762 Si

287 803 369 894 lepos
376 802 528 894 publicas
543 801 794 894 interropamus,
813 813 1033 870 accusatorem
1049 800 1183 893 eaipunt
1196 827 1207 868 .·
1219 800 1422 881 siEaclcsia,

286 909 428 997 duobus,
445 909 563 1000 inquit,
583 909 634 978 vel
650 908 758 978 trihus
773 907 909 976 testibus
924 914 986 976 stat
999 929 1096 976 omne
1111 907 1250 976 verbum
1267 933 1274 974 :
1291 905 1425 976 sediliis

285 1017 388 1085 tribus
403 1017 462 1109 qui
475 1028 553 1084 ante
567 1015 794 1084 lestemumct
806 1013 1052 1084 nudiustertius
1064 1037 1132 1082 non
1144 1013 1268 1105 sueriut
1283 1014 1422 1095 inimici,

283 1146 324 1192 ne
350 1123 431 1191 irati
454 1145 568 1191 nocere
589 1123 738 1214 cupiant,
767 1145 808 1190 na
830 1121 899 1191 lesi
921 1121 1033 1190 ulcisci
1052 1124 1139 1214 (orte
1164 1121 1276 1191 velint.
1305 1120 1425 1190 Narrat

281 1240 390 1322 postea
406 1229 441 1300 S.
458 1230 653 1299 Ambrosius
666 1229 830 1322 quomodo
845 1238 1059 1318 accusatores,
1076 1229 1296 1299 Mediolanum
1313 1251 1423 1298 aeaer-

280 1338 368 1418 sitos,
385 1334 604 1404 discordantes
619 1334 654 1402 iu
669 1333 803 1402 ferendo
817 1333 1000 1402 testimonio
1015 1334 1171 1426 repererit
1188 1362 1196 1402 :
1219 1334 1281 1404 uti
1294 1334 1329 1402 in
1351 1357 1423 1402 meo

279 1443 477 1513 adstiterunt
492 1441 638 1533 judicio,
659 1463 734 1510 cum
756 1441 867 1533 primo
888 1439 928 1510 de
951 1441 1078 1532 oripinc
1102 1463 1207 1512 causa
1230 1463 1420 1533 quarem,

280 1552 408 1620 diversa
436 1563 467 1616 et
491 1548 649 1618 distantia
672 1570 886 1640 prompsere;
917 1571 984 1617 non
1011 1548 1158 1617 locorum
1186 1549 1343 1642 separati,
1369 1549 1425 1616 scd

280 1655 525 1726 mendaciorum
540 1654 693 1724 divortio.
712 1654 753 1723 Et
767 1655 898 1724 tandem
915 1653 1081 1746 quomodo
1097 1655 1198 1724 iidem
1221 1663 1423 1724 accusatores

280 1787 349 1833 sese
361 1763 614 1832 subtraxissent:
627 1762 688 1831 Die
697 1761 768 1853 ipso
780 1762 838 1852 qui
851 1760 956 1830 dictus
967 1774 1038 1830 erat
1049 1762 1240 1854 capnitioni,
1252 1763 1423 1832 subtrans-

280 1883 359 1939 rant
370 1893 403 1939 se
416 1870 656 1962 Episcoporum
668 1869 851 1938 conventui.
863 1869 943 1937 Tres
955 1875 1063 1938 antem
1076 1869 1231 1962 praecipui
1242 1870 1422 1940 mannia·

279 1988 364 2046 tores
393 1974 665 2046 excommunicati
692 1984 779 2044 sunt.
809 1975 872 2046 Vel
896 1975 966 2044 haec
993 1975 1076 2044 lacta
1101 1975 1269 2066 ignorant,
1295 1976 1346 2046 vol
1371 1978 1423 2045 sui

280 2083 461 2153 sustinendi
474 2082 660 2173 systematis
673 2082 783 2152 iurare
797 2083 1012 2170 obcaecantur,
1029 2084 1087 2175 qui
1108 2081 1273 2154 affirmant
1294 2083 1422 2154 nullum

280 2193 313 2262 in
330 2190 471 2260 Ecclesia
491 2190 590 2258 fuisse
605 2189 668 2258 lori
683 2189 873 2258 contentiosi
890 2211 948 2258 sen
961 2189 1144 2282 judiciariae
1164 2193 1328 2282 potestatis
1342 2215 1423 2285 pro-

279 2299 348 2390 prie
364 2298 457 2366 dictae
472 2318 581 2381 usum,
599 2304 673 2364 ante
687 2296 765 2366 Vlll
778 2295 829 2364 vel
844 2296 940 2364 etiam
954 2297 1017 2366 XII
1033 2297 1203 2368 saeculum.

323 2408 420 2473 Anno
436 2408 512 2491 394,
527 2403 722 2472 celebratum
738 2402 800 2471 fuit
816 2403 1097 2495 Constantinopoli
1112 2405 1297 2502 concilium,
1314 2406 1348 2474 in
1362 2429 1422 2475 cu·
1518 2435 1519 2459 1

278 2515 333 2606 jus
346 2513 425 2580 actis
438 2510 484 2580 sic
499 2511 607 2600 legere
618 2518 667 2579 est
681 2537 689 2578 ε
704 2511 875 2582 Nectarius
889 2512 1070 2603 Episcopus
1087 2512 1423 2604 Constantinopolita-

280 2642 340 2687 mts
360 2617 485 2686 datr...
518 2617 631 2685 Valens
653 2617 771 2708 littura
795 2617 952 2699 stabilire,
975 2629 1200 2709 consequenter
1221 2631 1253 2686 ct
1277 2620 1424 2690 leumane

280 2725 476 2796 sanctissimi
490 2724 646 2814 Episcopi
663 2723 833 2815 Theophili
846 2725 1004 2793 sententia
1027 2723 1178 2808 decrevit,
1196 2749 1262 2795 nan
1280 2725 1374 2796 licere
1387 2729 1421 2796 in

278 2844 457 2925 postemtm,
476 2853 533 2898 nec
546 2852 568 2897 a
585 2830 688 2898 tribus
702 2829 845 2922 quidem,
864 2831 984 2899 nedum
999 2855 1020 2898 a
1032 2830 1169 2915 duobus,
1187 2855 1262 2900 cam
1279 2833 1337 2925 qui
1349 2857 1423 2902 rcus

281 2939 493 3009 examinatur
506 2935 624 3030 deponi
640 2963 651 3002 :
665 2936 723 3005 sed
746 2937 886 3028 majoris
904 2937 1021 3030 synodi
1043 2951 1074 3006 ct
1090 2939 1271 3029 provincia
1285 2941 1422 3031 Episco-

275 3071 399 3141 porum
419 3045 591 3126 sententia,
609 3044 692 3112 sicut
711 3044 882 3135 apostolici
903 3045 1056 3128 definiere
1076 3069 1225 3116 canones.
1243 3048 1424 3117 Flauianus

281 3157 462 3248 Episcopus
492 3152 672 3222 Antiochiae
699 3150 820 3220 dicit:
847 3155 928 3237 Quae
956 3167 1174 3245 coposuerunt
1204 3156 1424 3226 sanctissimus

282 3263 462 3355 Episcopus
490 3260 662 3330 Nectarius
693 3271 724 3327 ct
752 3259 975 3328 sanctissimus
1005 3261 1196 3352 Tlteopltilus
1228 3263 1420 3354 Episcopus,

282 3381 398 3461 operta
425 3379 509 3435 sunt.
536 3369 583 3436 Et
609 3389 719 3436 omnes
747 3367 950 3436 ecclesiastici
969 3367 1020 3436 tis
1045 3369 1287 3460 acquiescimus.
1313 3371 1422 3462 (Apud

282 3476 403 3560 Libba,
422 3483 499 3541 tom.
519 3477 552 3559 2,
570 3495 645 3564 pag.
664 3476 762 3559 1380,
779 3472 857 3544 edit.
874 3473 991 3544 Venet.
1009 3474 1123 3566 1728.)

328 3583 425 3651 Anno
441 3583 516 3664 397,
534 3578 679 3646 habitum
696 3577 758 3646 fuit
772 3577 967 3669 Carthagine
982 3579 1153 3648 (ancilium
1176 3581 1370 3672 plenarium,
1390 3582 1424 3652 in

282 3691 377 3782 cujus
391 3685 470 3756 actis
495 3684 673 3775 repositum
700 3685 763 3753 luit
790 3685 989 3755 breviarium
1012 3709 1187 3774 monum,
1204 3688 1291 3780 quod
1312 3689 1424 3760 edide-

282 3805 359 3866 runt
374 3794 489 3862 iratres
507 3789 662 3860 Balleriui
685 3791 844 3882 (Operum
859 3793 965 3862 sancti
982 3793 1097 3862 Leonis
1111 3801 1188 3862 tom.
1208 3798 1240 3881 3,
1258 3818 1334 3888 pag.
1353 3799 1421 3888 ts).

282 3905 352 3974 Sub
366 3921 503 3971 numero
525 3908 633 3968 autem
647 3897 707 3986 vl,
722 3897 828 3968 forma
841 3899 1042 3991 judiciorum
1068 3901 1354 3972 ecclesiasticorum
1377 3905 1424 3974 sic

283 4007 520 4105 prescribitur:
536 4007 577 4073 Ut
586 4003 731 4096 quisqea's
739 4005 978 4098 Episcoporum
989 4019 1174 4091 accusatur,
1185 4008 1232 4077 ad
1240 4009 1423 4080 Primatem

279 4114 457 4212 provincia
470 4111 573 4205 ipsius
583 4133 732 4180 caunum
745 4110 871 4204 deserat
885 4126 1076 4183 accusator:
1092 4138 1150 4184 nec
1164 4138 1185 4183 a
1198 4117 1424 4187 commuuione

284 4221 512 4316 suspendatur,
527 4221 581 4288 cui
594 4219 716 4290 cumen
731 4219 933 4304 intenditur‚·
948 4220 1012 4289 nisi
1029 4220 1076 4291 ad
1097 4245 1246 4292 caussam
1259 4245 1354 4292 stram
1370 4225 1422 4294 di-
