3030 4980
561 463 635 514 rrns
658 464 803 516 escorni.
1184 446 1244 514 rut

107 583 177 654 tani
192 584 254 654 snb
265 584 410 658 censuris
425 592 621 678 preceperat
633 585 728 657 cortis
740 584 935 677 quibusdem
950 587 1073 660 clericis
1088 588 1248 679 exemptis

105 698 147 764 ut
162 691 358 782 processioni
378 693 616 764 intervenirent
634 719 641 760 :
661 715 728 762 non
749 699 945 784 pmuerunt3
968 701 1002 764 et
1023 715 1109 766 unus
1132 717 1174 766 ex
1199 695 1248 764 eis

107 795 242 868 misenen
267 820 331 870 uon
357 799 560 870 obstantibus
582 800 728 870 censuris
749 799 934 873 celebravit.
959 799 1158 874 indubium
1183 824 1248 871 non

106 905 321 976 revocabatur
330 906 490 979 dictorum
502 907 694 981 clericorum
705 907 884 998 exemptio,
897 907 1112 1000 undoperiter
1123 915 1248 982 certum

108 1012 268 1083 evadebat
284 1037 348 1082 non
363 1016 504 1107 potuisse
525 1037 580 1084 eos
598 1037 656 1107 per
669 1037 822 1084 censuras
837 1015 909 1106 cogi
928 1015 969 1084 ab
983 1015 1247 1112 Archiepiscopo,

108 1119 175 1190 nisi
201 1129 361 1212 quatenus
387 1121 481 1196 Sedis
503 1121 699 1214 Apostolicae
723 1121 883 1212 delegato.
912 1121 977 1196 Sed
1004 1145 1149 1198 censure
1172 1126 1248 1198 ietae

108 1226 240 1298 fuerent
254 1251 274 1296 e
286 1228 417 1300 Vicario
431 1229 576 1320 generali
590 1229 711 1322 cbsque
726 1229 856 1323 speciali
878 1231 1104 1304 conscissione
1122 1231 1185 1302 sibi
1207 1233 1248 1302 eb

108 1333 269 1427 Episcopo
284 1335 377 1409 tecto.
395 1338 479 1408 Hinc
493 1337 632 1410 dubium
656 1361 701 1408 on
721 1359 863 1410 cercuro
885 1338 973 1421 lota,
988 1338 1114 1430 tumor
1136 1352 1249 1412 orten-

108 1453 202 1524 toter,
219 1465 275 1514 scu
288 1444 400 1534 potius
413 1444 666 1528 substrueretur,
682 1446 731 1516 ita
747 1458 786 1516 ut
800 1457 904 1518 rector
913 1444 1091 1538 marlotus
1104 1446 1250 1520 irrcurre-

108 1549 156 1618 rit
171 1549 450 1642 irreqotaritotcm
468 1553 508 1622 od
529 1552 777 1626 celebrationem
799 1553 835 1624 in
856 1557 954 1624 casu?
967 1591 1011 1608 -
1031 1553 1170 1645 «Super
1188 1556 1249 1626 boc

113 1682 132 1722 a
154 1656 267 1744 dubio,
283 1659 327 1730 ait
341 1659 449 1732 Sacro
464 1659 733 1750 Congregotionis
748 1661 949 1748 secretarius,
966 1659 1057 1732 nulle
1078 1659 1142 1731 fuit
1156 1671 1248 1754 capta

114 1791 132 1830 α
156 1765 308 1836 resolutio
322 1789 381 1836 nec
392 1767 427 1838 in
441 1766 546 1858 primo
560 1789 619 1838 nec
635 1768 669 1840 in
684 1767 824 1840 secunde
838 1767 1111 1860 Congregstione3
1127 1791 1169 1838 ex
1183 1793 1249 1862 quo

113 1898 132 1940 s
156 1872 306 1944 videlicet
318 1896 464 1946 censores
482 1873 558 1944 letne
574 1874 706 1944 fuerunt
721 1897 741 1944 e
754 1875 885 1944 Vicario
900 1875 1057 1965 generati,
1074 1885 1106 1946 et
1126 1899 1192 1948 non
1207 1879 1249 1948 ab

114 2006 132 2044 α
156 1979 422 2050 Eminentiseimo
437 1980 699 2074 Archiepiscopo.
717 1981 804 2054 cum
817 1982 934 2055 etenim
951 1981 1042 2054 nullo
1062 1983 1102 2052 sit
1118 1992 1250 2054 contro-

114 2111 132 2152 «
157 2087 261 2157 versia
283 2087 391 2178 quoad
415 2088 656 2179 exemptionem
679 2097 922 2160 censurrtorum
941 2089 1017 2181 (qno
1039 2099 1251 2162 concurrente

114 2219 132 2260 c
156 2215 222 2262 non
243 2202 366 2286 poteret
388 2194 545 2266 adversus
568 2197 698 2266 eosdem
718 2194 759 2266 ad
775 2218 928 2268 censurae
944 2197 1087 2286 procedi,
1099 2197 1163 2268 nisi
1176 2198 1250 2289 jore

114 2329 132 2368 e
155 2300 302 2392 delegato
317 2301 443 2374 Sanctae
468 2303 586 2394 Sedis),
602 2303 780 2395 ponderata
803 2304 866 2374 fuit
887 2304 1152 2396 distinctioque
1173 2305 1210 2374 fit
1231 2329 1250 2376 a

115 2437 132 2476 e
155 2409 342 2480 doctoribus
367 2433 466 2503 super
485 2418 621 2502 puncto:
648 2433 689 2480 an
710 2410 862 2482 Vicorius
882 2411 1041 2500 generetis
1055 2412 1161 2482 vulcat
1180 2413 1251 2482 sine

114 2543 133 2584 c
156 2517 285 2610 speciali
310 2517 536 2588 commissione
552 2517 736 2610 procedere,
750 2518 785 2588 in
801 2517 853 2588 his
866 2539 941 2610 quos
969 2542 990 2586 a
1009 2541 1100 2588 sacro
1115 2517 1250 2590 concilio

113 2652 132 2693 c
156 2623 346 2696 Tridentino
369 2625 619 2696 committuntur
639 2625 806 2716 Episcopis
824 2633 979 2716 tanquam
1000 2623 1094 2694 Sedis
1108 2627 1250 2717 Aposto-

114 2761 132 2798 κ
156 2733 227 2802 liceo
243 2731 418 2822 delegetis3
434 2753 509 2802 cunr
521 2731 641 2821 dicent,
657 2731 745 2824 quod
757 2732 907 2804 Viceriue
919 2738 1023 2824 potest
1036 2733 1107 2802 eine
1120 2732 1253 2823 speciali

115 2866 132 2906 a
155 2840 382 2910 commissione
395 2839 496 2910 dictos
512 2847 601 2908 actus
616 2860 781 2924 exercerc,
796 2839 824 2908 si
838 2847 912 2908 ante
927 2838 1098 2910 concilium
1113 2839 1251 2910 Triden-

114 2975 133 3014 ιι
158 2946 263 3016 tinum
277 2947 436 3039 Episcopo
451 2945 652 3038 competebat
672 2945 806 3016 incultas
826 2968 882 3016 eos
899 2945 1038 3018 faciendi
1061 2945 1135 3036 jure
1156 2947 1250 3018 ordi-

114 3083 132 3124 a
159 3055 266 3142 nario;
284 3055 358 3126 licet
369 3053 411 3124 ad
425 3054 628 3126 excitandam
642 3053 898 3145 jurisdictionem
915 3053 1126 3142 ordinariam,
1140 3063 1251 3124 etem·

115 3189 133 3228 r
157 3160 317 3254 putandas
341 3184 564 3254 quascumque
585 3161 834 3244 controversias,
849 3160 982 3230 fuerite
1004 3183 1095 3232 sccro
1115 3162 1251 3234 concilio

113 3297 133 3336 e
156 3267 347 3344 Tridentino
360 3269 556 3341 constitutus
568 3267 745 3362 Episcopus
754 3266 848 3338 Sedis
856 3266 1051 3358 Apostolicm
1064 3267 1247 3359 delegatus:

114 3405 132 3444 a
154 3399 247 3448 secus
261 3383 384 3462 enum,
400 3374 531 3468 quando
545 3373 680 3446 incultae
695 3382 803 3448 actum
820 3373 956 3463 gerendi
971 3397 1038 3446 non
1051 3375 1253 3466 competebat

115 3511 133 3550 n
157 3492 230 3556 ente
244 3481 416 3556 concilium
431 3480 660 3554 Tridentinum
675 3480 836 3572 Episcopo
849 3479 924 3572 jure
938 3479 1124 3560 ordinatior
1142 3481 1177 3550 iu
1192 3481 1252 3551 bec

114 3617 132 3656 o
156 3589 318 3682 siquidem
339 3589 414 3662 iacti
428 3587 547 3680 specie,
564 3588 592 3658 ei
606 3595 697 3660 octus
721 3586 902 3679 explicatur
914 3610 936 3656 e
948 3587 1081 3662 Vicerio
1096 3588 1252 3678 generali,

114 3727 134 3766 a
157 3706 189 3768 et
213 3721 279 3770 non
292 3698 334 3770 ab
347 3697 520 3792 Episcopo,
538 3718 667 3768 necesse
686 3704 733 3766 est
748 3696 863 3768 docere
883 3695 924 3768 de
949 3695 1079 3788 speciali
1099 3696 1252 3768 commis-

114 3835 133 3874 ι
155 3807 247 3876 sione
261 3805 303 3877 ab
317 3804 476 3900 Episcopo
490 3802 575 3876 tecte
588 3801 695 3876 eidem
710 3803 841 3874 Vicerio
855 3802 1012 3893 generali,
1022 3802 1071 3872 uti
1082 3801 1192 3876 videre
1205 3811 1253 3874 est

115 3939 133 3982 α
156 3912 244 4005 opud
267 3911 475 4002 Fagnenum,
490 3911 526 3982 in
550 3931 621 4002 cap.
646 3911 823 3994 Quoniam,
840 3933 873 3982 n.
892 3915 960 3982 tet
982 3931 1066 4001 seq„
1083 3909 1123 3983 de
1140 3911 1253 4002 Officio

115 4047 133 4088 r
156 4020 341 4110 crispati.»
364 4019 413 4110 (iu
431 4017 592 4088 chsooro
608 4019 716 4100 reret,
732 4027 810 4090 tom.
831 4021 862 4100 3,
880 4041 913 4110 p.
934 4017 1023 4108 1³8.)
1223 4043 1229 4054 ·

157 4127 349 4218 Respondes
371 4125 413 4198 ed
437 4125 492 4196 ll:
515 4151 532 4192 c
555 4125 639 4198 Cum
663 4124 822 4216 delegatio
847 4133 897 4198 eet
921 4125 1006 4198 tecte
1022 4124 1167 4212 Vicerio,
1187 4147 1253 4194 non

118 4263 135 4308 o
157 4243 262 4328 potest
275 4233 455 4327 Episcopus
468 4233 590 4308 litteras
613 4231 745 4326 exequi,
760 4231 823 4308 uiui
838 4255 897 4332 per
910 4231 999 4309 vium
1012 4232 1253 4328 subdclcgetio-
