3030 4980
554 509 629 559 raas
652 509 797 557 mouns.
1177 491 1239 557 385

100 629 290 721 regionibus
311 631 469 722 distingui
491 631 661 702 Vicarium
683 630 867 723 generalem
892 630 934 700 ab
955 627 1112 710 Officiali;
1138 632 1182 701 ita
1208 642 1245 704 ut

104 737 254 808 Vicmius
269 739 429 830 generalis
444 740 571 808 dicatur
585 738 643 831 qui
657 740 697 809 de
704 741 793 832 sacto
809 738 1028 808 voluntariam
1044 745 1174 808 tantum
1187 739 1246 831 ju-

101 843 323 916 risdictionem
341 855 489 926 exercet;
506 845 749 916 Officialisvero
767 847 826 939 qui
843 847 882 915 de
895 847 985 938 [acto
999 854 1126 916 exercet
1146 847 1247 915 dum-

99 959 192 1023 taxat
207 955 449 1024 contentiosam.
469 981 486 1020 c
505 955 544 1022 ln
560 954 724 1046 aliquibus
736 953 927 1045 regionibus
944 953 1031 1023 ultra
1048 961 1172 1024 montes
1190 955 1248 1046 (ait

104 1085 123 1126 c
146 1059 339 1130 benedictus
347 1061 440 1151 XIV,
455 1061 589 1154 chyn.
602 1061 711 1144 dtoea,
725 1061 749 1130 l.
766 1065 799 1147 3,
812 1084 841 1130 c.
858 1065 890 1148 3,
904 1084 938 1130 n.
955 1061 1001 1151 2),
1015 1061 1197 1153 prasertim
1211 1061 1246 1130 in

103 1191 122 1232 c
144 1167 251 1238 Gallia
262 1176 293 1236 et
303 1168 429 1259 Belgio,
443 1191 523 1238 usm
532 1169 686 1256 obtinuit,
697 1177 734 1237 ut
748 1167 910 1258 (Vicarios
924 1167 1098 1258 generalis)
1113 1168 1154 1237 ab
1165 1167 1247 1236 Offi-

104 1299 122 1339 a
146 1274 219 1343 ciali
231 1273 471 1366 distinguatur;
485 1282 517 1344 et
536 1275 682 1345 vicarios
693 1283 901 1368 nuncupetur
910 1275 968 1368 qui
980 1299 1017 1344 ea
1029 1286 1157 1346 exercet
1172 1300 1247 1369 quae

103 1409 121 1448 o
144 1392 221 1452 sunt
227 1383 464 1476 jurisdictionis
471 1384 684 1464 voluntariae;
698 1384 857 1476 officialis
866 1385 1022 1476 vero,qui
1028 1383 1246 1475 jurisdictioni

104 1517 122 1558 e
147 1499 263 1582 praeest
284 1493 505 1562 contentiosae.
519 1517 535 1558 »
556 1493 626 1560 lmo
642 1491 738 1560 dictae
757 1491 984 1561 consuetudini
1002 1514 1071 1560 sese
1093 1492 1247 1562 adamus-

101 1598 165 1666 sim
182 1607 269 1690 aptat
284 1599 394 1668 Curia
413 1598 571 1667 Romauae
583 1598 708 1690 praxis,
723 1605 831 1689 prout,
847 1597 932 1666 inter
952 1597 1033 1666 alios
1050 1599 1096 1666 sic
1115 1598 1247 1668 adnotat

99 1703 283 1772 leurenius
299 1702 348 1792 (de
365 1703 500 1773 Vicariis
515 1703 640 1794 Episc.‚
663 1725 733 1794 cap.
756 1706 787 1787 1,
805 1726 837 1793 q.
856 1705 909 1787 17,
926 1725 959 1771 n.
983 1702 1015 1792 2)
1038 1729 1045 1770 :
1072 1703 1245 1774 «Tametsi

105 1837 123 1874 c
146 1810 250 1900 igitur
261 1808 414 1879 Officialis
422 1809 607 1902 principalis
619 1809 769 1902 Episcopi
780 1818 812 1877 et
822 1808 975 1877 Vicarius
986 1809 1146 1899 generalis
1156 1809 1245 1880 idem

104 1943 122 1982 o
146 1917 222 2002 sint,
235 1939 278 1984 ex
290 1940 352 1985 uso
367 1925 475 1986 tamen
487 1916 772 2002 etconsuetudine,
788 1925 855 1983 tam
866 1914 1108 2008 datariaequam
1120 1919 1246 1988 cancel-

104 2047 122 2086 «
146 2021 236 2090 lariae
250 2023 459 2114 Apostolicae,
472 2023 590 2092 litterae
604 2022 697 2092 Sedis
710 2022 904 2114 Apostolicae
918 2024 1004 2114 (quae
1016 2047 1146 2116 semper
1157 2049 1247 2096 com·

103 2155 121 2194 a
146 2129 319 2198 mittuntur
336 2130 479 2199 Vicariis
499 2130 748 2221 Episcoporum,
776 2131 845 2198 sive
860 2129 1064 2200 beneficiales
1084 2133 1161 2218 siut,
1179 2135 1247 2202 sive

104 2263 122 2302 c
146 2236 421 2327 dispensationum
438 2236 745 2324 matrimonialium,
761 2237 829 2305 sive
844 2237 1045 2307 continentes
1057 2240 1246 2310 mandatum

105 2371 122 2410 α
146 2345 277 2435 aliquod
292 2343 379 2413 aliud
395 2345 436 2414 ad
452 2344 620 2435 gratiam),
633 2345 660 2412 si
672 2345 713 2414 ad
728 2345 878 2435 regiones
891 2346 1149 2416 ultramontanas
1160 2350 1248 2439 (puta

105 2477 123 2516 c
147 2449 351 2542 Hispaniam,
369 2451 520 2536 Galliam,
538 2451 762 2538 Germaniam,
777 2451 947 2542 Angliam,
959 2452 1141 2540 Poloniam‚
1156 2455 1247 2523 Afri-

106 2586 123 2625 s
146 2582 230 2644 cam,
248 2559 323 2648 etc.)
340 2559 536 2648 dirigantur,
554 2581 682 2648 semper
698 2558 922 2628 inscribuntur
935 2557 1088 2646 Officiali,
1103 2561 1172 2630 sive
1187 2562 1247 2630 ad-

106 2693 123 2730 o
146 2666 276 2734 hibetur
301 2667 460 2735 terminus
487 2665 646 2757 officialis
663 2666 782 2734 :verbi
803 2666 923 2755 gratia:
941 2665 1057 2734 dilecto
1067 2669 1140 2757 filio
1151 2693 1247 2737 oenc-

105 2801 122 2839 α
146 2773 259 2842 rabilis
275 2773 393 2864 [ratiis
415 2773 520 2841 nostri
540 2773 698 2864 Episcopi
716 2773 979 2844 Monosteriensis
1009 2775 1172 2865 officiali·
1194 2777 1247 2844 vel

105 2907 121 2944 c
146 2880 353 2972 simpliciter:
370 2878 484 2948 dilecto
496 2879 568 2970 filio
588 2879 734 2972 Officioli
745 2879 1003 2950 Monosteriensi.
1021 2880 1152 2950 Littera
1169 2906 1246 2952 vero

106 3013 122 3056 a
147 2987 313 3056 destinatas
328 2986 369 3054 ad
385 2987 534 3076 regiones
555 2985 774 3055 cismontanos
791 2986 896 3078 (verbi
916 2986 1033 3076 gratia,
1049 2987 1090 3056 ad
1105 2989 1243 3077 ltaliam,

104 3121 121 3158 c
145 3094 368 3184 Hunguriam,
391 3093 599 3178 Dalmatiam,
630 3093 817 3178 Albaniam,
840 3093 1058 3183 Sclavoniam,
1083 3095 1246 3187 Cyprum,

105 3228 123 3267 a
145 3201 288 3288 Cretam,
305 3211 336 3268 et
348 3207 454 3291 partes
468 3199 660 3286 Orientales,
674 3201 750 3268 item
764 3199 923 3287 Siciliam,
935 3200 1114 3289 Corsicam,
1130 3204 1245 3273 Sardi-

105 3309 248 3394 aniam,
273 3306 348 3398 etc.)
379 3307 603 3376 inscribuntur
627 3307 760 3375 Vieario
789 3307 933 3397 generali
961 3309 1076 3376 :verbi
1107 3312 1240 3400 gratia:

105 3443 121 3482 a
144 3415 260 3484 dilecto
272 3414 344 3504 filio
362 3414 488 3482 Vicario
503 3413 694 3482 omoatilo
705 3415 823 3505 [ratris
835 3415 941 3482 nostri
964 3416 1120 3506 Episcopi
1138 3422 1245 3486 Bono-

105 3549 122 3590 c
146 3524 263 3591 nimam
276 3523 312 3589 in
329 3520 557 3613 spiritualibus
571 3521 727 3612 penoali.
748 3547 764 3585 a
789 3521 906 3589 Certus
928 3533 1058 3612 ergoet
1078 3523 1244 3615 legitimus

100 3637 149 3699 est
162 3630 328 3721 praedictae
340 3628 559 3696 distinctionis
574 3651 665 3696 usus.

148 3740 189 3804 at
205 3758 283 3805 vero
298 3757 340 3803 ax
356 3736 416 3802 bac
430 3734 664 3804 consuetudine
676 3757 883 3825 nequaquam
895 3734 1010 3804 inferri
1024 3745 1125 3825 potest
1133 3738 1244 3808 diver-

99 3869 172 3914 sam
189 3866 257 3912 esse
271 3843 306 3910 in
321 3843 425 3934 seipsa
438 3841 696 3934 jurisdictionem
709 3841 863 3932 ejusqui,
880 3841 914 3907 in
929 3840 1022 3909 dictis
1040 3846 1241 3934 regionibus,

99 3958 235 4022 vocatur
252 3949 419 4036 Officialis,
443 3957 475 4016 et
496 3948 640 4039 ejusqui
658 3948 813 4016 Vicarius
836 3947 997 4037 generalis
1022 3961 1240 4043 nuncupatur.

98 4059 183 4127 Nam
200 4058 319 4125 intacta
338 4063 539 4142 remanente,
553 4055 650 4146 juxta
669 4055 724 4145 jus
745 4075 930 4140 commune,
953 4055 1192 4145 jurisdictionis
1211 4070 1243 4130 et

98 4163 197 4235 officii
219 4163 398 4248 identitate,
421 4162 498 4230 satis
528 4161 685 4230 fundatur
705 4160 791 4229 dicta
811 4161 976 4229 distinctio
996 4161 1030 4229 in
1054 4165 1242 4236 accidentali

98 4272 159 4341 illo
173 4271 324 4362 Episcopi
346 4279 519 4361 praecepto,
541 4291 606 4360 quo
627 4290 713 4336 uuus
728 4268 945 4337 voluntariam
963 4269 1145 4360 dumtaxat,
1162 4276 1244 4345 alter

264 4397 286 4441 1.
1045 4382 1085 4442 25
