3046 4968
570 526 644 572 raus
666 527 772 572 rnrua.
1198 505 1237 572 95

96 646 230 716 omnino
254 656 401 717 remanet
419 648 480 740 ipsi
499 669 576 717 vera
598 646 849 740 independentio
873 647 979 738 quoad
1002 648 1240 740 proprietatem

97 779 232 825 snorum
246 757 373 849 jurium
387 756 477 848 (qnia
491 779 529 824 aa
542 756 639 824 habet
654 779 673 822 a
689 757 757 824 Deo
772 778 837 823 non
859 753 901 822 ab
916 751 1082 846 Ecclesia),
1099 755 1175 824 licet
1190 757 1243 823 in-

98 863 284 954 dependens
309 887 375 932 non
399 865 441 932 sit
465 863 572 956 quoad
595 863 897 932 subordinationem
922 863 955 931 in
979 864 1019 930 iis
1041 885 1117 954 qum
1145 863 1244 932 finem

99 971 250 1040 Ecclesiae
272 973 441 1063 proprium
464 971 563 1041 simul
587 971 763 1060 attingunt.
781 969 876 1051 Quod
893 969 968 1037 vide
990 969 1092 1037 insius
1113 973 1245 1062 exposi-

99 1091 168 1148 tnm
182 1081 216 1146 in
237 1079 318 1147 meis
341 1078 531 1146 tractatibus
553 1077 593 1145 de
608 1081 688 1145 lure
711 1077 875 1166 titurpico,
894 1083 925 1143 et
947 1074 986 1144 de
1000 1079 1079 1144 lure
1093 1078 1244 1146 Ecclesiae

98 1187 234 1254 relative
247 1185 295 1254 od
306 1185 414 1254 civiles
427 1186 605 1253 societates.

142 1293 308 1360 Praeterea
334 1314 429 1361 nemo
451 1313 515 1358 non
537 1291 640 1378 videt,
656 1300 734 1382 quot
755 1292 920 1383 perpetuis
946 1290 1099 1382 periculis
1118 1299 1149 1359 et
1169 1313 1244 1382 per-

98 1401 341 1470 turbationibus
362 1409 550 1494 quateretur
576 1401 731 1486 Ecclesia,
755 1401 782 1467 si
805 1400 888 1467 laica
914 1409 1066 1492 potestas,
1088 1399 1149 1468 sub
1172 1422 1245 1491 pre-

100 1518 191 1577 textu
222 1507 309 1600 quotl
339 1531 443 1600 neque
481 1507 638 1576 interiora
669 1507 846 1574 tribunalia
885 1506 1109 1592 ecclesiastica,
1142 1529 1246 1598 neque

99 1619 168 1707 ipse
197 1615 286 1706 Papa
313 1615 471 1706 justitiam
501 1623 584 1682 reete
612 1616 645 1680 in
674 1614 781 1681 carreis
810 1611 1033 1681 ecelesiasticis
1063 1617 1244 1704 exerceant,

100 1731 208 1812 posset
230 1744 284 1790 eas
309 1745 422 1790 causes
445 1721 507 1789 sibi
531 1721 696 1789 vindicare
720 1729 751 1787 et
776 1741 930 1812 supremo
950 1719 1073 1811 judicio
1099 1720 1244 1791 definire.

99 1829 195 1920 Saepe
210 1829 333 1920 sapius
346 1829 432 1897 enim
450 1827 623 1896 saeculares
647 1829 809 1920 principes
831 1849 890 1917 pro
911 1827 1035 1895 intenso
1057 1851 1117 1896 suo
1136 1829 1169 1897 in
1185 1829 1247 1898 Ec·

99 1936 231 2004 clesiam
249 1936 371 2021 animo,
390 1944 446 2002 aut
459 1936 527 2026 jam
546 1935 703 2002 titubante
721 1956 834 2002 aarum
853 1933 1008 2002 catholica
1022 1933 1098 2020 tide,
1113 1935 1248 2026 injustas

101 2051 257 2110 vocarent
271 2042 502 2110 ecclesiasticas
525 2042 711 2126 sententias,
729 2063 803 2131 quae
829 2039 959 2131 injustae
980 2041 1115 2110 minime
1128 2052 1247 2112 essent.

101 2149 198 2240 Saepe
213 2150 334 2240 saepius
349 2150 495 2239 ipsorum
511 2148 550 2215 de
568 2149 664 2216 rebus
684 2149 783 2215 sacris
799 2155 830 2214 et
846 2148 1006 2214 decausis
1024 2148 1248 2238 spiritualibus

102 2259 271 2324 sentcntiae
291 2255 456 2324 schismati
473 2265 505 2322 et
520 2256 637 2323 hmresi
653 2255 810 2322 tererent.

148 2363 310 2431 Praeterea
328 2385 455 2453 semper
469 2361 585 2453 poterit
600 2361 699 2430 Sedes
711 2360 897 2453 Apostolica
912 2361 1077 2430 secularis
1092 2365 1248 2455 principis

103 2475 137 2541 in
163 2496 260 2542 causa
281 2473 494 2541 ecclesiastica
518 2473 678 2564 judicium
705 2473 868 2564 judicare;
887 2474 964 2565 quia
987 2475 1058 2544 haec
1080 2498 1189 2564 causa,
1206 2501 1249 2546 an

103 2588 323 2671 competenter
348 2589 379 2646 et
407 2582 494 2670 juste
523 2580 783 2671 pronuntiaverit
812 2580 977 2648 saecularis
1000 2589 1140 2672 potestas
1164 2583 1249 2652 circa

103 2711 157 2756 res
182 2688 223 2754 ad
249 2686 508 2778 jurisdictionem
541 2687 785 2755 ecclesiasticam
818 2689 1025 2778 pertinentes,
1052 2697 1100 2756 est
1125 2698 1157 2758 et
1179 2692 1249 2782 ipsu

103 2816 200 2862 cama
226 2793 446 2862 ecclesiastica.
476 2794 570 2863 Unde
602 2794 628 2860 si
659 2793 850 2862 admittatur
872 2795 905 2861 in
933 2795 1021 2886 Papa
1046 2807 1077 2862 et
1104 2797 1249 2888 principe

105 2901 269 2990 reciproca
284 2909 422 2990 potestas
436 2900 517 2968 alter
530 2901 663 2968 alterins
680 2899 805 2990 judicia
821 2901 1033 2989 reformandi,
1048 2902 1159 2970 nullus
1179 2903 1249 2973 dari

107 3008 224 3097 poterit
246 3005 408 3075 conflictui
434 3009 520 3093 linis,
546 3005 600 3074 sed
626 3015 748 3073 mterna
775 3006 954 3074 remanebit
980 3015 1098 3076 statuta
1125 3033 1246 3100 pugna.

3 3185 4 3194 χ
108 3115 215 3180 Potest
241 3112 373 3204 quidem
399 3113 540 3200 admitti,
558 3119 589 3180 et
613 3111 812 3180 admittenda
839 3112 995 3204 probatur
1015 3114 1166 3184 Ecclesiae
1191 3140 1250 3208 po—

3 3309 4 3312 *
110 3227 204 3288 testas
222 3219 324 3311 judici
340 3220 488 3288 saeculari
507 3217 692 3310 supplendi,
711 3218 842 3309 quando
864 3218 895 3286 id
920 3220 1057 3310 requirit
1082 3223 1250 3312 spirituale

3 3321 5 3408 l
112 3325 256 3396 tidelium
271 3326 412 3412 bonum,
431 3336 462 3393 et
478 3325 554 3393 hinc
570 3347 718 3392 summus
735 3325 815 3393 ordo
834 3353 840 3392 :
856 3335 968 3393 atvero
985 3326 1111 3394 admitti
1138 3333 1249 3422 nequit

3 3421 6 3590 ,
110 3433 285 3524 reciproca,
312 3433 391 3525 quia
418 3432 493 3500 inde
516 3454 644 3500 summa
669 3432 830 3518 contusio,
853 3454 950 3522 quam
979 3434 1120 3502 voluisse
1147 3436 1250 3506 Deum

3 3603 5 3646 ἱ
110 3541 247 3632 supponi
268 3542 389 3632 nequit.

154 3648 237 3716 Hinc
264 3647 399 3715 omniuo
420 3646 641 3715 concludenda
666 3647 876 3736 illegitimitas
900 3649 1153 3739 appellationum
1182 3661 1252 3720 tan-

114 3777 207 3845 quam
223 3754 265 3822 ab
281 3754 396 3835 adanu,
414 3755 607 3823 esculentia
626 3753 841 3822 ecclesiastica
861 3754 902 3823 ed
919 3757 1108 3825 saecularem
1131 3759 1253 3848 princi-

3 3925 5 3938 ,
115 3883 200 3952 pem3
216 3861 272 3930 sed
288 3862 360 3929 heac
373 3860 413 3931 ad
433 3869 602 3930 tractatum
619 3860 658 3928 de
672 3863 751 3929 ture
765 3861 916 3930 Ecclesiae
940 3864 1076 3931 relative
1093 3864 1140 3932 od
1152 3867 1252 3935 socie-

3 3977 5 3986 *
117 3980 194 4034 tutes
208 3968 316 4036 duitor
332 3968 540 4036 remittimus.

161 4073 297 4164 Odjicies
314 4077 357 4141 1⁰.
375 4074 526 4142 Admissa
542 4073 730 4163 hujusmodi
746 4072 904 4159 doctriua,
923 4074 1051 4142 nullum
1071 4090 1254 4148 remaneret

3 4167 5 4260 Ι
122 4181 309 4265 remedium,
329 4201 404 4248 casu
426 4204 491 4272 quo
515 4180 617 4272 judex
640 4181 887 4266 ecclesiasticus,
905 4190 936 4249 et
957 4183 1052 4250 etiam
1074 4183 1142 4274 ipse
1167 4186 1255 4277 Papa

3 4279 5 4318 ¹
123 4288 160 4354 att
173 4311 267 4380 quem
293 4298 529 4375 recurreretur,
544 4311 584 4358 ex
602 4308 712 4356 errore
734 4297 791 4356 aut
812 4287 961 4378 nequitia
983 4289 1095 4381 inique
1110 4313 1256 4382 pronun·
