3022 4978
290 468 355 535 274
664 487 837 536 rnacrnrm
858 489 897 534 nn
918 489 1052 537 sunrcns.

290 627 312 677 'o
336 611 408 680 ficri
437 617 552 701 potest.
581 609 669 692 Quin
695 611 762 678 imo
788 609 914 679 etiamsi
942 609 1093 680 subditus
1115 611 1237 680 ratione
1259 611 1421 701 demidlii,

292 745 311 785 a
332 729 426 787 extra
440 717 641 786 territorium
656 715 834 808 delinquat,
849 717 952 808 judex
966 717 1128 786 domicilii
1142 720 1258 810 punire
1272 743 1346 788 eum
1365 743 1422 812 po·

291 853 310 892 c
333 834 404 912 test,
427 834 459 893 et
477 823 707 894 contumaciter
731 823 897 892 absentem
923 826 1215 895 excommunicare.
1245 825 1328 895 Nam
1351 851 1420 896 cnm

291 961 309 1000 a
331 931 622 1002 excommunicatio
639 929 846 1000 invisibiliter
864 931 943 1022 liget
964 931 1119 1020 animam,
1140 931 1210 1024 ejus
1228 934 1375 1003 excoctio
1389 937 1422 1003 flt

292 1067 309 1106 «
332 1041 401 1108 sina
415 1037 743 1130 strepitujudiciario,
754 1037 900 1130 adeoque
909 1059 968 1130 por
983 1061 1054 1108 eam
1070 1039 1214 1108 alienum
1228 1040 1420 1110 territorium

289 1173 306 1212 c
331 1167 397 1216 uon
412 1144 563 1214 violetur.
581 1145 683 1236 quue
697 1143 897 1234 extenditur,
915 1145 1002 1238 quod
1017 1166 1083 1216 non
1096 1155 1223 1217 tantum
1246 1147 1286 1216 ad
1303 1149 1422 1218 instan-

290 1280 307 1320 α
330 1253 409 1321 tiam
431 1251 482 1320 vel
503 1252 739 1321 accusationem
765 1253 865 1344 partis
889 1251 1034 1343 offensus,
1058 1253 1114 1322 ssd
1136 1255 1296 1323 etiamen
1321 1255 1421 1326 officio

286 1385 305 1426 c
325 1359 503 1450 inquirere,
516 1355 700 1449 procedere,
711 1365 743 1424 ct
753 1357 830 1428 alibi
843 1381 900 1428 scu
912 1368 1006 1429 extra
1015 1361 1216 1436 territorium
1232 1361 1421 1453 delinquen-

289 1491 306 1532 α
328 1472 393 1534 tem
409 1464 576 1533 subditum
589 1464 707 1554 punire
721 1471 826 1555 potest
839 1463 944 1557 judex
962 1467 1134 1557 domicilii,
1156 1468 1184 1536 ei
1201 1491 1221 1536 a
1236 1467 1345 1559 judice
1363 1469 1421 1537 loci

287 1597 305 1639 α
328 1571 492 1642 commissi
508 1571 615 1640 delicti
637 1591 703 1640 non
718 1571 760 1639 sit
773 1581 972 1664 preventus,
989 1584 1026 1644 ut
1047 1597 1089 1644 ax
1112 1575 1329 1645 communiori
1350 1597 1422 1644 san-

287 1703 306 1746 c
328 1680 428 1748 tentia
440 1679 608 1748 doctorum
618 1677 718 1746 tradit
728 1679 961 1750 Covarruvias.
975 1707 991 1747 n
1007 1682 1188 1772 (Pirrhing‚
1202 1682 1236 1750 in
1251 1683 1304 1750 tit.
1323 1686 1356 1770 t,
1369 1682 1422 1750 lt

282 1787 425 1873 Deerat,
441 1808 474 1853 n.
493 1785 561 1876 ll.)
581 1786 689 1856 Judex
709 1795 818 1855 tamm
839 1786 992 1856 domicilii
1010 1811 1077 1857 non
1096 1797 1202 1880 potest
1219 1789 1423 1859 subditorun

282 1915 414 1986 prunam
425 1892 627 1986 corporalem
643 1902 736 1963 extra
751 1893 952 1964 territorium
964 1891 1125 1985 infligere,
1136 1901 1173 1964 ut
1184 1903 1308 1964 constat
1321 1897 1423 1987 capite

281 2001 398 2070 ultimo
414 2000 453 2068 de
467 1999 593 2068 lurisd.
610 2023 700 2070 omn.
715 1999 826 2092 judic.

325 2107 374 2176 Ee
388 2116 435 2177 est
448 2129 526 2198 ergo
542 2108 735 2198 regulariter
749 2109 800 2178 vis
815 2106 972 2176 domicilii
987 2108 1209 2196 habitationis,
1222 2110 1353 2178 utinter
1367 2133 1423 2180 va-

280 2215 348 2284 rios
363 2214 488 2306 judices
509 2215 577 2306 (qui
596 2213 741 2302 aliunde,
760 2222 882 2283 attenta
903 2215 1009 2308 specie
1030 2237 1136 2284 oansae
1160 2225 1192 2284 et
1210 2237 1423 2310 personarum

280 2321 468 2415 intorques
491 2323 641 2410 sortitur,
664 2321 891 2412 jurisdictione
919 2343 985 2391 non
1014 2323 1136 2413 carent)
1160 2323 1214 2392 illa
1240 2346 1369 2416 semper
1398 2328 1424 2394 si

280 2438 477 2522 competens,
498 2427 585 2498 intra
603 2429 698 2522 cujus
720 2429 921 2502 territorium
942 2453 1018 2500 reus
1037 2431 1239 2502 domicilium
1260 2433 1425 2525 ejusmodi

280 2535 387 2605 hahet.
421 2535 515 2604 Unde
538 2535 689 2628 quamvis
712 2545 897 2628 competens
920 2537 1020 2605 etiam
1043 2559 1113 2606 asse
1130 2539 1302 2632 adquofiae
1325 2543 1426 2633 possit

276 2643 379 2734 judex
395 2643 457 2711 looi
470 2643 503 2710 in
517 2665 583 2735 quo
597 2643 701 2710 factus
714 2651 910 2730 contractus,
929 2643 982 2713 vel
996 2653 1158 2735 patratum
1178 2645 1333 2715 delictum
1350 2649 1426 2734 luit,

279 2750 333 2819 vel
351 2751 411 2820 situ
431 2758 480 2817 est
499 2771 551 2818 res
565 2749 606 2817 de
627 2773 692 2841 qna
713 2749 753 2818 lis
774 2760 924 2819 moretur
941 2751 990 2842 (ut
1010 2752 1109 2820 modo
1129 2752 1341 2844 videbimus),
1365 2755 1427 2824 hoc

280 2865 389 2925 tamen
410 2879 476 2926 uon
494 2853 630 2948 impedit
650 2858 730 2947 quin
754 2856 853 2924 simul
872 2867 904 2925 et
921 2855 1121 2928 cumulative
1141 2867 1219 2929 tunc
1240 2871 1428 2952 competens

278 2965 321 3032 sit
333 2963 437 3055 judex
452 2961 619 3052 domicilii,
635 2971 668 3030 et
682 2985 791 3032 coram
808 2963 879 3054 ipso
896 2985 990 3033 reum
1010 2965 1185 3036 convenire
1203 2967 1306 3058 possit
1320 2977 1428 3054 actor,

282 3072 311 3142 si
326 3069 430 3142 malit.

325 3177 522 3250 Praedictum
542 3185 651 3247 antem
670 3177 818 3246 ellectum
839 3177 989 3269 producit
1008 3179 1058 3248 ris
1076 3179 1233 3250 domicilii
1252 3179 1429 3252 habitatio·

280 3287 332 3355 nis
347 3285 476 3378 proprie
490 3285 580 3374 dicti,
592 3283 720 3353 etiamsi
734 3307 809 3354 rens
824 3285 860 3354 in
874 3285 945 3355 loco
959 3286 1115 3355 domicilii
1130 3287 1182 3356 sni
1197 3311 1264 3356 non
1278 3291 1401 3359 existat
1419 3318 1428 3358 :

281 3403 386 3486 potest
408 3392 496 3462 enim
514 3392 605 3460 citari
625 3391 753 3480 absens,
773 3400 818 3480 et,
842 3393 870 3460 si
889 3393 1122 3462 contumaciter
1140 3417 1207 3463 uon
1227 3407 1429 3488 compareat,

281 3499 439 3569 immissio
454 3499 489 3566 in
502 3499 589 3567 bona
604 3497 750 3590 ejusdcm
765 3499 837 3566 fieri
862 3499 910 3590 (ut
932 3508 1056 3568 constat
1077 3523 1119 3568 ex
1140 3501 1242 3592 capite
1264 3503 1428 3586 cauom,

283 3607 323 3677 de
341 3607 424 3676 Dolo
438 3621 470 3674 et
491 3605 733 3697 contumacia),
752 3615 782 3674 et
803 3607 960 3674 mutantia
981 3607 1196 3698 pronuntiari.
1219 3610 1350 3680 «nano
1363 3623 1430 3698 est,

287 3742 305 3782 o
327 3717 372 3784 ait
387 3714 677 3804 Schmalzgruebcr
694 3715 740 3805 (in
754 3714 803 3780 tit.
821 3718 854 3797 2,
869 3715 926 3782 lib.
944 3715 1118 3802 dilueret,
1134 3737 1168 3783 n.
1188 3718 1253 3806 15),
1268 3718 1353 3809 quia
1366 3741 1433 3809 per

288 3849 306 3888 a
328 3823 437 3892 lorum
449 3820 604 3892 domicilii
613 3819 649 3886 fit
660 3820 735 3911 quis
747 3819 892 3890 absolute
904 3819 1053 3888 subditus
1064 3819 1168 3911 judici
1181 3843 1241 3888 seu
1251 3817 1433 3910 magistra-

287 3954 305 3994 «
329 3931 376 3997 tui
390 3928 465 4016 loci,
482 3937 514 4002 ct
528 3927 600 3996 talis
616 3936 724 3995 manat
738 3949 943 4019 quocumque
959 3929 994 4000 iu
1009 3928 1080 3997 loco
1091 3928 1221 4016 cantat,
1238 3929 1301 3996 nisi
1318 3942 1434 3998 muta-

286 4061 304 4102 α
326 4036 411 4106 verit
426 4035 638 4104 domicilium.
656 4059 677 4101 n

330 4145 501 4236 Excipitur
522 4153 671 4210 umens
700 4142 854 4234 predicta
882 4143 1025 4234 generali
1048 4143 1186 4234 regula:
1215 4147 1248 4210 1·
1273 4144 1369 4213 Uxor
1400 4151 1434 4210 et

285 4251 396 4340 vidua,
420 4273 494 4344 quaa
515 4249 737 4322 convenienda
757 4259 804 4318 est
826 4253 860 4318 in
883 4251 952 4321 loco
976 4251 1132 4326 domicilii
1153 4251 1326 4341 maritalis,
1349 4251 1432 4320 uhi-
