3030 4980
518 539 594 590 rsus
616 537 761 590 secunus.
1145 521 1207 588 tte

115 663 149 728 t·
161 661 227 731 Nec
240 659 358 732 sufficit
378 659 519 733 formula
541 683 607 756 qua
626 663 806 756 Episcopus
825 663 955 735 Viosrio
974 681 1034 734 suo
1055 664 1210 733 eoncede-

68 775 120 836 ret
129 769 264 861 plenam
277 783 309 839 et
319 769 456 840 tiberem
468 771 664 862 facultatem
677 770 798 863 cpendi
811 773 925 842 omnia
946 793 1018 864 pua
1038 769 1106 863 ipse
1123 772 1208 862 Epi-

68 897 184 968 scopus
197 899 295 969 opere
310 889 431 971 potest,
453 875 517 946 nisi
536 877 636 948 simul
661 879 770 970 aliqua
793 877 945 972 specialis
967 879 1205 970 exprimantur.

68 981 166 1051 Ratio
176 992 224 1052 est
234 983 375 1076 quiajos
386 984 523 1076 requirit
536 984 726 1054 mandatum
737 985 875 1076 speciae
885 1011 896 1052 .·
908 1005 1006 1077 porro
1021 983 1209 1056 mandatum

69 1110 139 1157 non
149 1098 196 1158 est
207 1091 354 1183 speciata,
366 1091 428 1160 nisi
440 1091 475 1159 s'a
485 1090 757 1183 specieexprimat
767 1111 880 1162 causas
890 1091 931 1160 ad
945 1091 1209 1185 qussexpedien-

68 1194 130 1264 das
143 1195 277 1266 facultas
298 1197 504 1268 conceditur:
517 1198 686 1290 praeruisss
702 1207 810 1267 sutem
832 1199 975 1269 formula
993 1198 1118 1268 nullam
1138 1221 1211 1290 spe-

68 1302 332 1374 ciemoausarnm
344 1304 518 1397 exprimit3
530 1314 743 1395 ergononest
755 1303 944 1376 mandatum
953 1307 1111 1399 φθοίαἱο,Ι
1130 1329 1210 1396 ergo

69 1409 269 1480 insufficiens
279 1420 327 1480 ast
341 1412 426 1481 dicta
440 1413 583 1482 turmula
600 1413 642 1482 ad
665 1413 893 1482 conterendam
913 1413 1048 1484 vicario
1068 1415 1210 1504 genardi

66 1515 327 1608 jurisdictionem
348 1519 384 1587 in
402 1519 564 1612 specialia.
589 1519 630 1588 Et
654 1520 689 1588 in
713 1519 774 1588 hoc
799 1521 994 1589 mammitsr
1016 1523 1212 1590 concordare

69 1632 230 1713 auctores,
258 1626 332 1695 vide
357 1627 444 1717 apud
471 1625 670 1695 Lenrenium
695 1625 745 1716 (de
772 1627 907 1696 Vicariis
927 1627 1052 1720 Eposo,
1075 1646 1146 1720 esp.
1177 1633 1209 1716 3,

69 1753 103 1820 q.
123 1731 190 1822 99),
204 1739 236 1799 et
247 1731 335 1824 apud
349 1731 497 1800 Ferraria
511 1731 563 1824 (ad
580 1753 691 1802 vocem
711 1731 854 1802 Viaarias
867 1753 954 1823 perc,
965 1742 1027 1800 srt.
1042 1733 1075 1819 2,
1091 1753 1125 1801 u.
1141 1733 1207 1826 st).

117 1841 150 1904 3⁰
165 1837 231 1907 Nec
248 1829 368 1908 sufficit
385 1837 539 1926 formula,
559 1860 626 1930 qna
646 1837 825 1930 Episcopus
850 1847 1034 1928 testaretur,
1055 1861 1089 1908 se
1110 1839 1212 1910 Vica-

71 1945 121 2012 rio
136 1968 195 2016 suo
210 1945 395 2015 [teutatem
409 1944 594 2034 concedere,
611 1946 714 2014 etiam
727 1944 774 2014 ad
787 1967 826 2014 ea
848 1946 960 2014 omma
982 1967 1056 2039 qua
1074 1949 1213 2040 speciale

69 2051 270 2122 mandatum
278 2053 463 2146 requirunt,
473 2053 536 2121 nisi
546 2051 644 2122 simul
651 2053 811 2144 aliqnaex
819 2053 889 2121 istis
898 2053 1092 2145 specialibus
1101 2055 1212 2148 expri-

68 2169 149 2228 mat.
167 2159 250 2229 Nam
265 2183 368 2252 neque
383 2159 457 2228 talis
470 2159 614 2228 formrrla
627 2159 751 2251 aliquid
768 2159 806 2227 in
819 2161 922 2253 specie
942 2161 1115 2252 exprimit3
1134 2185 1212 2253 ergo

70 2289 137 2335 non
150 2277 200 2335 est
216 2266 405 2338 mandatum
418 2267 571 2360 speciale3
587 2289 667 2358 ergo
686 2266 884 2336 insufficiens
907 2276 956 2336 est
977 2269 1019 2338 sd
1041 2270 1213 2340 conteren-

69 2374 147 2443 dam
162 2373 297 2444 Vicario
308 2376 452 2467 generali
466 2375 500 2444 in
516 2374 666 2466 specialia
677 2373 945 2465 jurisdictionem.
960 2373 999 2443 ln
1014 2399 1080 2468 quo
1091 2380 1212 2469 pariter

69 2480 266 2551 concordare
279 2483 461 2551 canonistas
477 2480 551 2551 vide
562 2480 650 2572 apud
667 2479 763 2550 modo
778 2480 891 2550 citatos
905 2491 1065 2550 suctores.

115 2593 150 2657 t·
165 2587 203 2658 Si
217 2589 396 2682 Episcopus
410 2595 521 2658 utatur
533 2587 698 2681 praedictis
719 2585 885 2675 formulis,
906 2596 938 2656 et
955 2587 1055 2656 simul
1077 2589 1212 2681 insuper

68 2697 233 2788 exprimat
247 2697 360 2788 aliqua
375 2694 564 2766 mandstum
577 2693 714 2786 speciale
725 2693 935 2786 requirentia,
946 2693 1098 2764 Vicarius
1110 2717 1210 2787 gene-

69 2803 149 2872 ralis
160 2803 418 2895 jurisdictionem
444 2802 576 2871 habebit
596 2801 630 2869 in
652 2801 763 2871 omnia
784 2799 848 2869 alis
868 2800 1031 2893 specialis,
1046 2823 1122 2894 quas
1142 2826 1209 2874 non

68 2919 147 2980 suut
163 2910 284 3002 majora
298 2933 357 2980 seu
379 2910 532 3000 graviora
556 2909 730 3001 expressis.
752 2907 846 2990 Quod
872 2909 918 2977 sio
943 2910 1078 3001 exponit
1090 2909 1210 2980 Ferra-

69 3018 139 3088 rins
156 3015 208 3108 (ad
222 3039 334 3088 vocem
354 3016 499 3086 Vocatus
513 3015 684 3107 pensatas
702 3023 765 3082 art.
783 3019 816 3103 2,
830 3036 865 3082 n.
884 3014 957 3105 tt):
973 3016 1057 3085 «Ad
1071 3016 1210 3108 dignos-

73 3152 91 3190 α
112 3123 255 3194 cendum
275 3134 383 3193 autem
402 3145 462 3217 pro
482 3125 678 3217 quibusnam
694 3121 822 3192 ensibus
838 3121 954 3190 haheat
972 3123 1025 3192 vel
1046 3145 1114 3192 non
1130 3147 1209 3217 sps-

72 3257 90 3297 «
113 3229 194 3299 ciale
215 3231 417 3319 mandatum,
440 3230 536 3299 debet
557 3229 730 3319 diligenter
754 3227 870 3320 inspici
898 3237 930 3296 et
958 3230 1082 3300 mundi
1102 3231 1209 3302 torma

73 3365 90 3404 a
115 3339 287 3406 vicariatus
298 3359 354 3406 sen
364 3337 615 3408 instrumentum
623 3335 873 3423 commissionis,
885 3336 1208 3427 quoquisinstitutus

69 3467 88 3512 s
110 3446 174 3514 tuit
186 3445 336 3514 Vicarins
350 3445 529 3536 generalis:
547 3444 616 3532 ubi,
628 3443 656 3510 si
670 3442 806 3511 habetur
821 3441 1042 3533 soiitaappoui
1052 3443 1205 3534 formula,

72 3579 89 3618 a
111 3567 143 3620 et
155 3553 267 3621 omnia
282 3567 312 3621 et
322 3553 452 3645 aspasio
462 3551 608 3643 [adsueti
622 3563 654 3618 et
668 3547 904 3631 committendi,
922 3550 1052 3618 etianssi
1065 3553 1207 3622 mando-

73 3687 90 3726 a
113 3674 187 3728 tam
196 3661 330 3752 esipant
340 3659 477 3751 mariale
491 3711 543 3746 ...,
556 3671 646 3744 tuus,
660 3657 690 3725 si
699 3656 879 3749 Episcopus
889 3665 982 3725 antes
991 3660 1146 3726 concessit
1155 3662 1207 3730 vel

70 3794 87 3834 a
111 3767 403 3860 expressitaliquos
414 3787 507 3836 casus
516 3765 652 3858 speciale
662 3763 850 3832 mandatum
859 3763 1070 3854 requirentes,
1081 3766 1206 3858 adjecta

69 3903 87 3941 a
109 3875 317 3967 postmodum
331 3875 417 3942 dieta
431 3871 586 3957 clausula,
603 3871 721 3963 poterit
742 3871 893 3940 Vioarius
904 3871 1001 3939 etiam
1018 3871 1085 3940 alia
1102 3871 1206 3944 tacere

70 4009 87 4048 a
112 4005 187 4074 qnae
204 3981 372 4072 requirunt
387 3979 523 4071 speciale
540 3977 744 4056 mandatum
763 3975 940 4045 dummodo
955 3999 1021 4046 uon
1040 3978 1106 4047 sint
1126 4003 1207 4072 gra-

70 4117 88 4156 α
111 4091 204 4158 viora
219 4088 270 4158 vel
285 4087 408 4177 majora
421 4085 582 4178 expressis
599 4111 607 4150 ι
623 4090 720 4174 prout
735 4082 770 4151 in
786 4083 885 4150 simili
905 4082 1041 4153 habetur
1061 4085 1205 4158 decisum

70 4223 87 4262 a
110 4196 221 4289 quoad
235 4200 460 4288 procuratores
472 4193 508 4262 in
521 4191 626 4281 capita
644 4189 709 4274 Qui
725 4189 771 4258 ad
783 4188 949 4280 opecdum
964 4192 1009 4282 (l,
1025 4189 1065 4260 dc
1083 4197 1206 4265 Procu-

71 4331 91 4371 α
113 4303 289 4384 sutoribus,
309 4303 344 4370 in
358 4303 405 4392 6),
415 4309 446 4370 et
459 4297 706 4384 Clementinat,
716 4295 756 4364 de
764 4297 1054 4381 tessaracosten
1067 4322 1104 4369 ac
1119 4313 1208 4375 notat
