3056 4972
281 395 342 462 2t8
652 415 827 462 reimarus
849 414 888 462 nn
909 413 1040 460 runicus.

280 535 452 606 dictionem
469 535 575 623 habet,
592 558 659 606 non
679 559 772 628 posse
793 535 935 628 delegari
960 534 1024 604 nisi
1046 533 1302 626 jurisdictionem
1317 537 1415 605 terri-

279 644 386 713 toriali
413 643 533 736 pariter
560 645 854 737 circumscriptione
882 651 1084 714 coarctatam.
1111 642 1297 734 Delegatus,
1322 645 1416 713 verbi

279 751 396 841 gratia,
427 753 578 845 Episcopi
606 752 786 820 censendus
810 773 938 844 semper
961 759 1009 820 est
1035 751 1170 840 (etiamsi
1200 751 1234 818 in
1260 751 1416 819 mandato

279 879 346 927 non
361 858 608 949 exprimeretur)
623 857 881 949 jurisdictionem
905 858 1023 928 habere
1046 856 1208 926 territorio
1228 856 1413 946 alligatam,

279 964 356 1057 quia
370 964 410 1034 ad
426 987 592 1034 summum
612 964 701 1034 illam
726 965 856 1034 habebit
875 965 911 1033 in
933 972 998 1033 tota
1018 962 1159 1051 dioeeesi,
1175 986 1241 1033 non
1257 985 1334 1032 vero
1359 963 1417 1032 ul-

278 1080 347 1157 tra3
372 1094 446 1140 cum
472 1071 649 1164 Episcopus
671 1093 738 1142 non
765 1073 865 1163 possit
892 1078 1079 1162 potestatem
1105 1093 1202 1162 quam
1224 1093 1290 1140 non
1317 1069 1419 1138 habet

280 1178 372 1248 alteri
385 1178 613 1248 transmittere.
632 1179 738 1250 Aliter
748 1178 921 1249 dicendum
937 1178 977 1248 de
991 1178 1091 1270 Papa,
1103 1178 1157 1246 cui
1169 1185 1256 1246 totus
1270 1177 1418 1246 mundus

280 1284 479 1355 territorium
494 1295 552 1356 est.

325 1396 358 1460 2⁰
380 1392 517 1474 Quando
539 1393 722 1484 jurisdictio
746 1394 893 1484 delegata
918 1393 1017 1464 alicui
1044 1392 1232 1484 particulari
1252 1390 1418 1460 territorio

279 1498 435 1588 affigitur,
458 1500 499 1568 ad
525 1499 753 1570 affirmandam
773 1500 891 1592 judicis
911 1499 1049 1590 delegati
1075 1497 1323 1590 competentiam
1348 1519 1418 1566 non

279 1604 397 1674 sufficit
416 1629 544 1676 causam
564 1607 604 1676 de
620 1630 686 1701 qna
705 1608 826 1698 agitur,
841 1616 873 1676 et
893 1629 1046 1698 personas
1067 1609 1151 1675 inter
1164 1628 1245 1698 quas
1260 1603 1415 1693 vertitur,

278 1711 402 1781 esseda
428 1735 565 1783 numero
587 1737 700 1784 earum
715 1715 846 1806 inques
870 1736 927 1805 per
940 1713 1083 1806 diploma
1104 1711 1313 1802 delegationis
1335 1733 1417 1780 con-

279 1819 384 1887 fertur
401 1820 600 1909 jurisdicti03
619 1821 675 1890 sed
695 1821 912 1890 necessarium
934 1828 982 1890 est
1002 1820 1137 1912 insuper
1151 1817 1311 1888 verificari
1335 1817 1417 1886 alias

278 1925 491 2013 conditiones,
502 1951 543 1995 ex
556 1937 646 2018 parte
661 1927 967 2020 circumscriptionis
982 1926 1183 1996 territorialia
1199 1925 1414 2010 neeessarias;

278 2055 353 2126 quae
380 2056 496 2126 nempe
521 2035 700 2126 respiciunt
720 2034 934 2122 domicilium,
950 2035 1057 2104 locum
1077 2034 1113 2101 in
1128 2055 1194 2124 quo
1212 2032 1274 2101 sita
1298 2043 1346 2100 est
1363 2054 1418 2102 res

279 2141 318 2210 de
335 2163 401 2232 qua
420 2139 637 2227 contenditur,
653 2142 825 2234 locumque
845 2142 879 2210 in
901 2164 967 2234 quo
990 2150 1138 2234 peractus
1161 2149 1209 2210 est
1231 2147 1417 2210 contractus

279 2250 332 2316 vel
356 2254 517 2338 patratum
545 2247 709 2317 delictum.
736 2247 896 2329 Quaenam
920 2257 1030 2317 autem
1054 2249 1118 2318 sint
1140 2269 1187 2316 eae
1213 2247 1417 2316 conditiones

280 2354 505 2424 territorialem
533 2355 862 2448 circumscriptionem
891 2355 1110 2446 respicientes,
1138 2354 1284 2444 sequenti
1313 2353 1417 2444 capite

278 2461 508 2554 expendimus,
524 2462 651 2552 agendo
679 2486 794 2555 nempe
814 2463 853 2532 de
874 2461 1042 2534 ordinaria
1063 2460 1312 2554 jurisdictione:
1339 2483 1417 2529 nam

280 2569 348 2637 sive
379 2567 555 2656 ordinaria,
583 2569 937 2642 siveextraordinaria
967 2568 1007 2637 sit
1035 2567 1218 2660 jurisdictio
1245 2591 1321 2658 qum
1350 2577 1418 2636 ter-

279 2674 465 2744 ritorialiter
495 2675 784 2762 circumscribitur,
814 2675 937 2745 eedem
974 2697 1015 2743 ex
1047 2697 1084 2744 ea
1118 2674 1418 2766 circumscriptione

279 2780 478 2851 conditiones
504 2781 636 2852 relative
660 2783 700 2852 ad
728 2783 974 2875 competentiam
1003 2791 1179 2872 exurgunt.
1208 2781 1246 2850 Si
1270 2804 1351 2870 crgo
1376 2805 1417 2851 ex

279 2897 371 2981 parte
396 2889 514 2958 hurum
539 2888 760 2960 conditionum
783 2912 860 2959 mox
883 2888 1147 2980 exponendarum
1170 2887 1253 2956 nihil
1273 2888 1416 2975 deficiat,

279 3005 311 3065 et
339 2995 469 3064 aliunde
495 3019 535 3064 ex
569 2995 720 3065 mandato
746 2995 956 3085 delegationis
983 3002 1106 3064 constet
1137 2993 1241 3086 judici
1269 2995 1418 3087 delegato

279 3101 428 3172 collatam
454 3101 553 3172 fuisse
576 3101 833 3194 jurisdictionem
854 3102 890 3172 in
908 3124 980 3170 eam
1007 3124 1178 3172 causarum
1204 3111 1236 3170 et
1258 3125 1418 3194 persona-

280 3233 356 3278 rum
372 3209 524 3299 speciem,
539 3209 694 3300 adquam
716 3211 855 3300 pertinet
874 3231 970 3278 causa
991 3208 1194 3299 particularis
1209 3209 1249 3278 de
1266 3233 1333 3301 qua
1346 3210 1418 3300 agi-

282 3326 347 3402 tur,
364 3314 622 3384 concludendum
641 3316 703 3384 erit
724 3317 868 3407 judicem
889 3314 983 3384 illum
1005 3315 1137 3384 relative
1159 3315 1201 3386 ad
1216 3315 1300 3384 hanc
1316 3318 1419 3409 parti-

282 3423 425 3492 cularem
459 3444 589 3490 causam
627 3443 696 3490 esse
734 3431 967 3514 competentem
996 3450 1004 3491 ε
1042 3421 1139 3491 modo
1178 3431 1287 3492 tamen
1317 3423 1418 3517 (quod

281 3550 409 3620 semper
435 3527 696 3598 subaudiendum
730 3529 789 3619 est)
818 3529 921 3620 ipsius
959 3528 1143 3620 jurisdictio
1182 3551 1339 3620 suspensa
1367 3531 1419 3600 vel

280 3637 405 3706 sublata
426 3659 491 3705 non
508 3637 618 3723 fuerit,
635 3637 868 3708 interveniente
892 3639 1000 3729 aliqua
1020 3661 1062 3706 ex
1083 3638 1170 3706 infra
1184 3640 1418 3708 enumerandis

280 3743 530 3812 circumstantiis
544 3765 619 3835 quaa
643 3743 732 3811 hunc
751 3743 901 3815 effectum
926 3744 1056 3814 habent.
1073 3745 1153 3812 Haec
1171 3745 1212 3812 de
1232 3757 1418 3838 competen-

281 3849 325 3918 tia
349 3871 408 3940 per
429 3848 662 3940 delegationem
686 3851 855 3942 acquisita.
872 3851 967 3920 Nunc
988 3853 1029 3920 ad
1051 3851 1131 3920 elios
1151 3852 1264 3921 modos
1288 3876 1417 3945 cumpe-

281 3957 413 4025 tentiam
442 3957 476 4024 vi
500 3955 734 4047 jurisdictionis
762 3957 1030 4028 extraordinarie
1058 3958 1247 4050 acquirendi
1277 3959 1417 4050 gradum

279 4062 447 4131 faciamus.

322 4169 362 4240 11.
382 4171 429 4238 De
443 4169 672 4259 jurisdictione
691 4194 753 4263 per
765 4172 1036 4266 prorogationem
1054 4171 1227 4264 acquisito.
1245 4211 1290 4224 —
1305 4173 1350 4246 Ut
1365 4172 1416 4242 di-
