3030 4980
291 480 353 546 432
665 502 841 548 reserares
861 505 901 549 na
922 501 1055 551 marcas.

287 641 345 710 per
368 620 515 712 papalem
546 621 708 712 ejusmodi
734 622 981 712 delegationem,
1006 621 1200 692 industriam
1225 622 1428 716 personalem

286 727 447 819 Episcopi)
465 727 610 816 rigorose
625 729 754 819 probari
775 731 899 822 nequit.
924 731 1059 800 Sublata
1080 737 1191 798 autem
1209 729 1268 798 hac
1288 727 1427 816 ratione,

287 835 368 901 nihil
391 835 495 903 obstat
521 837 601 927 quin
627 839 728 928 possit
747 838 927 929 Episcopus
952 838 1053 906 dictas
1078 859 1191 905 causas
1209 835 1344 908 Vicario
1369 859 1430 904 suo

287 941 510 1031 subdelegare.

331 1048 474 1129 Qeasrio
491 1053 560 1116 21².
577 1089 622 1102 -
638 1053 689 1119 Aa
703 1051 770 1120 siae
791 1052 927 1142 speciali
945 1051 1102 1120 mandato
1115 1051 1218 1142 possit
1230 1050 1338 1119 aalide
1352 1073 1431 1118 ma-

287 1156 450 1224 trimoniis
476 1157 642 1224 assistere?
657 1197 702 1210 -
720 1157 794 1226 Jam
818 1157 1019 1227 ostendimus
1046 1181 1146 1250 supra
1161 1158 1274 1248 (capite
1302 1161 1335 1242 2,
1352 1157 1375 1247 ξ
1396 1162 1428 1244 2,

285 1287 319 1354 q.
330 1268 369 1348 ¹2,
381 1285 414 1330 n.
431 1262 461 1353 3)
473 1262 700 1332 affirmativam
715 1265 908 1332 sententiam
921 1273 1015 1332 extra
1028 1287 1159 1333 omnem
1174 1265 1431 1332 controversiam

287 1371 395 1452 ivisse,
424 1391 481 1460 per
508 1369 703 1460 multiplices
726 1371 770 1437 ihi
801 1379 994 1438 memoratas
1024 1370 1133 1440 Sacrae
1161 1370 1432 1460 Congragationis

286 1477 422 1546 Concilii
450 1476 692 1546 declarationes.
725 1476 916 1546 Tenendum
947 1499 1063 1568 nempe
1099 1486 1253 1569 tanquam
1288 1485 1429 1562 certum,

289 1589 321 1650 1⁰
342 1606 434 1676 posse
450 1584 619 1654 Vicarium
634 1584 831 1674 generalem,
850 1584 984 1675 perinde
999 1607 1036 1652 ac
1051 1584 1241 1675 perdebam,
1256 1583 1431 1652 matrimo-

288 1693 351 1760 niis
376 1691 483 1762 valide
510 1693 656 1760 assistere
684 1691 805 1782 absque
831 1692 900 1760 ulla
926 1692 1058 1783 speciali
1081 1691 1233 1783 Episcopi
1257 1690 1429 1779 facultate;

288 1804 321 1866 2⁰
349 1798 383 1865 id
406 1819 497 1889 posse
525 1798 695 1867 Vicarinm
723 1799 922 1888 generalem,
950 1798 1076 1866 ehamsi
1102 1799 1234 1866 nonsit
1261 1797 1429 1883 sacerdos;

290 1909 321 1971 3⁰
337 1926 428 1994 posse
452 1903 616 1989 eumdem,
633 1904 701 1972 sive
722 1903 871 1972 sacerdos
890 1905 930 1971 sit
949 1905 1018 1972 sive
1034 1925 1112 1991 non,
1128 1904 1221 1972 alteri
1244 1901 1432 1970 facultatem

287 2012 391 2078 facere
411 2009 580 2078 assistendi
599 2009 707 2077 valide
734 2010 961 2096 matrimoniis,
977 2010 1074 2079 modo
1097 2011 1157 2078 iste
1179 2009 1260 2077 alter
1281 2008 1432 2076 sacerdos

289 2119 341 2186 sit.
367 2117 461 2186 Ratio
487 2125 595 2184 autem
621 2114 739 2184 horum
763 2126 822 2203 cst,
849 2116 937 2208 qnod
962 2116 1114 2186 Vicarius
1141 2115 1302 2206 generalis
1326 2141 1342 2180 a
1364 2137 1433 2182 noa

292 2251 309 2290 a
334 2225 441 2292 minus
454 2224 494 2292 sit
505 2221 698 2291 Ordinarius
709 2246 808 2314 quam
819 2222 1306 2315 parochus,respcctuomninm
1317 2221 1432 2288 subdi·

293 2359 309 2396 c<
334 2340 442 2400 torum
458 2329 609 2399 oannihus
623 2329 772 2421 parochis
786 2330 943 2416 diaecesis,
961 2339 992 2398 et
1007 2352 1073 2398 non
1087 2331 1198 2398 minus
1214 2330 1256 2396 sit
1269 2327 1432 2420 parochus

293 2464 310 2506 c
333 2437 548 2530 parochorum
570 2459 668 2529 quam
694 2437 918 2529 Episcopus»
944 2445 981 2506 ut
1000 2435 1078 2505 dicit
1103 2438 1285 2505 Leurcnius
1304 2435 1354 2525 (de
1377 2437 1434 2502 Vi-

290 2547 386 2614 cerias
409 2546 533 2636 Episc,
559 2567 628 2634 cap.
654 2547 686 2630 3,
703 2567 735 2634 q.
764 2543 839 2634 162)
861 2543 1018 2612 :aliunde
1043 2552 1150 2612 actem
1176 2565 1217 2611 ex
1241 2541 1434 2610 Tridentino

290 2654 435 2744 Synodo,
452 2653 559 2720 valida
583 2651 790 2719 matrimonia
815 2661 891 2719 sunt
918 2674 993 2742 quae
1016 2651 1219 2720 celebrantur
1237 2675 1254 2714 c
1275 2657 1434 2742 prasente

293 2789 310 2828 c
334 2760 473 2852 parocho
489 2759 541 2826 vel
558 2759 625 2826 olio
643 2757 877 2840 sacerdotem
900 2758 1003 2848 ipsius
1024 2758 1170 2850 parochi,
1186 2757 1239 2826 vel
1262 2757 1436 2826 Ordiamii

294 2895 311 2933 a
334 2867 475 2935 licentia.
489 2892 506 2931 a
528 2865 623 2954 (Sass.
643 2869 699 2951 24,
710 2887 782 2955 cap.
802 2863 1144 2956 1,deRes.Motrim.)
1161 2863 1197 2932 Si
1210 2866 1298 2932 enim
1314 2864 1434 2932 sufficit

291 2975 462 3066 praesentia
481 2972 611 3042 alterins
637 2971 812 3039 sacerdotis
826 2971 866 3039 de
887 2971 1057 3040 Ordocorii
1073 2972 1216 3053 licentio,
1234 2993 1314 3062 ergo
1333 2972 1435 3039 licen-

290 3084 368 3150 tiam
394 3081 477 3149 hanc
505 3079 582 3148 dare
608 3087 713 3170 potest
739 3079 891 3148 Vicarius
923 3079 1100 3167 generalis,
1125 3101 1199 3148 eum
1227 3079 1337 3147 veniat
1373 3080 1435 3146 sub

291 3189 422 3259 nominc
447 3187 623 3256 Ordinarii.
650 3185 745 3267 Quod
771 3194 879 3254 autem
906 3185 1116 3271 Ordinarius,
1142 3185 1197 3276 qui
1222 3194 1327 3276 potest
1348 3186 1436 3254 banc

291 3300 452 3368 licentiam
475 3295 569 3364 alteri
588 3295 677 3381 dare,
694 3293 827 3385 possita
847 3293 973 3361 fortiori
998 3295 1066 3384 ipse
1080 3293 1188 3361 vahde
1213 3293 1437 3362 matrimoniis

292 3407 451 3490 assistere,
473 3424 531 3494 per
553 3423 586 3468 sc
610 3408 720 3490 patet:
741 3408 772 3468 et
786 3399 859 3468 idco
881 3400 1052 3468 dumtaxat
1079 3400 1161 3469 illud
1182 3423 1249 3468 uon
1273 3401 1438 3491 expressit

292 3511 482 3582 Tridentina
503 3509 668 3598 Synodus,
683 3508 760 3598 quia
781 3507 896 3575 inutile
910 3517 979 3575 erat
993 3507 1191 3599 exprimere.
1208 3507 1245 3575 Si
1263 3507 1339 3598 quis
1355 3529 1438 3575 vero

292 3626 445 3712 opponat,
462 3639 502 3684 cs
519 3614 586 3682 solo
602 3613 795 3682 Tridentino
810 3623 901 3682 textu
918 3637 987 3682 rem
1003 3636 1069 3682 non
1090 3613 1171 3682 adeo
1186 3636 1245 3705 per
1259 3636 1294 3681 se
1310 3622 1435 3704 patere,

294 3749 417 3796 retorem
432 3732 522 3814 gerat
539 3722 723 3789 memoratis
737 3721 845 3790 Sacrae
861 3720 1130 3810 Congregationis
1140 3720 1277 3789 Concilii
1292 3719 1439 3788 decisio·

294 3837 402 3920 nibus,
420 3853 495 3923 quae
514 3838 640 3896 textum
663 3828 756 3896 illum
779 3829 840 3896 hoc
865 3851 961 3896 sensu
982 3826 1198 3895 declararant.
1220 3827 1326 3895 Hodie
1344 3833 1438 3898 enim

285 3940 469 4032 pertinacia
491 3938 525 4004 in
545 3935 746 4004 contrarium
769 3935 903 4003 nonnisi
922 3934 1035 4026 capitis
1055 3934 1254 4003 debilitatem
1268 3942 1436 4024 argueret.

339 4049 626 4128 Quasr1022².-
640 4045 688 4110 Aa
707 4043 810 4133 possit
824 4042 943 4133 absque
963 4042 1095 4132 speciali
1121 4041 1279 4110 mndata
1303 4043 1441 4111 abitare

294 4153 501 4233 moreesterio,
514 4149 702 4242 hospitalia,
714 4150 847 4241 aliaque
861 4149 929 4218 loco
938 4151 1000 4240 pio
1014 4175 1025 4215 :
1038 4150 1118 4217 item
1131 4149 1290 4218 Ecclesiae
1302 4173 1438 4241 esemp-

298 4283 358 4348 tas,
376 4262 429 4330 vel
448 4259 568 4328 cullius
588 4257 749 4326 dioecesis?
765 4293 807 4310 -
825 4261 856 4323 1⁰
876 4255 1079 4326 Affirmative
1101 4257 1365 4348 respondendum
1390 4265 1437 4324 est
