3046 4968
257 441 318 510 130
626 461 800 510 rcccrnros
825 465 861 510 or
883 463 1016 511 spurcus.

254 597 323 654 tum
352 593 399 653 est
425 585 458 653 id
483 585 626 676 judicem
652 587 846 676 regulariter
869 609 972 679 posse.
1000 589 1160 678 «Aperte
1188 593 1324 674 constat,
1350 583 1394 654 ait

257 721 275 758 ι
298 692 587 782 Schmalzgrueber
601 693 682 785 (loco
694 693 801 780 citato,
815 715 850 764 n.
867 693 921 783 te)
936 694 1061 783 exlege
1078 694 1289 786 Quommquc
1305 697 1339 779 2,
1356 693 1390 762 n.

165 803 168 810 '
257 828 274 867 ι
298 800 339 869 Si
346 801 418 891 quis
427 800 462 868 in
468 801 539 891 jus,
548 807 579 868 et
585 800 656 890 lege
664 801 705 869 Si
713 801 784 893 puis
793 799 863 886 cit.;
876 800 1077 870 ubidicitur:
1090 801 1245 871 Praetoris
1254 801 1393 868 estuati-

259 935 276 974 ι
299 931 391 976 more
405 931 451 976 on
465 931 526 977 sua
540 908 583 976 sit
591 907 794 999 jucisdictc'o.
812 909 908 976 Ratio
923 918 971 976 est
986 909 1064 998 quia
1079 907 1268 999 hujusmodi
1283 929 1393 994 causa,
1518 937 1519 1008 j

258 1043 275 1082 ι
299 1017 372 1088 licet
386 1017 529 1108 propriae
551 1015 666 1084 similis
688 1015 741 1102 sit,
758 1039 874 1084 revere
891 1024 1000 1085 tamen
1016 1039 1083 1085 non
1097 1025 1145 1084 est
1159 1016 1303 1108 propria,
1318 1038 1393 1084 cnm

255 1150 272 1212 ιι
295 1125 365 1215 ejus
380 1122 587 1196 commodum
607 1132 639 1192 et
656 1123 778 1192 utilitas
794 1124 835 1192 ad
853 1123 998 1214 judicem
1020 1145 1086 1192 nou
1105 1123 1274 1214 pertineat.
1293 1123 1395 1190 Acce·

255 1259 272 1297 ι
295 1231 344 1299 dit
358 1231 435 1322 quia
450 1231 575 1322 praevia
590 1231 749 1322 ejusmodi
763 1231 905 1320 cognitio
919 1231 1100 1300 necessaria
1114 1238 1163 1298 est
1177 1239 1213 1298 ut
1226 1228 1395 1320 judicandi
1519 1263 1520 1326 ι

253 1362 270 1401 ιι
296 1357 430 1404 munere
445 1335 506 1405 rite
522 1335 616 1424 fungi
635 1336 738 1428 judex
755 1337 866 1429 possit.
884 1337 1035 1405 Procedit
1048 1343 1157 1405 autem
1178 1336 1240 1404 hoc
1259 1335 1394 1426 repula-

253 1469 270 1510 a
294 1444 385 1511 riter.
403 1441 486 1511 Nam
505 1443 627 1536 triplici
648 1466 725 1512 casu
746 1466 941 1534 cognoscere
961 1443 1001 1512 de
1017 1442 1246 1533 jurisdictione
1263 1441 1297 1510 in
1316 1463 1394 1508 con-
1519 1429 1520 1440 ¹

253 1577 270 1616 ιι
295 1550 487 1619 troversiem
500 1558 613 1636 tracta,
627 1573 669 1618 an
686 1571 745 1620 sua
761 1552 814 1637 sit,
829 1550 942 1644 nequit
960 1579 968 1618 :
989 1555 1021 1618 1·
1031 1549 1163 1642 quando
1174 1549 1325 1642 objicitur
1336 1547 1394 1616 de-

254 1683 271 1723 «
294 1657 395 1726 iectus
417 1655 575 1745 sugillans
601 1679 773 1749 personam
795 1658 953 1749 ejusdem,
978 1657 1070 1726 verbi
1098 1657 1216 1746 gratia,
1242 1655 1331 1748 quod
1353 1655 1394 1722 sit
1520 1715 1521 1740 p

253 1791 269 1828 ιι
293 1764 605 1848 excommunicatus,
624 1765 767 1850 infamis,
782 1765 1023 1855 jurisdictionis
1039 1765 1196 1856 incapex;
1215 1768 1247 1831 ι·
1262 1762 1394 1854 quando

253 1899 271 1936 ιι
294 1881 461 1940 recusatur
481 1880 516 1938 ut
537 1882 717 1964 suspectus,
740 1872 803 1940 nisi
821 1873 968 1964 exceptio
986 1872 1179 1964 suspicionis
1195 1873 1237 1942 sit
1254 1871 1389 1956 trivola;

253 2006 270 2044 ιι
295 1983 327 2046 3⁰
343 1979 369 2046 si
383 1977 485 2070 judex
499 1979 593 2069 cujus
605 1979 790 2070 jurisdictio
803 1979 902 2048 dubia
919 1989 978 2062 est,
997 2002 1039 2049 ex
1054 1981 1237 2070 cognitione
1252 1978 1395 2049 notabile

252 2112 269 2150 ιι
292 2083 548 2154 emolumentum
569 2095 782 2178 percepturus
799 2097 860 2156 est.
880 2113 897 2152 c
921 2087 1237 2177 (Sohmalzgrueber,
1257 2087 1292 2154 in
1315 2086 1395 2154 titu·
1521 2157 1522 2188 p

247 2193 317 2262 lum
336 2197 349 2259 1
368 2193 407 2262 de
422 2192 569 2275 tudiciis,
586 2192 663 2261 libri
679 2197 697 2260 t
713 2195 942 2282 Deoretalium‚
958 2219 992 2263 n.
1013 2195 1081 2284 1⁹.)

292 2301 485 2374 Notandum
494 2301 764 2392 circopratdictos
774 2303 985 2395 exceptiones.
999 2341 1043 2356 -
1052 2303 1173 2395 Aliquo
1183 2325 1281 2372 sensu
1291 2310 1395 2396 potest

248 2411 402 2479 sustineri
425 2407 548 2477 nullam
572 2409 643 2478 dari
666 2411 890 2532 exceptionem
909 2411 951 2479 ad
965 2411 1165 2530 praecipuam
1185 2410 1274 2478 illam
1296 2431 1395 2499 regu-

248 2516 341 2585 lam'
330 2515 427 2607 Juris,
444 2538 510 2606 qua
525 2526 730 2607 praecavetur
748 2539 790 2585 oc
804 2541 877 2608 ques
857 2517 995 2608 judeo
1013 2519 1055 2585 sit
1075 2517 1109 2584 in
1123 2517 1262 2609 propriu
1281 2538 1392 2585 causo.

247 2625 368 2695 Nam
345 2649 372 2692 ιι
385 2647 449 2692 vox
459 2623 649 2714 judicium
642 2647 676 2692 m
688 2647 727 2693 ea
740 2626 852 2694 stricta
867 2626 1105 2748 signitipatione
1116 2633 1277 2712 sumatur,
1294 2647 1395 2716 quem

247 2734 282 2800 in
305 2733 412 2823 prima
431 2731 570 2799 sectione
594 2730 898 2821 determinavimus,
917 2697 983 2800 ita
984 2755 1101 2824 nempe
1124 2742 1161 2801 ut
1182 2733 1243 2802 hoc
1264 2731 1395 2800 {romine

247 2836 458 2928 intelligenda
471 2837 641 2905 dumtaxat
655 2839 766 2907 veniat
778 2841 939 2906 sententio
953 2839 1099 2929 alicujus
1109 2839 1149 2908 o'e
1162 2863 1197 2908 co
1211 2839 1301 2932 quod
1312 2840 1397 2908 ulter

249 2958 362 3016 contro
388 2945 523 3014 tertium
545 2947 714 3036 postulot;
734 2955 767 3013 et
789 2955 1021 3036 consequenter
1047 2947 1075 3014 si
1101 2947 1309 3038 magistratus
1330 2969 1395 3014 non

249 3051 428 3122 censendus
439 3053 480 3120 sit
484 3051 695 3142 judicialiter
705 3075 762 3121 seu
780 3063 933 3145 tanquam
945 3053 1081 3145 proprie
1089 3054 1197 3145 judea
1207 3053 1393 3146 procedere,

251 3161 317 3228 nisi
336 3159 420 3227 adsit
434 3159 468 3226 in
488 3159 626 3249 judicio,
644 3169 763 3251 prester
782 3160 939 3253 judicem,
965 3160 1084 3252 aliquis
1107 3164 1207 3229 Actor
1226 3168 1260 3227 et
1277 3160 1395 3252 aliquis

250 3259 350 3350 Reus,
369 3265 534 3355 praedictae
554 3267 763 3358 exceptiones
778 3277 995 3353 evanescunt3
1015 3268 1092 3358 quia
1108 3267 1149 3335 iis
1163 3266 1313 3336 admissis
1329 3289 1395 3335 non

231 3409 234 3419 ·
252 3373 413 3466 reperitur
429 3371 531 3440 ullum
553 3374 683 3465 proprie
703 3373 825 3442 dictum
843 3373 1005 3466 judicium
1019 3375 1053 3442 in
1073 3397 1137 3466 quo
1152 3373 1256 3465 judex
1275 3373 1315 3440 de
1337 3397 1395 3440 sna

252 3479 383 3574 propria
410 3501 506 3548 causa
529 3478 691 3548 decernat.
722 3482 835 3549 Primo
859 3482 948 3549 enim
972 3481 1013 3549 ad
1034 3479 1176 3572 judicem
1205 3501 1394 3572 supremum

252 3587 340 3681 quod
364 3587 488 3672 attinet,
513 3587 645 3678 quando
662 3586 788 3655 dirimit
808 3611 937 3658 causam
959 3589 1067 3680 ipsum
1090 3588 1174 3656 inter
1195 3596 1227 3655 et
1249 3586 1396 3658 subditos

252 3706 506 3779 controversam,
527 3692 700 3762 dicendum
725 3696 759 3763 id
783 3695 916 3786 quidem
938 3717 1032 3787 posse
1056 3695 1097 3762 ab
1123 3695 1194 3786 ipso
1218 3695 1345 3786 peregi3
1364 3705 1396 3761 at

252 3806 288 3872 in
299 3826 336 3872 eo
348 3798 543 3893 procedendi
556 3799 653 3869 modo
668 3823 733 3870 non
748 3802 809 3870 erit
821 3803 951 3894 proprie
965 3802 1088 3870 dictum
1101 3801 1266 3892 judicium
1277 3825 1395 3892 agnos-

255 3907 407 3990 cendum,
429 3928 503 3974 cum
526 3906 561 3974 in
581 3927 618 3974 eo
637 3907 719 3975 desit
738 3909 839 3977 Actor
857 3909 909 3977 vet
930 3909 1018 3978 Reus
1042 3931 1062 3976 a
1083 3907 1193 3999 judice
1211 3907 1393 3978 distinctus.

255 4014 417 4095 Secundo,
451 4014 535 4083 idem
564 4013 751 4084 verificatur
778 4017 812 4084 in
840 4016 1024 4086 memoratis
1050 4016 1295 4107 exceptionibus
1321 4039 1396 4108 quse

256 4134 390 4194 caeteros
410 4121 535 4213 judices
561 4124 741 4213 respiciunt
758 4151 765 4190 :
782 4125 816 4191 in
838 4124 878 4190 iis
900 4145 1015 4212 nempe
1039 4123 1179 4209 casibus,
1205 4124 1255 4190 vel
1277 4123 1395 4190 falsum

255 4246 301 4304 est
318 4254 372 4300 eos
384 4231 530 4321 judicare
546 4232 579 4298 in
597 4233 728 4322 propria
743 4252 852 4316 cansa,
871 4232 920 4299 vel
938 4240 1014 4298 tune
1030 4240 1133 4320 agunt
1148 4240 1305 4324 tanquam
1323 4254 1395 4299 ma-
