3046 4962
280 485 318 550 m
649 501 826 550 reserares
849 505 887 550 ox
908 501 1041 550 runicus.

276 625 432 712 afficiunt,
450 623 561 694 eodem
577 634 608 692 et
625 648 683 692 uos
699 649 794 693 sensu
812 625 926 694 thesim
948 623 1170 694 sustinendam
1190 621 1410 714 aggredimur.

275 734 506 801 Praetermissis
535 756 612 821 ergo
640 734 988 819 excommunicatione,
1012 733 1233 824 suspensione,
1260 731 1357 802 officii
1384 741 1415 799 et

274 842 440 910 fructuum
458 841 650 932 privatione,
667 863 725 908 nec
745 863 811 908 noe
825 841 1069 930 degradatione,
1084 840 1221 910 dicimus
1241 840 1414 908 Ecclesiam
1506 844 1507 880 ³

275 958 430 1039 perpetuo
444 971 536 1015 usenr
556 969 624 1014 esse
642 947 737 1014 etiem
758 950 862 1038 poenis
882 947 1104 1039 corporalibus
1126 956 1158 1014 et
1181 947 1415 1038 temporalibus

274 1058 404 1148 proprie
430 1055 546 1139 dictis;
573 1077 701 1145 nempe,
718 1054 921 1138 verberibus,
938 1077 1077 1141 carcere,
1101 1053 1247 1145 jejuniis,
1271 1053 1411 1139 mulctis,

274 1163 384 1247 exilio,
394 1171 425 1230 et
437 1161 611 1248 similibus;
623 1169 757 1252 excepte
768 1170 875 1228 tamen
890 1161 1071 1250 sanguinis,
1083 1160 1116 1228 id
1126 1168 1186 1248 est,
1203 1159 1415 1228 mutilationis

274 1279 306 1339 et
322 1270 434 1342 mortis
449 1291 555 1360 poene.
574 1270 665 1336 Dicta
678 1278 786 1336 autem
809 1270 956 1360 exceptio
974 1267 1081 1361 quoad
1098 1291 1228 1360 poenam
1245 1267 1415 1356 sanguinis

274 1387 361 1445 certa
385 1387 454 1452 est;
479 1398 553 1443 narn
576 1375 719 1444 Ecclesia
744 1397 871 1466 semper
891 1375 1004 1443 babuit
1027 1363 1182 1467 tanquam
1206 1374 1334 1465 spiritui
1354 1397 1415 1442 suo

218 1537 221 1544 .
275 1483 474 1550 contrarium
489 1490 526 1549 ut
540 1482 610 1573 ipsa
632 1481 823 1549 senteutiam
850 1481 965 1549 mortis
992 1481 1246 1549 mutilationisve
1266 1502 1415 1572 pronun-

274 1589 366 1656 tiaret
380 1601 436 1657 aut
451 1595 677 1679 exequeretur.
694 1586 788 1656 Unde
804 1586 836 1654 id
853 1587 948 1654 etiam
964 1609 1116 1678 expresse
1132 1587 1297 1677 judicibus
1311 1586 1414 1655 eccle·
1508 1660 1509 1692 ᾖ

274 1695 408 1764 siasticis
435 1694 625 1761 interdixit:
641 1694 835 1762 seutentiam
856 1694 1026 1784 sanquinis
1044 1695 1099 1784 (ait
1118 1694 1293 1762 concilium
1314 1693 1414 1761 Late·
1508 1703 1509 1710 ’

274 1825 409 1870 renense
433 1801 669 1870 oecumenicum
694 1803 772 1870 anni
800 1801 910 1892 1216),
936 1803 1045 1871 nullus
1072 1802 1204 1872 clericus
1232 1801 1329 1870 dictet
1354 1815 1415 1869 cut

267 1911 458 2002 proferat...
475 1911 513 1975 In
526 1908 624 1976 ciariis
635 1909 826 1999 principum
841 1909 910 1978 buc
922 1907 1117 1990 sollicitudo,
1132 1932 1197 1977 uon
1211 1909 1343 1990 clericis,
1358 1907 1417 1974 scd

274 2016 367 2083 luicis
381 2016 608 2083 committetur
623 2016 706 2105 (cap.
722 2016 927 2084 Sententiam
947 2021 979 2103 9,
996 2016 1083 2084 tituli
1101 2020 1153 2101 50,
1170 2016 1245 2083 libri
1261 2018 1278 2082 3
1296 2015 1415 2082 Decre-
1509 2068 1510 2084 .

276 2125 413 2212 talium).
430 2121 544 2190 Videri
557 2121 653 2188 etiarn
677 2130 780 2212 potest
804 2124 839 2190 in
859 2123 961 2213 capite
977 2124 1078 2194 Novit
1095 2124 1161 2213 (27,
1178 2122 1217 2191 dc
1241 2121 1415 2190 Verborum
1509 2113 1510 2158 f

274 2231 396 2322 siquis.)
410 2230 485 2297 etin
501 2229 605 2319 capite
621 2229 780 2300 Nouimus
791 2231 859 2319 (27,
871 2231 956 2298 tituli
973 2235 1028 2319 10,
1042 2231 1117 2299 libri
1136 2235 1153 2296 5
1170 2229 1413 2318 Decretalium),

275 2338 438 2431 quomodo
454 2337 601 2420 clericus,
614 2336 642 2403 si
658 2333 818 2425 flagitium
838 2346 939 2406 morte
951 2336 1088 2428 dignum
1102 2337 1292 2430 patraverit,
1301 2337 1417 2404 debeat

275 2445 429 2537 ajudiee
458 2444 670 2512 ecclesiastico
699 2443 882 2535 degradari,
908 2454 940 2514 et
968 2455 1078 2538 postea
1106 2446 1253 2514 saeculari
1281 2443 1415 2513 brachio
1510 2513 1511 2529 ,

275 2553 371 2641 tradi,
388 2562 425 2621 ut
440 2575 497 2644 per
511 2552 627 2621 laicam
644 2560 832 2643 potestatem
856 2552 964 2621 debite
981 2554 1046 2645 ipsi
1065 2553 1238 2644 sanguinis
1253 2575 1348 2645 prena
1362 2553 1415 2620 in·
1510 2539 1511 2564 i

274 2661 413 2751 ssigetur.
449 2660 531 2728 Hinc
562 2660 652 2729 nullo
680 2668 824 2752 tempore
855 2662 1018 2752 reperitur
1048 2661 1189 2729 Ecclesia
1222 2660 1414 2730 sententiam

276 2769 388 2838 mortis
401 2777 456 2835 ent
472 2768 694 2836 membrorum
712 2767 925 2836 mutilationis
945 2791 1004 2861 per
1017 2769 1155 2859 seipsam
1175 2769 1343 2859 proferens
1358 2776 1415 2836 aut

274 2899 438 2967 exequens
454 2897 514 2941 :ex
530 2897 596 2965 quo
610 2873 763 2964 adagium
777 2875 812 2941 in
826 2875 900 2965 jure
913 2883 1088 2966 receptum,
1104 2875 1248 2944 Ecclesia
1262 2875 1415 2943 abhorret

275 3009 296 3052 α
310 2983 479 3072 sanquine.
497 2980 643 3071 Seposita
657 2989 765 3048 autem
780 2981 835 3048 illa
849 2983 1009 3072 corporali
1027 3005 1135 3073 poeua,
1151 2982 1290 3052 dicimus
1304 2982 1415 3050 Eccle-

274 3092 355 3159 siam
382 3089 506 3158 caeteris
531 3088 683 3156 omnibus
710 3085 810 3155 luisse
837 3109 944 3176 usam,
966 3089 1053 3180 quod
1081 3111 1168 3158 nuuc
1196 3089 1415 3158 monumentis

275 3196 473 3265 firmandum
492 3205 550 3262 est.

317 3303 479 3372 Probatur
501 3307 545 3371 1⁰.
568 3305 624 3370 Ec
645 3301 818 3394 dissemina
838 3304 1037 3393 paenitentia
1045 3303 1198 3396 publicae.
1215 3342 1259 3356 -
1280 3303 1413 3372 Certum

274 3422 322 3481 est
336 3411 377 3478 eb
392 3410 471 3501 ipsis
485 3409 636 3478 Ecclesiae
650 3410 793 3478 exordiis
808 3410 950 3499 viguisse
971 3412 1169 3502 poeniteutiae
1192 3411 1331 3504 publicae
1344 3409 1414 3478 dis-

274 3519 440 3610 ciplinam.
455 3517 535 3584 Item
550 3524 674 3584 certum
690 3524 737 3584 est
751 3524 871 3606 praeter
882 3517 1106 3607 paenitentiam
1122 3529 1345 3608 spontaneam,
1359 3521 1413 3586 cui

275 3627 361 3694 ultro
381 3647 414 3692 se
437 3633 616 3714 peccatores
642 3623 837 3714 quandoque
866 3623 1091 3714 subjiciebant,
1109 3625 1251 3714 viguisse
1278 3627 1415 3717 insuper

275 3731 498 3824 paenitentiam
519 3741 680 3814 coactam
698 3731 751 3796 cui
776 3753 904 3821 nempe,
928 3731 988 3798 sub
1015 3732 1360 3802 excommunicationis
1383 3743 1416 3801 et

274 3837 475 3930 expulsionis
490 3837 531 3904 ab
548 3835 690 3904 Ecclesia
706 3857 813 3926 poene,
831 3846 993 3906 certorum
1013 3838 1211 3928 flagitiorum
1235 3841 1281 3907 rei
1302 3839 1416 3928 adige-

273 3947 403 4014 bantur.
423 3944 459 4011 ld
476 3945 593 4010 letetur
607 3951 638 4010 et
654 3943 722 4035 ipse
736 3944 907 4014 Morinos:
927 3944 1059 4036 quondo
1070 3959 1242 4037 peccatum
1262 3959 1333 4013 erut
1347 3968 1417 4037 pu-

274 4051 406 4132 blicum,
419 4049 465 4118 cd
475 4049 707 4139 penitentiam
714 4049 847 4138 publice
860 4051 1021 4142 apscedam
1030 4065 1215 4143 peccatores
1226 4075 1416 4120 cccommu-

274 4158 438 4228 nicetiano
453 4172 484 4226 ct
500 4155 688 4226 onmimoda
703 4157 745 4226 cb
764 4159 908 4228 Ecclesia
924 4159 1112 4250 repulsione
1129 4160 1347 4251 adipebcntur
1365 4160 1417 4251 (de

273 4271 487 4338 Sacramenta
503 4266 634 4348 Penii,
652 4265 674 4332 l.
694 4269 725 4351 5,
742 4289 769 4333 c.
789 4269 843 4352 17,
861 4289 894 4333 n.
913 4270 946 4354 7,
959 4289 1033 4357 pag.
1053 4271 1129 4356 298,
1147 4268 1222 4336 edit.
1241 4267 1413 4336 Bruxelles
