3046 4968
287 449 348 518 ltl
657 469 832 518 raacrarus
855 469 894 515 nn
917 469 1051 516 moinus.

282 595 409 662 trahere
429 591 594 679 videntur,
619 613 691 660 eam
711 601 819 661 tamen
843 590 1065 682 multipliciter
1088 589 1267 681 attingunt.
1292 585 1339 658 De
1361 609 1430 682 quo

281 707 376 768 testes
398 701 526 768 munde
548 707 625 769 sunt
649 708 696 770 tot
718 699 807 785 libri,
833 698 874 768 de
899 698 986 766 bisce
1011 697 1191 789 disciplinis
1215 720 1256 765 ex
1282 697 1430 789 professo

279 813 462 890 tractantes,
479 807 537 898 qui
559 805 766 898 putidissimo
787 804 952 898 impietate
977 804 1102 891 latent,
1119 813 1151 872 et
1166 803 1242 872 fidei
1262 803 1432 872 catholieae

281 914 486 1003 negationem
513 913 675 1006 frequenti
701 912 837 980 andacia
862 911 1054 980 obtrudunt.
1081 911 1202 1002 Ecquis
1230 933 1295 978 non
1321 908 1434 979 videat

279 1043 372 1112 posse
402 1019 595 1109 magistrum
627 1019 854 1105 acatholicum,
885 1018 1045 1108 ejusmodi
1074 1017 1225 1086 scientias
1256 1015 1430 1102 tradendo,

279 1126 512 1196 incredulitatis
545 1148 709 1194 venenum
744 1123 914 1216 discipulis
951 1125 1020 1192 suis
1053 1124 1198 1215 quotidie
1231 1125 1433 1216 propinaret

279 1233 383 1316 Quem
402 1241 487 1302 certe
507 1234 542 1300 in
558 1232 724 1300 tradendis
739 1231 908 1324 juventuti
928 1231 1070 1299 scientiis
1089 1231 1242 1317 abusum,
1264 1231 1432 1322 preterito

278 1340 461 1433 praesertim
482 1339 613 1424 saecnlo,
632 1339 666 1406 in
682 1338 803 1405 factum
825 1337 1005 1422 transiisse,
1029 1345 1061 1403 et
1075 1335 1138 1404 lato
1160 1337 1349 1418 obtinuisse,
1368 1359 1431 1405 no-

277 1447 399 1516 torium
418 1455 467 1514 est
490 1473 496 1514 :
521 1455 559 1515 nt
580 1443 719 1537 proinde
734 1443 922 1535 possibilem
944 1465 1020 1514 eum
1042 1443 1264 1512 demonstrare
1284 1465 1366 1535 pene
1387 1443 1432 1512 sit

278 1551 466 1622 ridiculum.

321 1661 544 1729 Confirmatur
559 1669 667 1730 antem
683 1661 849 1731 conclusio
864 1685 905 1730 ex
922 1661 1018 1730 citato
1033 1661 1126 1729 brevi
1140 1658 1318 1730 Clementis
1332 1657 1428 1730 XIV.

277 1768 361 1836 Cum
379 1767 467 1834 enim
483 1768 568 1836 dicat
583 1768 819 1860 Episcoporum
833 1769 1019 1837 auctoritati
1035 1769 1154 1860 subjici
1168 1769 1286 1837 debere
1300 1768 1432 1856 magis-

278 1885 357 1959 tros,
370 1875 554 1964 presertim
567 1876 602 1942 in
617 1876 656 1942 iis
672 1877 769 1944 rebus
785 1885 816 1943 et
837 1875 1022 1966 disciplinis
1035 1898 1111 1968 ques
1130 1899 1206 1944 cnm
1225 1875 1384 1966 religione
1395 1885 1432 1942 et

277 1979 341 2048 fide
358 2001 451 2048 nexae
468 1992 557 2066 sunt,
573 1982 687 2074 utique
701 1981 856 2073 implicite
873 1982 1015 2052 declarat
1030 1982 1150 2074 subjici
1166 1982 1265 2050 etiam
1278 1981 1313 2048 in
1328 1989 1433 2050 crete

277 2087 325 2154 ris
347 2109 399 2154 eos
416 2086 546 2174 debere,
561 2088 906 2180 aliquatenussaltem,
931 2089 1039 2176 idest,
1060 2100 1219 2181 quantum
1237 2089 1313 2156 satis
1328 2097 1377 2157 est
1393 2099 1432 2158 ut

278 2195 395 2262 intuto
411 2195 454 2261 sit
471 2193 552 2262 tides
565 2203 597 2262 et
612 2195 739 2285 religio.

321 2301 503 2370 Prorosrrro
524 2301 667 2370 Vlla-
685 2305 777 2392 Erpa
796 2303 831 2370 in
852 2303 970 2370 ecbols's
990 2303 1092 2370 etiam
1112 2303 1332 2385 secularitas,
1359 2325 1430 2371 non

276 2415 392 2486 debent
413 2417 576 2508 magistri,
605 2417 692 2499 liert,
710 2431 753 2485 et
779 2417 1019 2488 tradendarum
1048 2419 1300 2510 disciplinarum
1323 2421 1429 2502 ratio,
1507 2409 1508 2461 t

276 2522 528 2616 independenter
551 2546 573 2590 a
589 2536 753 2614 potestate
775 2525 998 2608 ecclesiastico,
1025 2525 1112 2616 elipi,
1136 2527 1293 2596 comtitui
1315 2539 1345 2594 et
1372 2550 1430 2594 or-

276 2631 399 2700 dinari.
423 2669 467 2681 —
489 2635 609 2721 Aperte
630 2633 778 2722 sequitur
801 2653 842 2700 ex
867 2632 1125 2722 precedentibus
1148 2633 1427 2702 conclusionibus.

180 2785 183 2796 ·
276 2737 358 2807 Nam
376 2735 534 2824 magistri,
557 2735 645 2823 libri,
662 2748 694 2805 et
710 2736 848 2806 docendi
862 2738 957 2824 ratio,
980 2737 1172 2828 religionem
1192 2738 1305 2806 intime
1320 2745 1352 2806 et
1370 2761 1433 2806 ve·
1506 2719 1507 2776 l

277 2855 445 2922 hementer
456 2853 622 2942 attingunt
637 2879 645 2920 ι
659 2855 764 2944 atqui,
778 2875 818 2921 ex
831 2853 940 2941 dictis,
955 2853 1168 2922 ecclesiastico
1180 2853 1331 2942 regimini
1345 2855 1432 2922 sub-

277 2983 346 3028 esse
365 2960 459 3028 debet
477 2958 658 3050 juventutis
681 2960 855 3044 institutio,
879 2961 974 3028 iniis
995 2961 1149 3029 omnibus
1173 2983 1248 3052 qnae
1270 2961 1431 3029 interesse

279 3065 445 3155 religionis
468 3073 625 3155 tangunt;
647 3087 725 3156 ergo
747 3063 787 3134 ad
812 3067 1058 3135 ecclesiasticam
1081 3067 1303 3136 auctoritatem
1326 3070 1433 3158 perti-

280 3183 334 3240 net
347 3194 462 3241 curare
482 3181 514 3240 et
531 3173 674 3262 exigere,
701 3183 737 3242 nt
758 3171 866 3243 idonei
889 3185 920 3241 et
943 3195 1019 3241 vere
1039 3174 1187 3243 catholici
1211 3175 1375 3264 eligantur
1394 3185 1432 3243 et

280 3281 477 3370 deputentnr
498 3279 661 3368 magistri3
684 3279 858 3368 invigilare
878 3289 916 3348 ut
936 3278 1090 3347 catholice
1112 3297 1247 3348 munere
1267 3301 1328 3348 sno
1346 3280 1433 3348 fun-

280 3395 414 3478 gantur3
440 3386 607 3476 ponendos
623 3407 691 3475 pree
716 3385 866 3455 manibus
879 3385 1042 3477 juvenum
1059 3387 1159 3456 libros
1175 3387 1356 3478 approbare
1373 3389 1431 3455 vel

281 3493 428 3585 rejicere;
445 3491 672 3582 prescriptam
682 3491 859 3582 juvenibus
875 3493 1007 3562 vivendi
1025 3514 1175 3561 normam
1191 3492 1365 3584 inspicere,
1381 3505 1431 3582 et,

279 3601 400 3692 siquid
416 3599 565 3688 religioni
580 3599 779 3667 contrarium
795 3598 965 3668 inductum
980 3601 1034 3685 sit,
1050 3601 1225 3689 corrigere.

324 3709 411 3777 Hinc
422 3707 456 3775 in
466 3705 657 3774 ordinandis
671 3707 807 3797 publicis
819 3707 949 3792 scholis,
967 3717 1094 3778 tenetur
1108 3708 1274 3776 secularis
1286 3717 1434 3799 potestas
1503 3695 1504 3737 ³

279 3815 386 3908 quoad
399 3813 589 3882 haecomnia
599 3814 824 3883 assentientem
835 3815 1080 3883 ecclesiasticam
1093 3825 1281 3905 potestatem
1292 3815 1431 3905 babere,

281 3933 377 4014 atque
391 3921 495 3989 eidem
511 3921 545 3988 in
560 3919 611 3988 his
623 3920 787 4008 omnibus,
802 3922 1008 4013 inspiciendi,
1023 3921 1218 3991 decernendi
1230 3931 1261 3990 et
1273 3925 1431 4012 regendi,
1502 3973 1503 3980 κ

281 4031 415 4098 liberam
429 4027 615 4096 laenitatem
630 4027 825 4119 relinquere.

323 4135 364 4204 Et
384 4133 424 4204 de
442 4134 538 4222 iacto,
560 4143 715 4226 utsupra
736 4137 949 4223 ostendimus,
971 4137 1114 4206 Ecclesia
1126 4138 1180 4228 jus
1200 4137 1281 4206 illud
1306 4159 1432 4229 perpe·

278 4255 333 4316 tua
351 4263 411 4312 sua
429 4243 523 4332 praxi
538 4251 569 4310 et
583 4241 755 4334 disciplina
769 4243 831 4311 sibi
852 4244 1045 4331 vindicavit3
1070 4267 1174 4336 neque
1196 4245 1237 4313 ad
1259 4244 1431 4316 decimum
1501 4239 1502 4334 Ῑ
