3056 4972
648 493 825 544 tracturus
853 495 890 542 b!
913 493 1047 544 tuntcttS.

810 821 911 914 pix.

440 1015 589 1082 ouotuptici
605 1016 684 1068 modo
700 1021 786 1068 cenot
801 1016 977 1082 procuratoris
992 1016 1106 1068 officium
1122 1020 1149 1068 at
1164 1019 1286 1082 pouces

339 1263 368 1329 t.
386 1259 498 1329 Curet
512 1259 730 1346 revocatione,
748 1257 847 1329 modo
870 1281 923 1328 res
950 1258 1059 1330 sdhue
1079 1259 1121 1328 sit
1142 1258 1270 1349 integra
1286 1283 1294 1324 ε
1312 1259 1440 1327 sivero

292 1390 345 1438 res
355 1367 424 1459 jem
438 1366 566 1456 integra
580 1387 646 1434 non
662 1365 716 1453 sit,
729 1388 795 1435 non
812 1366 898 1435 rulet
913 1366 1074 1436 revocatio
1089 1365 1151 1435 nisi
1165 1389 1209 1436 cx
1218 1365 1313 1458 juxte
1322 1387 1436 1434 causa.

290 1474 424 1544 Constat
437 1482 575 1566 utraque
589 1495 665 1566 pors
686 1472 915 1566 propositionis
935 1475 1038 1568 capite
1057 1474 1216 1558 Quamvis
1233 1475 1278 1566 (2,
1293 1472 1335 1542 dr
1346 1476 1439 1544 Pro-

291 1581 507 1664 curotort'bus,
525 1580 560 1650 in
576 1584 594 1650 6
612 1581 635 1672 2)
652 1582 812 1665 Quamuis
820 1595 1023 1672 procurator
1030 1581 1137 1673 possit
1156 1593 1234 1650 ante
1248 1580 1340 1658 litem
1354 1603 1440 1648 corr-

292 1702 459 1771 testatom‚
482 1691 583 1758 etiam
606 1687 676 1757 siue
694 1711 795 1757 causo
818 1688 917 1758 libere
939 1711 961 1757 o
982 1688 1115 1758 domine
1142 1687 1299 1770 revocari,
1314 1699 1440 1779 postea

291 1809 404 1866 tamen
417 1796 487 1888 ipso
502 1795 630 1866 nolente
646 1795 811 1888 nequibit;
825 1795 890 1864 nisi
914 1819 990 1866 eum
1011 1818 1087 1865 cum
1106 1795 1238 1864 domim
1262 1794 1440 1863 minimum

288 1903 374 1995 fieri,
388 1904 441 1972 uel
449 1915 644 1996 asspectum,
658 1915 720 1970 aut
733 1901 921 1972 adversario
935 1903 1102 1995 affinitate
1116 1902 1285 1994 coujunqi,
1299 1901 1352 1970 uel
1363 1901 1441 1993 ejus

291 2009 453 2080 heredem
463 2010 550 2102 fieri,
567 2032 624 2078 seu
639 2008 769 2102 inpredi
782 2009 986 2101 relipiooem,
1003 2023 1063 2078 out
1083 2009 1118 2078 in
1135 2010 1273 2102 turipum
1287 2009 1441 2100 pereqri-

292 2118 380 2200 nori,
403 2118 455 2186 uel
475 2115 669 2208 upritndine
688 2130 749 2186 aut
771 2117 909 2187 uineulr's
932 2117 1073 2186 detineri
1089 2117 1271 2207 continuat,
1289 2138 1345 2184 scu
1366 2115 1442 2184 alia
1523 2117 1524 2208 i

293 2224 500 2294 rationabiles
515 2247 616 2292 eausa
630 2222 745 2306 subsit,
755 2236 895 2316 propter
910 2246 1014 2316 quom
1026 2225 1069 2293 sit
1087 2224 1203 2294 merito
1225 2221 1439 2293 revocandus.

338 2331 460 2402 Sedulo
474 2341 582 2400 tumen
603 2320 839 2401 advertendum
854 2339 915 2421 est,
932 2355 997 2401 non
1014 2331 1165 2402 sufficere
1186 2339 1260 2424 post
1273 2338 1443 2400 moesu-

294 2441 415 2511 tionem
435 2440 514 2528 titis,
529 2439 650 2530 justum
674 2438 786 2507 adesse
807 2437 981 2510 revocandi
1001 2439 1218 2530 procuratoris
1237 2459 1381 2524 causam,
1402 2446 1446 2505 ut

294 2548 399 2618 vulcat
422 2546 478 2616 ilia
501 2545 664 2615 revocatio
671 2571 680 2633 3
704 2546 759 2614 scd
780 2547 905 2637 requiri
924 2546 1058 2637 insuper
1079 2553 1115 2616 ut
1135 2545 1305 2614 intimetur
1321 2543 1443 2635 judici,

294 2655 348 2727 vel
362 2655 509 2724 edversae
530 2654 626 2745 parti.
645 2652 700 2721 Sic
722 2653 810 2722 cuim
833 2653 975 2723 decrevit
996 2653 1174 2744 Gregorius
1188 2651 1236 2721 IX
1253 2679 1261 2720 z
1278 2650 1447 2723 Mouduto
1524 2679 1525 2684 ¹

290 2762 519 2856 procuratoris
531 2772 605 2852 post
625 2759 716 2829 litem
731 2772 947 2830 contestatum
961 2783 983 2829 a
998 2759 1131 2829 domino
1153 2773 1314 2841 reuocato,
1332 2760 1361 2827 si
1380 2759 1448 2828 icoc

293 2871 466 2964 iynorante
478 2867 595 2960 judice
616 2868 669 2935 oet
688 2867 877 2937 aduersario
894 2870 1023 2960 sartum
1042 2870 1156 2961 ruerit,
1167 2867 1336 2960 juditium
1351 2867 1450 2960 quod

294 2979 382 3048 idem
396 2975 493 3069 quasi
502 2987 701 3067 procurator
709 2975 925 3066 postmodum
940 2990 1092 3068 expertus
1105 2989 1162 3058 est,
1179 2987 1293 3044 ratum
1305 2997 1370 3042 esse
1385 2973 1447 3042 de-

295 3085 390 3154 tetis.
411 3082 535 3176 (Capite
552 3085 604 3170 tt,
621 3082 709 3150 tituli
727 3085 782 3170 38,
799 3083 875 3152 lihri
896 3086 910 3150 1
931 3083 1171 3174 Decretslium.)

340 3197 371 3260 2.
390 3191 501 3261 Cessat
521 3189 742 3281 procuratoris
764 3189 910 3259 officium
930 3199 961 3258 et
981 3198 1120 3282 potestus
1144 3199 1258 3260 mutuo
1279 3211 1448 3260 consensu

295 3296 519 3368 constituentis
540 3305 573 3364 et
598 3297 785 3376 constituti;
802 3297 848 3365 its
871 3295 991 3365 scilicet
1012 3306 1048 3366 ut
1063 3297 1090 3364 si
1105 3297 1202 3367 ambo
1224 3297 1445 3386 consentiunt,

295 3404 395 3500 possit
417 3404 564 3475 rovocari
584 3412 786 3496 procurator,
804 3404 902 3473 etism
923 3426 959 3474 re
982 3427 1048 3473 non
1070 3405 1212 3495 integrm
1228 3403 1328 3496 idque
1348 3413 1449 3474 extra

295 3535 426 3582 omnem
440 3510 693 3580 controversiam
706 3519 766 3579 cst.
780 3509 884 3580 Addit
899 3520 1008 3580 tamen
1023 3509 1314 3602 Sohmelzgrueber
1329 3512 1376 3602 (in
1392 3512 1446 3582 tit.

298 3624 351 3709 tt,
361 3619 438 3688 iibri
456 3621 468 3685 l
489 3618 631 3706 Decret.‚
643 3640 678 3686 n.
694 3617 763 3709 39),
777 3625 849 3709 post
864 3619 1130 3686 contestationem
1142 3617 1210 3687 litis
1223 3620 1448 3688 necessarium

297 3729 510 3819 instrperesse
523 3725 623 3816 pertis
633 3724 781 3793 adversm
793 3747 1003 3810 consensum
1018 3723 1156 3815 eoquod
1169 3724 1304 3817 perlitis
1315 3734 1450 3794 contes-

296 3835 451 3902 tationem
465 3831 559 3923 quasi
574 3829 785 3898 contrahetur
797 3853 871 3898 eum
884 3829 1089 3917 edversari03
1105 3838 1305 3899 acontrsetu
1318 3839 1450 3919 autem,

296 3948 388 4032 purte
402 3938 503 4006 altera
517 3937 634 4022 invite,
651 3958 716 4006 nou
732 3936 826 4006 liceat
843 3937 1001 4006 recedere.
1017 3935 1053 4004 ld
1070 3935 1186 4004 fundet
1199 3937 1316 4005 citatus
1330 3949 1453 4007 auctor

296 4042 494 4138 quibusdam
507 4043 703 4114 Justinisuei
720 4043 805 4134 juris
819 4043 972 4112 textibus.

343 4155 375 4219 3.
398 4147 526 4218 Finitur
550 4148 769 4240 procuratoris
795 4158 935 4242 potestus
960 4174 1018 4242 per
1038 4152 1142 4244 ipsius
1163 4153 1449 4234 exonerationem,

298 4281 354 4330 seu
379 4255 509 4349 quaudo
531 4257 602 4347 ipse
630 4255 782 4324 mandato
807 4258 984 4346 renuntiat,
1002 4257 1058 4328 lite
1080 4261 1226 4330 noudum
1252 4267 1449 4332 contestata.
