3046 4962
551 493 625 542 PARS
647 493 750 542 rotun.

474 899 688 998 SECTIO
737 902 820 996 HI.

138 1133 176 1186 DE
192 1134 392 1190 subiciuntur
417 1135 746 1192 scribsissrtcottutt
767 1135 913 1192 MATERIA
934 1135 996 1190 SEU
1015 1135 1160 1194 osstncro

568 1234 725 1290 proruto.

127 1653 251 1745 Duplex
278 1653 313 1720 iu
340 1652 464 1722 mundo
490 1653 706 1744 principatus,
731 1651 964 1724 ecclesiasticus
983 1659 1015 1718 et
1036 1652 1213 1721 saecularis.

90 1760 209 1852 Duplex
227 1760 364 1852 proinde
382 1760 555 1851 judiciaria
574 1768 725 1851 potestas,
752 1759 919 1828 saecularis
939 1767 970 1826 et
992 1759 1215 1829 ecclesiastiea.

90 1866 166 1935 Cum
181 1889 258 1936 vero
276 1876 414 1957 utraque
433 1891 453 1934 a
469 1868 536 1936 Deo
555 1869 597 1934 sit
610 1867 771 1952 ordinata,
793 1867 886 1934 debet
909 1887 1114 1956 unaquaque
1137 1889 1218 1958 pro-

87 1975 189 2061 prium
205 1973 324 2042 habere
341 1975 519 2065 objectum,
538 1973 584 2041 ita
600 1982 637 2043 ut
655 1981 742 2042 certa
762 1995 935 2042 causarum
956 1993 1075 2060 genera
1092 1973 1133 2040 ab
1152 1996 1218 2042 una

84 2079 304 2168 jurisdictione
331 2080 509 2172 pendeant;
537 2088 655 2148 catera
677 2101 756 2148 vero
781 2079 873 2148 altori
896 2079 1122 2170 subjiciantur.
1147 2080 1218 2150 Nisi

86 2189 169 2254 enim
189 2209 394 2278 unaquaeque
415 2187 665 2256 determinatam
687 2187 859 2254 materiam
882 2195 1037 2275 tanquam
1059 2187 1121 2255 sibi
1142 2210 1217 2279 pro-

85 2293 183 2382 priam
205 2294 372 2362 vindicare
386 2303 505 2386 posset,
529 2315 596 2362 non
610 2293 755 2362 ordinate
769 2302 801 2360 et
815 2293 977 2382 sapienter
991 2294 1072 2362 duas
1094 2295 1219 2368 mundo

84 2402 272 2470 simultanee
283 2424 421 2493 praeesse
433 2409 603 2494 potestates
612 2401 802 2469 instituisset
813 2399 985 2486 Deus5sod
996 2399 1157 2468 humanas
1167 2424 1219 2471 res

85 2509 211 2576 aeternis
229 2508 465 2594 collisionibus,
486 2507 784 2600 perturbationibus
806 2515 838 2573 et
859 2505 975 2595 flagitii
1004 2508 1091 2576 mala
1109 2517 1218 2576 mente

82 2615 286 2702 subdidisset,
304 2616 392 2705 quod
404 2615 510 2683 dicere
525 2614 667 2705 impium
680 2623 712 2682 et
726 2613 954 2705 blasphemum
972 2623 1030 2682 cst.

122 2723 206 2790 Hinc
223 2722 371 2792 tractanti
385 2721 424 2790 de
437 2720 568 2812 judiciis
582 2721 802 2790 ecclesiasticis
818 2720 972 2809 occurrit,
989 2721 1073 2788 inter
1086 2723 1217 2810 gravis-

82 2829 188 2916 simas,
200 2829 338 2921 quaestio
353 2829 394 2896 dc
408 2828 611 2896 secernendis
627 2828 744 2914 causis,
756 2849 830 2918 quae
844 2826 885 2896 ad
902 2827 1011 2896 torum
1024 2828 1218 2898 ecclesiasti-

22 2947 24 2962 '
80 2959 152 3004 cum
166 2937 363 3028 pertineant,
377 2935 419 3003 ab
432 2936 472 3004 iis
485 2957 566 3026 quas
578 2935 639 3003 sibi
656 2935 773 3003 merito
786 2935 928 3003 vindicat
941 2937 1106 3006 saecularis
1114 2936 1217 3028 juris-

80 3043 185 3112 dictio.
203 3043 266 3112 cui
281 3051 364 3111 recte
379 3041 625 3110 determinando
640 3041 833 3127 discrimini,
851 3051 947 3134 atque
971 3042 1056 3111 inter
1071 3045 1218 3135 proprias

81 3153 249 3242 utriusque
267 3149 502 3240 jurisdictionis
516 3170 629 3217 causas
642 3147 830 3218 deducendo
844 3149 1058 3219 distinctionis
1081 3160 1113 3218 et
1124 3173 1218 3244 sepa-

22 3315 23 3336 ,
80 3259 213 3326 rationis
228 3257 331 3344 sulco,
345 3257 379 3324 in
395 3257 454 3325 bac
466 3258 604 3326 sectione
622 3255 715 3324 uobis
729 3264 777 3325 est
789 3256 1060 3327 incumbendum.

545 3535 689 3606 CAPUT
719 3536 746 3604 l.

76 3743 111 3788 DE
133 3742 292 3789 rnlrtctt’lls
321 3741 364 3788 EX
395 3741 501 3796 QUIBUS
528 3741 733 3787 naumurum
764 3741 860 3786 DEBET
890 3741 1023 3798 QUAENAM
1051 3743 1153 3790 CAUSAE
1176 3747 1216 3791 An

22 3883 23 3888 ,
116 3852 226 3898 FORUI
249 3849 497 3896 FAECLESIASTICUM
520 3849 722 3913 PERTINEANT,
747 3849 784 3894 ET
810 3847 944 3904 QUAENAM
967 3851 1008 3896 AD
1030 3853 1132 3898 EORUM
1155 3854 1216 3899 SE·

115 3959 248 4006 cunam.

114 4149 497 4234 Quatuorindicabimus
508 4149 680 4241 principia,
692 4156 848 4242 tanquam
858 4150 1084 4240 omninotuta,
1096 4152 1136 4222 ad
1152 4155 1215 4224 dis-

74 4258 453 4348 cernendum'qureoam
477 4279 582 4326 causas
598 4257 819 4326 ecclesiasticae
831 4257 1062 4348 jurisdictioni,
1080 4270 1111 4328 et
1126 4285 1218 4351 quae-
