3046 4962
562 518 636 564 rens
660 518 765 564 reiut.
1198 491 1232 560 bl

105 639 209 708 saltem
230 649 333 730 potest
355 647 510 731 tauquam
535 648 765 730 argumentum
794 636 834 705 ad
862 637 1026 706 homiuem
1052 647 1238 706 contraeas

105 756 244 816 :suctores
258 771 340 839 quos
363 748 415 815 hic
438 747 656 834 confutamus,
673 749 795 840 quique
820 745 1042 813 omnimodam
1065 745 1136 836 ejus
1151 767 1239 812 (ecu-

105 855 313 923 meniritatem
329 855 500 923 sustinent.
518 857 640 924 Atvero
655 876 716 946 pro
731 851 859 921 decreto
880 851 1077 921 oecumenico
1092 851 1242 920 habenda

104 970 184 1028 certo
206 975 255 1029 est
282 961 372 1029 bulla
402 965 488 1030 Inter
514 973 646 1030 cunctas
670 961 802 1029 Martini
826 960 869 1046 V,
890 982 964 1052 qnae
992 959 1057 1026 lata
1075 966 1124 1026 est
1148 981 1241 1026 sacro

103 1067 300 1158 approbante
315 1067 450 1136 concilio
469 1067 717 1136 Constantiensi.
735 1067 772 1134 ln
789 1089 826 1134 ea
850 1073 957 1134 autem
980 1075 1161 1133 contraeas
1182 1066 1241 1156 qui

103 1175 191 1242 aliter
221 1175 336 1244 docent
368 1198 404 1243 ac
431 1183 518 1243 tenet
544 1183 654 1244 sancta
681 1173 874 1242 universalis
908 1173 1050 1242 Ecclesia
1076 1173 1235 1258 Romana,

102 1282 251 1350 statuitur
276 1281 528 1374 procedendum,
558 1304 622 1350 uon
654 1289 780 1350 tautum
809 1281 1157 1366 excommunicatione,
1181 1280 1238 1348 sed

103 1389 279 1478 privatione
290 1389 392 1458 etiam
404 1389 563 1458 bonorum
574 1401 606 1456 ct
618 1387 821 1478 dignitatum
831 1387 1239 1479 temporalium...,ctiam

24 1497 26 1502 ’
98 1518 155 1586 per
182 1497 348 1587 captiones
372 1510 403 1564 et
429 1495 700 1564 incarcerationes
728 1509 759 1563 ct
783 1495 867 1564 alias
892 1495 1074 1586 corporales
1105 1518 1237 1586 poenas;

103 1603 190 1671 nulla
204 1613 339 1694 excepta
361 1603 618 1694 delinquentium
639 1604 752 1691 classe,
769 1603 899 1672 etiamsi
917 1603 1023 1693 repuli
1092 1617 1151 1671 ant
1171 1603 1240 1672 alia

10 1787 11 1792 ἵ
101 1710 213 1800 mavis
229 1709 396 1778 mundana
412 1711 635 1801 praefulgeant
650 1709 820 1800 dignitate.
839 1710 932 1791 Quod
958 1709 1144 1778 mandatum
1162 1733 1241 1780 exe-

101 1818 157 1907 qui
171 1817 289 1886 debent
302 1817 557 1908 Archiepiscopi,
575 1816 726 1908 Episcopi
740 1825 771 1884 et
790 1817 999 1908 Inquisitores
1013 1845 1021 1886 ε
1033 1840 1096 1909 per
1108 1834 1241 1910 aposto·

102 1923 163 1992 lica
178 1924 299 2016 amicita
318 1923 554 1992 committimus
574 1938 604 1993 ct
623 1923 822 1992 mandamus
845 1936 1003 2015 qnatenus
1022 1947 1089 2007 aas,
1107 1927 1241 1996 Arabic-

97 2031 234 2122 piscopi‚
250 2031 407 2123 Episcopi
421 2043 453 2098 et
466 2031 596 2098 electi...
617 2031 799 2121 Corripatis
815 2044 845 2098 et
854 2031 1018 2122 puniatis.

143 2138 326 2207 Concilium
343 2136 570 2206 Tridentinum
594 2138 637 2205 ita
658 2145 769 2206 contra
789 2137 968 2206 duellantes
989 2138 1156 2208 decrevit:
1177 2143 1243 2227 Qui

102 2272 175 2317 cero
201 2269 354 2339 pugnam
378 2245 611 2328 commiserint,
639 2258 668 2314 et
695 2246 754 2337 qui
779 2269 904 2340 coram
916 2248 1047 2337 patrini
1070 2264 1239 2334 uocantur,

101 2353 447 2423 excommunicationis
458 2375 496 2421 ac
508 2353 656 2421 omnium
671 2353 828 2421 donorum
843 2367 977 2422 sitorum
989 2355 1237 2447 prascriptione,

100 2487 138 2531 ac
148 2476 318 2555 perpetuae
332 2461 480 2553 infamiae
497 2483 633 2553 poenam
648 2463 817 2530 incurrant
826 2486 838 2542 ,·
852 2474 883 2529 et
904 2475 941 2530 nt
955 2462 1127 2532 homicida
1136 2465 1240 2554 jacta

10 2591 11 2594 ’
99 2593 209 2638 sacros
223 2591 360 2636 canones
375 2569 493 2660 puniri
507 2567 655 2638 debcant.
674 2566 770 2657 (Sess.
788 2567 997 2659 25,de1tes.,
1015 2592 1085 2661 rap.
1105 2570 1170 2660 ts.)

10 2749 11 2762 ξ
142 2677 279 2745 Certum
291 2697 370 2765 ergo
383 2675 516 2744 omniuo
528 2685 576 2743 est
587 2674 742 2767 praedicte
755 2675 899 2766 quinque
911 2676 1046 2745 coucilia
1060 2678 1120 2745 sibi
1135 2689 1240 2769 potes-

10 2767 11 2850 Ῠ
99 2793 198 2852 tatem
216 2806 274 2875 per
287 2805 399 2876 peenas
415 2781 605 2874 temporales
616 2791 647 2850 et
660 2781 843 2874 corporales
857 2783 1060 2851 coercitivam
1074 2785 1236 2855 tribuisse.

99 2893 206 2974 Qum
223 2898 331 2958 autem
350 2891 446 2958 inane
469 2889 510 2958 sit
531 2888 703 2978 effugium,
722 2887 753 2955 id
773 2888 857 2979 juris
879 2889 1030 2957 Ecclesiae
1052 2913 1093 2958 ex
1117 2892 1239 2982 princi-

99 3022 178 3088 pum
196 2996 403 3066 saecnlarium
427 2996 630 3064 concessione
651 2995 833 3082 accessisse,
850 2995 1022 3063 dicendum
1042 2998 1239 3067 remittimus

97 3105 137 3173 ad
154 3112 328 3173 tractatum
345 3101 384 3171 dc
396 3106 475 3171 inre
487 3102 639 3171 Ecclesia
650 3101 784 3170 relative
799 3100 846 3170 ad
858 3101 966 3170 ciuiles
980 3105 1156 3173 societates.

622 3383 643 3478 a
666 3379 721 3454 m.

98 3585 289 3648 Argumentum
306 3595 337 3633 ex
353 3579 470 3634 doctrina
486 3582 606 3646 Sumenti,
618 3586 743 3648 quatenus
757 3584 910 3635 sententiam
926 3597 1090 3638 communem
1105 3589 1239 3643 doctorum

542 3663 638 3715 schola
654 3663 804 3716 exhibente.

142 3853 292 3944 longius
307 3853 347 3922 ab
362 3854 486 3923 intento
506 3854 789 3945 progrederemur,
806 3857 833 3924 si
849 3855 889 3923 ad
905 3855 1131 3947 exponendam
1149 3883 1240 3930 com-

98 3981 236 4028 munem
264 3961 433 4029 doctorum
462 3960 580 4030 scholae
615 3961 808 4049 doctrinam,
841 3984 954 4031 eorum
991 3967 1164 4034 sententias
1189 3969 1241 4038 hic

96 4067 254 4156 colligere
267 4067 437 4136 vellemus.
456 4069 516 4136 Ast
538 4068 690 4136 omnibus
713 4077 825 4138 notum
845 4078 892 4136 est
916 4078 1015 4137 totam
1031 4070 1188 4163 scholam,
1206 4087 1241 4147 ut

95 4175 206 4242 aiebat
231 4175 434 4262 Bossuetius,
452 4175 487 4242 iu
511 4175 663 4245 Suaresio
686 4177 925 4268 quodammodo
948 4199 1120 4269 personare
1134 4192 1165 4250 et
1181 4207 1240 4252 au·

95 4282 175 4351 diri.
198 4282 299 4352 lllnm
324 4305 402 4372 ergo
423 4283 592 4352 dumtaxat
616 4284 834 4354 clarissimum
853 4293 1030 4374 auctorem,
1048 4297 1239 4360 caeterorum
