3030 4980
299 471 362 535 tat
671 489 847 537 reserares
871 491 909 536 nr
931 491 1064 540 mmcns.

296 612 426 682 videtur
443 611 584 704 questio
607 610 752 680 absolute
779 610 958 682 decidenda
965 641 974 701 ;
993 613 1049 682 sed
1070 611 1232 684 vindicata
1249 610 1436 706 Episcopis,

297 719 365 788 sive
385 719 553 806 clericum,
569 718 637 789 sive
660 718 779 790 lucum
806 743 866 812 pro
884 721 1078 792 cancellario
1097 719 1239 811 eligendi
1261 721 1436 799 incultum

297 826 377 918 qnid
399 827 504 917 magis
523 826 685 918 expediat,
703 827 892 896 eorumdem
916 827 1112 920 prudentias,
1129 849 1188 921 pro
1202 828 1301 897 variis
1317 827 1440 898 dimoe-

296 956 373 1002 seon
387 933 647 1020 circumstantiis,
664 955 732 1002 esse
749 934 1013 1026 relinquendum.

339 1042 524 1111 Paoeosrrro
542 1041 600 1110 Xt.
616 1079 661 1094 -
684 1041 815 1110 oterie's
831 1042 999 1111 minorum
1013 1043 1168 1112 ordinum
1180 1040 1274 1110 licere
1289 1042 1325 1111 iu
1337 1043 1438 1110 morib

294 1148 504 1218 sacularibus
514 1148 700 1216 notariatus
714 1149 916 1232 exercitium,
927 1164 1052 1220 certum
1066 1173 1130 1220 uon
1144 1161 1200 1218 est.
1213 1187 1259 1202 -
1272 1149 1308 1218 Si
1324 1153 1439 1218 deere-

294 1256 374 1325 tales
389 1279 475 1347 saepe
499 1255 599 1324 dictas
622 1255 719 1325 Sicut
735 1268 812 1324 teet
830 1259 872 1326 Ut
888 1257 1033 1348 officium
1048 1255 1283 1348 expendamus,
1301 1257 1439 1325 minime

294 1362 431 1432 dubium
445 1372 494 1434 eat
505 1363 538 1430 id
549 1362 637 1455 apud
652 1363 762 1430 iorum
776 1363 964 1432 secularem
980 1363 1123 1432 officium
1141 1363 1325 1434 minoribns
1340 1366 1438 1432 etiam

294 1471 419 1540 clericis
430 1470 607 1562 prohiberi.
619 1469 841 1539 Nihilominus
853 1471 1017 1540 existimat
1029 1471 1264 1540 Thomassinus
1278 1471 1439 1562 (utsupra

295 1578 449 1668 vidimus)
466 1578 518 1646 vel
537 1577 572 1645 in
594 1599 726 1646 sensum
751 1577 950 1647 contrarium
972 1579 1075 1646 dictos
1099 1587 1205 1647 uatus
1229 1579 1439 1670 interpretari

294 1707 399 1777 posse,
420 1683 473 1752 vel
494 1684 607 1752 saltem
629 1683 671 1754 ob
690 1685 885 1754 contrariam
911 1685 1175 1754 consuetudinem
1199 1706 1253 1752 eos
1274 1684 1344 1754 vim
1371 1707 1439 1753 non

293 1791 424 1861 habere.
435 1791 499 1860 Sed
513 1790 615 1860 nimia
627 1792 710 1860 mihi
722 1793 850 1861 videtur
859 1792 930 1862 hac
942 1792 1112 1862 clarissimi
1126 1793 1190 1861 viri
1201 1791 1330 1884 opinio.
1342 1791 1438 1874 Quod

294 1898 381 1967 enim
391 1899 426 1968 in
435 1919 510 1968 oum
522 1920 654 1968 sensum
669 1900 813 1989 torqueri
828 1908 989 1990 nequeant
1002 1899 1098 1969 dictae
1113 1897 1287 1968 decretales
1299 1899 1371 1989 jam
1383 1921 1438 1966 os-

294 2006 468 2076 tendimus.
479 2006 532 2074 nd
545 2006 812 2074 consuetudinem
823 2018 931 2076 anum
943 2006 1031 2099 quod
1041 2007 1167 2094 attinet,
1178 2028 1245 2075 non
1255 2006 1352 2076 video
1363 2029 1436 2076 earn

293 2113 423 2205 probari
448 2112 661 2202 generalem:
686 2113 835 2202 exempla
857 2123 966 2182 autem
991 2113 1182 2184 clericorum
1204 2114 1373 2182 minorum
1402 2115 1436 2181 in

293 2222 384 2290 curia
398 2229 430 2288 et
444 2219 516 2289 foro
532 2220 682 2288 secutoi
704 2221 846 2289 notarios
866 2223 1047 2310 agentium,
1063 2221 1123 2290 etsi
1142 2221 1287 2312 plurima
1301 2225 1435 2311 congeri

292 2329 430 2421 possint,
447 2349 507 2419 pro
522 2328 638 2414 abusu,
652 2328 736 2419 juris
752 2329 887 2396 minime
912 2329 1091 2416 inductivo,
1109 2330 1218 2398 forsan
1241 2328 1359 2398 melius
1375 2330 1436 2398 ba·
1503 2383 1504 2394 ,

291 2433 467 2504 bebuntur.
483 2433 546 2502 Eos
566 2441 692 2502 tantum
717 2433 849 2503 clericos
876 2435 1016 2504 minores
1037 2433 1244 2526 excipiendos
1262 2434 1435 2502 exishma·

292 2543 368 2631 rim,
391 2542 447 2633 qui
472 2540 569 2610 statui
596 2540 736 2608 clericali
758 2540 985 2627 valedicentes,
1001 2539 1043 2610 ad
1065 2541 1254 2610 saecularem
1283 2563 1434 2630 gressum

291 2650 446 2718 fecerunt.
465 2647 630 2731 Quamdiu
644 2671 722 2718 vero
745 2670 846 2718 sacrae
871 2649 994 2718 militiae
1013 2648 1126 2719 datum
1147 2671 1266 2718 nomen
1290 2671 1357 2718 non
1379 2673 1434 2717 re-

289 2764 473 2842 traxerunt,
499 2777 554 2826 eos
576 2755 785 2826 secutaribus
809 2758 947 2846 negotiis
975 2757 1135 2849 implicari
1156 2766 1267 2826 vetant
1291 2779 1435 2847 genera-
1502 2791 1503 2826 t

289 2864 365 2935 liter
396 2863 478 2932 sacri
505 2885 644 2930 canones
673 2891 681 2930 ε
706 2862 950 2953 implicarentur
975 2872 1083 2933 autern
1111 2863 1187 2932 dicti
1215 2862 1317 2932 officii
1345 2863 1433 2955 apud

290 2971 398 3039 forum
413 2969 559 3038 laicalem
574 2969 741 3038 exercitio.

332 3078 516 3146 Prorosrrro
529 3077 601 3146 ΧΡ.
617 3115 662 3128 -
678 3079 785 3147 Causa
800 3101 860 3146 cur
874 3079 960 3146 socri
974 3101 1112 3148 conones
1133 3078 1324 3146 notariatus
1339 3101 1434 3146 eaer-

288 3185 414 3266 eitium,
441 3183 533 3275 opud
556 3183 666 3252 eudes
692 3184 876 3275 praesertim
902 3185 1082 3268 saculares,
1109 3185 1232 3254 elericos
1252 3185 1434 3276 pretioue·
1501 3187 1502 3254 l

288 3292 365 3373 rint,
383 3313 450 3358 uou
464 3290 593 3360 uidetur
604 3290 704 3381 [uuae
726 3291 816 3360 illius
838 3293 939 3382 officii
961 3292 1161 3384 ignobilitas,
1176 3315 1234 3360 uec
1255 3291 1348 3384 quod
1358 3316 1432 3384 pre

287 3421 319 3466 se
331 3400 419 3488 suot
432 3399 568 3488 speeiem
585 3397 766 3488 quemdem
781 3399 1021 3488 aequitationis.
1032 3439 1077 3452 —
1093 3399 1130 3467 Si
1144 3399 1339 3488 Fagnanum
1356 3401 1433 3491 pln-

287 3507 453 3596 rimosque
465 3505 548 3574 alios
560 3527 720 3574 canonum
736 3506 907 3596 intepretes
922 3507 1019 3576 adeas
1032 3507 1103 3598 (ubi
1123 3507 1317 3598 expendunt
1336 3519 1432 3599 caput

287 3615 381 3681 Siout
391 3624 432 3692 te,
443 3613 492 3682 Ne
501 3612 607 3680 elerici
617 3613 669 3680 uel
678 3612 856 3704 monacha),
868 3613 1008 3705 reperies
1017 3614 1058 3683 ab
1069 3614 1150 3704 ipsis
1162 3614 1328 3704 duplicem
1339 3614 1431 3682 dicte

288 3719 515 3810 prohibitionis
545 3719 738 3808 assignatam
770 3742 898 3788 oausam
925 3746 932 3788 :
957 3743 1027 3788 esse
1053 3741 1170 3812 nempe
1201 3721 1430 3802 tabellionatus

287 3827 428 3895 officium
446 3849 487 3892 ex
502 3835 617 3894 natura
632 3850 691 3894 sna
706 3826 860 3916 ignobile,
878 3837 910 3895 et
927 3829 1064 3918 speciem
1081 3829 1257 3921 quamdam
1280 3830 1430 3919 negotia-

289 3934 395 4000 tionis.
414 3931 542 4000 Eruditi
558 3955 635 4000 vero
650 3933 705 4001 alii
720 3933 815 4002 multi
830 3943 1005 4026 utrumqne
1021 3945 1157 4024 negant;
1171 3944 1203 4003 et
1218 3936 1338 4004 merito
1353 3936 1429 4027 qui-

289 4041 376 4126 dem,
392 4048 428 4107 ut
442 4041 523 4108 mihi
539 4039 677 4108 videtur.
695 4039 777 4108 Nam
794 4063 907 4110 eorum
923 4043 1071 4110 virorum
1091 4042 1185 4127 ordo,
1201 4065 1346 4133 quorum
1362 4053 1427 4110 tee-

287 4147 422 4214 timonio
435 4157 466 4213 et
479 4145 724 4238 subscriptione,
741 4147 842 4214 veluti
863 4156 949 4215 certo
964 4157 995 4215 et
1016 4147 1179 4218 infallibili
1200 4148 1424 4234 fundamento,

288 4255 404 4324 nititur
417 4261 449 4322 et
465 4274 577 4320 secura
590 4252 730 4342 quodam
748 4254 843 4322 modo
860 4254 996 4345 quiescit
1019 4254 1100 4324 fides
1116 4255 1258 4346 publica,
1275 4256 1425 4348 aquibus
