2998 4984
514 446 588 494 raas
611 445 756 496 saeuus.
1135 429 1199 496 lib

75 569 192 638 «inlu
214 565 369 660 speciales
395 569 562 636 numerari
589 568 748 660 (Lsyman
777 619 831 656 ...,
856 568 1013 638 Rabatlns
1045 622 1098 659 ...,
1128 572 1201 641 Pir·

75 704 92 744 α
112 675 207 765 rhing
230 700 286 760 ...;
305 673 356 742 vel
375 673 438 742 nisi
453 681 577 744 constet
591 674 713 766 aliquid
737 677 778 744 ab
796 677 953 768 Episcopo
968 699 1036 746 esse
1051 701 1120 746 aaa
1143 703 1203 772 po-

75 809 92 848 a
114 781 214 850 testati
229 780 410 872 specialiter
423 785 634 848 reservatum.
652 781 760 862 Quare
775 781 802 848 si
816 783 850 850 in
862 781 971 874 aliquo
982 806 1103 854 canone
1117 785 1205 854 dica-

75 915 91 954 α
114 897 176 974 tur,
201 886 368 979 quidpiam
394 885 435 954 ad
460 885 609 978 Episcopi
636 895 823 977 potestatem
846 898 1002 982 spectare,
1029 891 1092 958 nisi
1120 893 1206 961 inter

75 1020 91 1060 a
112 1017 203 1064 casus
216 1001 367 1084 exceptos
381 992 435 1078 sit,
451 991 573 1062 censeri
587 992 682 1066 dehet
695 994 791 1062 otiam
807 995 941 1065 Vicario
958 998 1101 1086 generali
1114 1022 1206 1068 com-

73 1126 91 1169 a
113 1109 233 1191 pstere;
250 1121 326 1168 cam
339 1098 485 1170 eamdem
499 1098 568 1190 ipsa
579 1097 837 1191 jurisdictionem
854 1101 1011 1174 habeat.»
1030 1106 1091 1197 (De
1110 1107 1205 1174 Vico-

69 1207 264 1298 rir'sEpisc„
282 1227 354 1297 cap.
372 1208 405 1292 3,
421 1227 455 1296 q.
476 1206 544 1295 97.)

594 1373 680 1466 §11-

101 1531 266 1584 Enumeratio
277 1541 367 1585 eoram
377 1541 436 1596 qua
446 1530 489 1596 jas
503 1529 587 1582 noluit
597 1527 721 1582 eviceris
730 1530 843 1594 swano
858 1530 975 1584 exerceri
986 1545 1069 1597 possa,
1081 1534 1177 1600 absque

448 1610 557 1676 speciali
566 1609 688 1662 mandato
700 1608 831 1676 Episcopi.

116 1745 294 1838 Dupliciter
313 1744 368 1835 jus
395 1743 465 1812 sive
487 1743 540 1811 lex
565 1743 779 1812 ecclesiastica
797 1743 1057 1835 jurisdictionem
1082 1750 1208 1841 cpisco-

68 1853 176 1945 palem
201 1853 238 1920 ia
263 1850 406 1941 generali
435 1850 567 1921 Vioario
596 1849 749 1924 limitavit
778 1877 785 1918 :
811 1851 918 1942 primo
942 1875 1070 1945 nempe,
1095 1857 1210 1948 prohj.

66 1962 179 2030 bendo
202 1982 244 2028 ne
267 1968 374 2050 posset
395 1958 504 2048 aliqua
525 1957 632 2030 valide
651 1979 801 2028 exercere
821 1959 942 2050 absqam
961 1962 1092 2052 speciali
1113 1987 1210 2034 man-

68 2068 149 2136 dato
177 2065 345 2158 Episcopi3
372 2064 526 2149 meando,
554 2064 759 2155 prohibendo
788 2087 829 2133 ne
858 2065 968 2157 aliqua
997 2068 1063 2136 alia
1090 2082 1209 2162 posset,

66 2175 169 2247 etiam
196 2174 365 2244 accedente
391 2171 522 2263 speciali
553 2171 703 2262 Episcopi
734 2171 898 2260 mandato,
931 2175 1039 2244 valide
1066 2179 1209 2272 explere.

65 2281 225 2350 Priorum
247 2279 477 2353 limitationum
493 2277 631 2369 speciem
647 2279 681 2346 in
703 2277 765 2348 hoc
785 2280 989 2371 paragrapho
1004 2286 1209 2375 exponimus.

64 2388 220 2457 Alteram
244 2386 305 2454 sub
330 2385 351 2476 ξ
377 2389 395 2451 5
426 2385 657 2454 describemus.
686 2383 798 2466 Quoad
825 2385 958 2454 modum
980 2397 1088 2458 autem
1111 2390 1211 2462 dictas

62 2493 281 2564 limitationes
303 2490 452 2562 tradendi
481 2491 637 2560 haesimus
659 2490 764 2578 dubii,
785 2513 864 2560 num
883 2493 1074 2564 deberemus
1094 2519 1213 2568 unam-

62 2622 240 2693 quamque
264 2599 333 2670 suis
361 2597 609 2690 probationibus
636 2605 669 2664 et
693 2596 818 2666 idoneis
849 2597 1050 2669 documentis
1077 2605 1215 2678 vestires

61 2711 116 2777 At
133 2729 209 2775 cnm
227 2707 291 2774 sint
307 2727 444 2774 numero
464 2704 629 2796 plurima,
646 2703 816 2773 timuimus
837 2728 878 2774 ne
894 2708 1040 2778 minutiis
1054 2710 1214 2801 ejusmodi

61 2813 216 2884 nimium
242 2811 446 2882 immorando
468 2810 634 2882 fastidium
658 2810 833 2881 lectoribus
856 2812 1091 2907 ingereremns‚
1117 2829 1214 2912 atque

57 2919 296 2992 ultramodum
319 2926 516 2987 excresceret
543 2925 696 2986 tractatus
722 2918 822 2986 molas
848 2946 856 2988 ι
884 2924 1065 3010 praesertim
1090 2948 1165 2994 cum
1191 2930 1215 2997 ii

60 3027 171 3122 pauci
190 3047 330 3118 qarorum
352 3026 485 3095 interest
500 3024 634 3096 omnino
653 3025 837 3116 exploratas
852 3026 983 3116 habers,
1004 3040 1035 3099 ct
1055 3034 1122 3100 suis
1138 3057 1217 3126 pro-

58 3134 261 3206 bationibus
272 3131 428 3217 firmatas,
442 3131 564 3201 Vicarii
574 3133 735 3221 generalis
747 3134 911 3222 potestatis
922 3135 1216 3234 determinationes,

59 3241 191 3312 obvios
213 3239 355 3313 habeant
374 3239 488 3321 libros,
504 3238 561 3328 qui
580 3238 741 3328 ejusmodi
759 3240 962 3310 auctoritates
982 3253 1014 3310 et
1027 3259 1219 3336 argumenta

58 3351 156 3419 satis
185 3346 340 3415 indicant.
372 3346 541 3413 Dictorum
572 3367 651 3435 ergo
684 3346 915 3416 limitationum
945 3355 1220 3424 enumerationem

57 3460 249 3528 dumtaxat
277 3475 333 3522 seu
363 3451 544 3542 catalogum
573 3451 627 3520 hic
652 3452 883 3525 describemus.
913 3456 959 3525 Ut
986 3466 1093 3528 autem
1120 3462 1222 3532 lector

55 3564 188 3638 videat
201 3558 367 3651 quomodo
380 3581 586 3650 unaquaque
603 3559 644 3626 sit
661 3559 696 3626 in
709 3559 784 3649 jure
798 3559 945 3649 lundata,
961 3573 993 3631 et
1006 3570 1223 3639 communiter
1249 3579 1257 3594 ‘

53 3697 80 3742 a
100 3666 302 3738 doctoribus
322 3673 462 3756 recepta,
481 3687 556 3734 eum
577 3664 775 3736 remittimus
794 3665 835 3736 ad
854 3665 1055 3757 Ferrarium,
1074 3673 1115 3741 ad
1134 3675 1222 3744 Leu-

54 3775 223 3858 renium,
240 3771 281 3839 ad
300 3771 535 3860 Pellegrinum,
551 3771 696 3862 aliosque
713 3773 907 3861 canonistas,
924 3775 981 3866 qui
998 3779 1222 3852 materiamen

48 3879 225 3978 professo
242 3885 434 3946 tractarunt.

118 3993 158 4056 1.
185 3985 318 4074 Absque
342 3982 473 4074 speciali
499 3981 650 4052 mandato
676 3985 788 4075 nequit
811 3983 852 4054 de
872 3988 976 4056 causis
995 3991 1223 4066 criminalibus

49 4113 289 4188 cognoscere,
313 4112 371 4158 nec
394 4096 626 4181 consequenter
644 4089 787 4182 aliquem
806 4093 847 4159 ab
872 4092 999 4180 ordine,
1024 4097 1142 4187 officio,
1166 4115 1223 4173 aut

48 4200 241 4278 beneficio
256 4197 428 4288 deponere.
448 4196 496 4265 lta
517 4195 652 4265 limitata
668 4195 728 4265 tuit
745 4199 908 4288 garantia
927 4202 998 4291 ejus
1012 4214 1151 4294 potestas
1167 4234 1223 4302 per
