3046 4962
565 441 639 486 rins
662 441 764 486 ristun.
1199 424 1236 488 'ts

105 557 233 627 cuidam
251 560 409 650 primatis
424 561 541 630 litteris
556 575 707 630 euocatus
730 562 866 630 minime
889 563 1085 646 occttrrerit,·
1099 565 1159 632 ltoc
1180 578 1238 650 est,

105 665 189 734 iutra
201 669 351 758 spatium
366 669 493 750 mensis,
512 692 553 736 ea
565 668 618 739 die
632 692 698 761 qua
713 691 788 738 eum
803 671 929 738 litteras
941 671 1097 762 accepisse
1118 674 1241 742 consti-

106 773 186 841 terit.
205 774 304 858 Quod
312 776 343 844 si
351 775 481 868 aliquas
495 799 588 844 ueras
601 776 797 844 necessitatis
810 799 940 845 caussas
948 777 1149 869 probaverit,
1166 780 1242 872 qni-

106 879 159 948 lus
173 903 249 950 cum
263 905 429 952 occurrere
440 905 506 952 uon
520 883 662 976 patuisse
675 883 887 973 manifestam
901 884 955 966 sit,
973 907 1094 954 caussa
1108 908 1175 956 suu
1189 887 1242 955 di-

105 987 207 1057 cendce
234 988 323 1058 intra
352 991 495 1061 alterum
523 1013 663 1058 mercem
693 990 856 1082 inteqram
886 991 1005 1060 habeat
1032 994 1238 1082 facultatem.

113 1097 225 1164 Verum
234 1109 314 1188 post
329 1119 471 1167 mensem
485 1098 661 1168 secundum
678 1097 807 1166 tamdiu
822 1121 889 1168 non
904 1087 1131 1180 eommunicet,
1144 1101 1241 1170 donec

106 1217 312 1294 eapurqctur.
330 1205 372 1274 Si
387 1219 499 1276 autem
518 1229 575 1274 nee
596 1205 643 1274 ad
654 1205 829 1274 concilium
852 1206 1035 1275 universale
1052 1208 1242 1278 anniuersa-

105 1310 188 1378 rium
202 1333 370 1380 occurrere
383 1314 531 1395 voluerit,
547 1325 584 1382 ut
599 1313 651 1382 vel
662 1313 709 1381 ibi
721 1335 836 1382 caussa
861 1315 933 1404 ejus
956 1314 1158 1396 terminetur,
1175 1317 1243 1408 ipse

106 1417 193 1486 inse
221 1418 444 1490 damnationis
470 1422 665 1490 sententiam
693 1419 812 1491 dieisse
832 1420 1042 1511 judicetur...
1070 1425 1244 1493 Accusator

104 1537 215 1592 autem
240 1528 324 1618 ejus,
346 1529 376 1596 si
396 1550 568 1620 nunquam
597 1526 709 1596 diebus
733 1549 855 1596 eausscc
882 1527 1024 1598 dicenda²
1047 1528 1196 1620 defuerit,
1222 1555 1244 1600 a

104 1634 331 1702 communione
344 1657 410 1704 non
428 1647 634 1703 runaveatur
648 1661 658 1700 :
672 1635 702 1702 si
714 1657 788 1702 vero
808 1633 988 1726 aliquanda
1009 1635 1160 1726 deficerit,
1177 1661 1242 1706 res-

11 1755 12 1778 *
104 1738 202 1807 tituta
214 1742 439 1810 communioni
448 1742 622 1834 Episcopo,
638 1741 706 1834 ipse
716 1754 961 1810 removeatur...
974 1743 1016 1812 Si
1027 1758 1139 1814 autem
1148 1769 1243 1838 pres-

105 1843 210 1934 byteri
225 1847 277 1916 ael
288 1847 418 1918 diacmti
427 1849 552 1941 fuerint
565 1849 720 1930 accusati,
734 1848 894 1938 adjuncta
907 1848 970 1918 silti
984 1872 1025 1918 etc
1038 1851 1152 1920 vicistis
1167 1853 1244 1922 locis

11 1987 12 1998 ,
104 1950 250 2040 lepitimo
264 1978 401 2024 numera
414 1957 635 2046 coaequant,-
652 1955 689 2026 id
702 1967 748 2024 cst
761 1957 796 2023 in
807 1955 990 2046 presbytcri
1003 1959 1133 2028 nomme
1146 1963 1244 2050 quin-

104 2082 184 2150 que;
201 2074 232 2128 et
247 2064 283 2130 in
302 2061 443 2145 diaconi,
459 2063 583 2132 duobus
599 2063 778 2156 :Episcopi
799 2063 946 2153 ipsorum
965 2087 1115 2134 caussam
1137 2067 1245 2137 discu-

106 2167 202 2250 tiant,
221 2169 334 2238 codam
348 2170 486 2254 dierum,
504 2172 556 2240 vel
567 2171 779 2252 dilationum,
794 2171 847 2238 vel
857 2194 879 2237 a
894 2174 1118 2242 communione
1135 2198 1244 2244 rema-

11 2327 14 2370 ,
105 2279 233 2347 tionum
253 2291 284 2346 et
303 2277 496 2346 discissione
512 2300 731 2369 personarum
754 2277 840 2345 inter
854 2291 1055 2346 accusatores
1070 2293 1101 2347 et
1116 2304 1168 2350 eos
1188 2284 1247 2374 qui

11 2441 12 2456 ,
104 2398 311 2467 acassantur,
325 2389 437 2476 forma
459 2397 601 2454 seruata.
624 2385 835 2475 Reliquorum
858 2396 971 2452 autem
994 2408 1124 2455 caussas
1143 2389 1244 2457 etiam

104 2495 190 2562 salus
205 2492 385 2583 Episcopus
399 2492 463 2561 loci
482 2504 638 2583 apnascot
663 2503 694 2560 et
710 2491 822 2582 finiat.
840 2491 928 2558 Sane
942 2492 1087 2584 quisquis
1108 2497 1245 2587 Episco-

100 2624 224 2694 porum
244 2601 295 2669 ael
313 2601 515 2681 clericorum,
539 2624 613 2669 cum
637 2600 673 2668 in
690 2597 835 2667 Ecclesia
855 2599 886 2666 ei
904 2599 1006 2687 suerit
1030 2602 1153 2670 crimen
1182 2606 1246 2672 im·

101 2709 261 2800 positum,
277 2709 329 2776 uel
344 2708 448 2777 ciuilis
461 2729 576 2776 caussa
594 2706 697 2798 satuit
720 2717 903 2787 commota,·
926 2706 999 2774 etis
1021 2708 1132 2777 rclicto
1148 2712 1246 2781 eccle-

104 2816 234 2886 siastico
241 2815 385 2908 judicia,
397 2815 537 2907 publicis
545 2813 685 2905 judiciis
697 2812 840 2904 purpari
860 2813 1020 2896 voluerit,·
1039 2815 1170 2884 etiamsi
1182 2841 1247 2908 pro

106 2923 162 2992 illa
184 2923 288 3014 licerit
308 2922 443 3014 prolata
466 2920 638 2998 sententia,
659 2920 768 2989 locum
789 2941 887 2986 suum
911 2920 1057 3001 amittat,
1076 2934 1107 2988 et
1128 2923 1188 2991 ltac
1210 2925 1246 2992 ia

106 3031 274 3100 criminali
287 3029 430 3121 judicio.
455 3031 493 3096 ln
514 3028 603 3096 civili
624 3049 710 3107 uero,
724 3025 844 3117 perdat
862 3025 951 3116 quod
970 3025 1074 3108 euicit,
1090 3029 1120 3094 si
1139 3029 1247 3098 lacum

106 3161 202 3206 suum
216 3137 359 3206 obtinere
371 3134 521 3204 voluerit.
542 3134 605 3204 Cui
623 3133 710 3202 enim
723 3131 769 3202 ad
783 3131 945 3222 clipendos
961 3131 1090 3222 judices
1108 3135 1249 3228 undique

109 3246 261 3315 Ecclesia
279 3255 375 3336 patct
392 3243 586 3323 auctoritas,
601 3242 716 3334 ipsese
732 3239 906 3328 indiquum
926 3241 1074 3330 fraterno
1089 3244 1249 3312 consortio

101 3353 248 3444 judicat,
267 3351 325 3443 qui
346 3349 385 3436 dc
407 3349 557 3417 uniuersa
581 3348 726 3416 Ecclesia
754 3346 841 3414 male
860 3345 1036 3428 sentiendo,
1061 3347 1100 3416 dc
1119 3349 1250 3440 judicio

107 3459 259 3529 sutulari
283 3457 389 3550 pascit
417 3455 583 3524 auxilium
611 3481 622 3521 .·
649 3476 725 3522 cum
755 3453 969 3545 priuatorum
997 3453 1252 3525 christianarum

107 3587 237 3636 caussas
260 3563 430 3656 Apostolus
445 3562 492 3632 ad
503 3560 684 3632 Ecclesiam
706 3559 838 3651 deferri,
855 3572 955 3651 atque
970 3559 1017 3629 ili
1038 3559 1252 3633 determinari

104 3672 292 3765 pracipiat.
311 3671 407 3760 (Laco
420 3670 530 3757 citato,
546 3691 621 3761 pag.
641 3669 708 3759 tt.)

153 3780 338 3850 Occurrunt
351 3787 383 3845 ct
394 3776 426 3847 V
438 3775 548 3846 saeculi
562 3783 785 3863 monumenta,
798 3797 873 3866 quae
886 3773 996 3844 forum
1009 3775 1161 3844 Ecclesia
1177 3800 1255 3848 con-

110 3888 285 3956 tentiosum
302 3894 333 3952 et
351 3882 560 3975 judiciariam
575 3888 764 3974 patestatem
787 3889 908 3974 aperte,
926 3881 1011 3950 sicut
1026 3883 1254 3974 praecludis,

110 4003 280 4062 testantur.
298 3991 336 4060 lu
351 3990 489 4060 concilio
503 3989 666 4081 Ephesina
681 3989 761 4058 anni
777 3992 854 4074 tat,
869 3988 1000 4056 nomine
1018 3989 1136 4077 synodi
1152 3992 1256 4062 tribus

11 4109 13 4190 ῗ
108 4103 237 4171 vicibus
252 4101 368 4170 citatus
382 4099 445 4167 tuit
466 4099 506 4167 ad
524 4098 779 4189 comparendum
799 4095 979 4165 Nestorius.
998 4095 1255 4170 Haeresiarcham

109 4217 219 4277 antem
237 4213 436 4278 monuerunt
451 4205 564 4299 Legati
584 4203 753 4299 pontificii,
769 4203 810 4274 nd
832 4202 1049 4274 damnationis
1064 4208 1255 4277 sententiam
