3090 4964
577 447 652 498 raas
675 449 780 498 rama.
1205 431 1244 497 db

114 571 191 664 quod
204 573 290 642 illud
301 574 410 666 ipsum
424 581 566 664 systema
574 581 683 665 aperte
694 571 848 641 excludit.
866 571 953 662 Ergo
968 595 1035 641 non
1051 570 1245 642 damnatum

113 679 168 747 fuit
179 689 214 748 nt
229 681 436 768 hereticum,
452 703 490 750 co
506 681 591 772 quod
603 679 897 772 negaretEoclesise
908 687 1097 771 potestatem
1112 703 1247 750 excom-

114 787 310 874 municandi,
333 787 452 856 aliasve
477 810 590 878 poenas
613 810 702 856 mere
726 786 909 876 spirituales
929 786 1121 877 infligendi3
1143 787 1247 879 siqui-

113 896 179 964 dem
195 897 318 964 nedam
336 921 409 965 eam
425 906 615 989 potestatem
632 906 777 987 negaret,
793 921 835 966 ex
851 896 996 989 professo
1016 918 1033 962 c
1049 907 1160 964 contra
1174 917 1247 962 eam

111 1002 293 1072 affirmabat
307 1031 314 1072 :
326 1027 404 1094 ergo
419 1005 612 1074 damnatum
625 1003 687 1071 tuit
697 1004 870 1072 dumtaxat
882 1025 919 1070 eo
934 1002 1022 1094 quod
1035 1009 1168 1090 negaret
1178 1001 1246 1068 vim

110 1132 162 1200 per
175 1132 289 1201 peenas
299 1111 492 1202 temporales
508 1117 539 1178 et
550 1111 733 1202 corporales
743 1111 922 1178 coactivam
941 1135 949 1176 ι
965 1131 1043 1198 ergo
1058 1129 1097 1177 ea
1109 1107 1249 1175 damna-

109 1216 189 1285 tione
206 1217 353 1285 damnati
369 1226 445 1285 sunt
460 1217 484 1286 ii
499 1239 626 1303 omnes,
644 1217 701 1308 qui
717 1223 910 1308 potestatem
928 1237 987 1308 per
1008 1213 1202 1307 temporales
1217 1222 1250 1284 et

109 1324 287 1414 corporales
302 1347 414 1415 peenas
429 1323 597 1394 coercendi
617 1323 768 1392 Ecclesiae
785 1325 959 1414 denegant.

148 1431 231 1500 ltem
255 1453 355 1522 supra
377 1431 523 1500 vidimus
549 1431 631 1522 (cap.
660 1431 691 1522 3)
713 1455 732 1499 a
753 1431 928 1500 Benedieto
955 1429 1035 1498 XIV
1055 1430 1248 1498 damnatum

108 1535 225 1625 pariter
246 1543 283 1603 ut
307 1536 498 1606 haereticum
512 1536 612 1604 fuisse
629 1543 772 1628 systema
787 1537 892 1606 Patris
910 1535 956 1605 La
974 1535 1093 1623 Borde,
1110 1533 1249 1628 eoquod

105 1641 274 1732 impudens
304 1641 359 1710 ille
386 1644 527 1734 sempter
552 1643 741 1713 convelleret
767 1667 789 1710 a
821 1643 947 1713 Christo
972 1644 1123 1712 Ecclesia
1147 1643 1250 1712 eollo-

105 1759 173 1816 tom
195 1762 407 1840 protectam,
433 1773 498 1818 non
519 1749 625 1818 solum
649 1749 811 1842 diripendi
827 1774 892 1843 per
911 1751 1046 1818 cosantia
1069 1763 1099 1819 et
1125 1751 1250 1818 suasio-

103 1877 165 1938 nes,
184 1854 244 1924 sed
257 1857 358 1925 etiam
365 1856 511 1948 jubendi
528 1880 591 1947 per
605 1857 699 1948 lepes,
717 1881 756 1926 oc
772 1856 880 1926 devios
896 1858 1054 1927 anteriore
1071 1857 1203 1948 judicio
1219 1869 1250 1924 et

102 1963 286 2032 salubribus
295 1964 405 2054 paenis
419 1963 586 2033 coercendi
600 1976 699 2056 atque
711 1965 857 2056 rependi.
880 1968 1003 2034 Atvero
1017 1964 1125 2032 dictus
1137 1973 1250 2033 auctor

103 2090 167 2135 non
183 2069 367 2158 denegabat
380 2068 529 2138 Rectene
545 2070 853 2140 excommunicandi
869 2079 901 2140 ot
916 2072 950 2140 in
967 2093 1039 2140 reos
1053 2072 1126 2140 eliis
1146 2072 1250 2163 poenis

102 2173 328 2264 spiritualibus
348 2174 629 2244 animadvertendi
654 2183 868 2268 potestatem,
894 2175 951 2245 sed
971 2184 1099 2246 tantum
1121 2176 1250 2245 volebat

101 2280 295 2367 Ecclesiam,
321 2281 455 2374 prolatis
483 2281 673 2376 hujusmodi
703 2280 882 2370 sententiis,
910 2284 1072 2352 inermem
1103 2305 1184 2370 esse,
1213 2306 1250 2351 ac

102 2387 241 2477 proinde
255 2411 321 2457 non
344 2412 437 2480 posse
453 2411 547 2458 reum
563 2398 708 2478 externe,
727 2391 759 2458 id
773 2398 822 2458 est
837 2390 942 2482 poenis
958 2391 1179 2482 corporalibus
1194 2397 1251 2459 aut

102 2496 353 2586 temporalibus,
370 2496 411 2564 ed
435 2497 698 2566 satisfaciendum
721 2519 848 2587 cogere.
865 2497 902 2565 ln
916 2521 954 2566 eo
969 2506 1038 2566 erat
1052 2497 1132 2566 dicti
1145 2499 1251 2590 scrip-

102 2603 182 2669 toris
196 2611 361 2694 systema3
378 2603 412 2671 in
427 2603 509 2671 illud
521 2625 600 2693 ergo
615 2612 758 2696 systema
768 2604 935 2672 damnatio
952 2603 1073 2673 directa
1089 2613 1153 2684 est;
1171 2625 1250 2694 ergo

97 2731 217 2778 revera
232 2709 347 2778 cecidit
360 2710 588 2779 condemnatio
603 2711 638 2778 in
647 2711 836 2803 opinionem
848 2733 923 2804 qum
940 2711 1116 2780 Ecclesiam
1131 2711 1249 2802 spolia·

98 2824 166 2882 tam
195 2816 269 2885 volt
289 2816 381 2884 onrni
405 2825 560 2907 potestate
584 2839 641 2908 per
659 2819 842 2909 corporales
866 2827 897 2886 et
923 2819 1117 2909 temporales
1138 2839 1250 2908 pennas

97 2923 290 2992 coercitiva.

140 3032 230 3099 ltem
246 3053 346 3122 supra
359 3029 457 3121 [dicto
472 3031 577 3121 capite
593 3031 625 3121 3)
641 3030 788 3100 vidimus
803 3032 992 3101 damnatam
1008 3031 1110 3100 fuisse
1132 3033 1249 3123 synodi

95 3137 293 3206 Pistoieusis
308 3138 504 3225 doctrinam,
520 3146 680 3229 quatenns
694 3139 838 3207 insinuat
860 3139 1011 3208 Ecclesiae
1031 3161 1096 3208 non
1117 3162 1248 3230 compe·

95 3255 163 3314 tere
181 3270 204 3313 a
222 3245 353 3314 Christo
366 3245 517 3312 collatam
531 3253 721 3335 potestatem
738 3258 943 3314 contumaces
958 3246 1111 3313 exteriori
1119 3245 1249 3336 judicio

93 3367 123 3420 et
139 3351 334 3421 salubribus
350 3351 460 3442 peonis
477 3351 643 3420 coercendi
665 3365 764 3442 atquc
784 3351 928 3444 coposdi.
945 3351 1010 3420 Sed
1031 3351 1085 3420 illa
1104 3352 1250 3443 synodus

93 3482 162 3528 non
187 3459 373 3549 denegabat
398 3458 547 3527 ecclesie
570 3466 759 3549 potestatem
784 3459 1102 3546 excommunicandi,
1129 3460 1249 3530 aliasve

92 3589 215 3656 poenas
231 3565 416 3656 spirituales
434 3563 648 3648 decernendi;
670 3564 726 3632 sed
748 3573 875 3632 tantum
903 3572 1092 3655 potestatem
1104 3589 1167 3657 per
1181 3566 1249 3633 vim

91 3675 298 3742 memorem
321 3672 555 3763 subjectionem
570 3672 636 3738 suis
651 3671 784 3740 decretis
798 3671 959 3763 ceipendi.
976 3671 1038 3742 Vel
1051 3695 1130 3762 ergo
1147 3673 1250 3741 inuti-

90 3779 166 3850 liter
181 3789 219 3850 et
229 3779 302 3847 sine
317 3801 414 3847 causa
424 3802 496 3847 eam
511 3779 702 3847 damnatam
720 3779 820 3847 fuisse
834 3779 1009 3848 dicendum
1024 3789 1086 3867 est,
1099 3779 1149 3848 vel
1164 3789 1249 3850 certe

90 3889 165 3957 ideo
181 3887 436 3956 damnationem
456 3887 568 3972 subiit,
586 3885 674 3977 quod
692 3895 825 3977 negaret
844 3909 901 3979 per
919 3887 1112 3980 temporales
1127 3897 1158 3956 et
1177 3912 1249 3957 eor-

89 3995 229 4086 porales
248 4016 359 4085 peenas
374 3993 581 4062 coercitivam
599 3992 750 4062 Ecclesia
767 4001 970 4085 potestatem.

135 4105 178 4171 Et
197 4103 338 4170 tandem
355 4102 436 4191 (loco
458 4101 565 4193 citato)
584 4123 683 4192 supra
697 4100 855 4187 vidimus,
879 4100 951 4169 ideo
968 4123 1107 4193 nupera
1128 4103 1186 4172 Pio
1202 4105 1248 4172 lX

88 4215 275 4283 confixum
290 4208 391 4277 fuisse
408 4208 598 4279 heterodoxi
609 4207 743 4277 loannis
756 4207 864 4299 Nuytz
879 4215 1034 4301 systema,
1047 4210 1136 4302 quod
1150 4213 1248 4279 susti-

265 4335 285 4380 1.
1071 4324 1087 4356 θ’
