3056 4972
555 519 630 564 mas
652 519 758 565 rurus.
826 527 830 536 ·
1104 577 1107 584 Δ
1164 500 1224 566 221

89 667 105 704 a
128 639 264 732 ideoque
280 638 401 709 sufficit
416 639 443 708 si
458 639 618 709 confessio
632 639 780 710 advocati
794 663 813 708 a
829 647 919 732 parte
934 647 1116 728 revocetur,
1129 642 1228 712 etiam

89 773 105 812 e
130 769 195 817 non
210 746 348 838 allegato
362 754 395 816 et
409 746 546 838 probato
562 769 684 818 errore.
700 773 717 812 a
738 747 918 838 (Pirrhing,
930 747 966 815 in
980 748 1029 817 tit.
1050 751 1104 836 38,
1115 748 1191 817 libri
1209 753 1224 817 1

86 855 316 942 Decretelinm,
332 878 367 924 n.
387 856 456 947 82.)

133 965 184 1031 16.
202 963 252 1030 Ex
278 963 430 1033 mandato
450 963 676 1056 procuratorio
699 963 804 1032 oritur
822 963 907 1030 actio
928 960 1048 1030 directa
1071 962 1227 1048 mandati,

86 1091 161 1160 quae
188 1069 284 1138 datur
303 1068 436 1138 domino
457 1079 570 1139 contra
596 1078 852 1162 procuratorem,
875 1076 911 1137 nt
934 1068 1089 1136 rationem
1115 1068 1230 1138 reddat

85 1174 232 1244 omnium
256 1197 331 1268 qnae
355 1177 467 1266 gessit,
481 1186 512 1246 et
531 1178 680 1246 restituat
696 1199 772 1270 qua
789 1199 829 1246 ex
845 1198 880 1246 rc
896 1197 953 1244 seu
967 1175 1024 1245 lite
1039 1185 1229 1245 consecutus

84 1290 143 1368 est,
160 1283 228 1351 sive
245 1281 332 1374 juste
346 1283 415 1352 sive
429 1283 549 1376 injuste
564 1284 647 1376 (lege
668 1284 735 1368 Qui
747 1283 887 1376 propriu
907 1287 961 1368 tc,
977 1282 999 1373 ξ
1016 1285 1226 1366 Procurator,

86 1387 119 1456 ff.
137 1387 178 1457 de
191 1389 472 1480 Procurator-ibus)
495 1391 596 1460 :item
620 1400 658 1460 ut
677 1413 775 1461 omne
790 1391 961 1478 damnum,
975 1411 1033 1480 per
1051 1388 1161 1460 dolum
1177 1389 1229 1458 vel

84 1496 215 1588 culpam
224 1519 281 1565 sen
295 1497 528 1588 negligentiam
541 1498 762 1590 procuratoris
778 1495 912 1566 domino
925 1496 1064 1582 illatum,
1076 1519 1230 1588 compen-

84 1609 186 1671 setur.
206 1602 303 1693 (Lege
320 1603 409 1672 Licet
425 1607 480 1690 42,
496 1604 517 1696 ᾗ
532 1606 586 1673 Εα
600 1604 769 1696 obligatio,
784 1603 820 1671 n.
834 1601 874 1672 de
888 1603 1171 1672 Procuratorilms.
1183 1641 1229 1656 -

84 1709 173 1799 Lege
187 1711 440 1780 Procuratorem
456 1714 510 1798 11,
526 1720 558 1780 et
571 1711 643 1802 lege
659 1733 680 1780 a
696 1714 914 1780 Procuratore
929 1713 982 1797 13,
1000 1731 1028 1778 c.
1046 1709 1225 1801 Mandaei.)

85 1817 122 1886 Si
137 1841 216 1888 vero
232 1827 422 1910 procurator
436 1818 560 1888 dictum
576 1819 733 1890 damnum
747 1840 955 1910 compensare
970 1819 1095 1910 nequit,
1111 1841 1230 1888 conce-

85 1924 194 1994 denda
205 1933 255 1994 est
265 1925 399 1994 domino
413 1927 574 1996 restitutio
588 1926 623 1996 in
638 1929 817 2018 integrum,
828 1925 861 1994 id
873 1933 922 1996 est
932 1924 1068 1994 facultas
1081 1925 1121 1996 de
1133 1951 1230 1998 causa

83 2031 229 2123 judicata
244 2032 364 2102 itemm
388 2031 550 2123 litigandi,
568 2032 682 2104 eodem
699 2033 796 2103 modo
817 2055 855 2101 ac
868 2033 897 2100 si
920 2030 1067 2102 nondum
1087 2032 1229 2124 judicata

85 2137 217 2225 fuisset3
234 2137 422 2209 interturid
437 2141 563 2232 exlege
578 2142 759 2232 Eleganter
776 2144 821 2233 (7,
839 2138 873 2208 n.
890 2136 930 2207 de
949 2140 1055 2232 Dolo).

128 2245 215 2314 Hinc
230 2245 315 2334 lieet,
333 2254 370 2315 ut
392 2269 492 2339 snpra
507 2247 630 2316 dictum
647 2255 707 2335 est,
724 2247 860 2316 domino
878 2245 1069 2338 praejudicct
1088 2248 1183 2340 culpa
1197 2257 1230 2319 et

86 2351 285 2441 negligentia
308 2353 542 2444 procuratoris,
565 2355 610 2423 ita
635 2354 728 2424 utin
750 2353 874 2446 judicio
897 2352 1106 2422 condemnari
1130 2357 1230 2447 possit

85 2454 124 2522 ad
139 2455 335 2527 solvendum
352 2457 386 2526 id
402 2458 491 2550 quod
514 2459 610 2552 culpa
633 2459 853 2551 procuratoris
876 2458 1060 2548 neglectum
1075 2467 1124 2526 est
1141 2460 1229 2553 (quia

85 2561 147 2630 sibi
161 2563 323 2654 imputare
345 2563 442 2632 debet
461 2565 613 2634 dominus
635 2566 722 2658 quod
747 2566 965 2656 negligentem
987 2573 1229 2656 procuratorem

84 2667 320 2760 constituerit);
347 2679 455 2739 tamen
483 2695 542 2764 per
567 2673 727 2743 actionem
755 2671 900 2742 mandati
917 2671 958 2740 ab
979 2693 1017 2742 eo
1038 2694 1228 2764 recuperare

85 2782 191 2864 potest
205 2773 359 2845 (lominus
373 2775 495 2846 damna
507 2787 540 2848 et
556 2779 723 2848 interesse.

133 2884 184 2948 17.
204 2882 357 2952 Vicissim
379 2891 570 2975 procurator
586 2885 654 2954 sive
670 2885 799 2955 Actoris
814 2885 883 2954 sive
897 2884 970 2971 Rei,
988 2893 1101 2954 contra
1116 2885 1226 2955 domi-

84 3010 167 3058 nnm
183 2988 280 3058 habet
295 2990 440 3059 mandati
456 2992 629 3080 actionem,
645 2992 687 3062 acl
708 2992 898 3084 repetendas
921 3013 1034 3060 omnes
1052 3015 1226 3084 expensus,

83 3117 168 3186 quas
182 3096 347 3165 commone
359 3096 503 3166 mandati
514 3121 572 3168 seu
584 3099 706 3189 negotii
719 3099 780 3168 sibi
792 3098 955 3168 commissi
968 3098 1127 3168 bonafide
1138 3101 1224 3172 fecit.

83 3202 220 3270 Constat
239 3209 309 3271 tam
328 3203 402 3294 jure
424 3203 573 3276 Romano
592 3205 678 3298 (vide
694 3214 802 3275 textus
820 3204 931 3274 citatos
953 3205 1039 3296 apud
1057 3206 1226 3299 Pirrhing‚

85 3309 122 3376 in
148 3309 195 3376 tit.
215 3313 269 3397 38,
284 3310 361 3380 libri
378 3315 392 3378 1
415 3311 555 3400 Decret,
575 3337 609 3382 n.
630 3313 698 3404 85),
717 3321 786 3382 tum
814 3313 962 3382 decretali
987 3314 1165 3383 Innocentii
1184 3317 1229 3384 lll

85 3417 136 3483 sic
160 3417 359 3486 decernentis
381 3419 605 3488 :Mandemus
627 3433 787 3512 quatenus
814 3442 970 3512 eapcrtsas
997 3421 1228 3492 archidiacono

84 3523 218 3592 restitui
227 3525 372 3615 faciatis,
390 3525 419 3592 si
432 3526 577 3615 legitime
587 3528 729 3618 probare
737 3527 886 3619 potnerit
898 3551 931 3596 se
943 3527 984 3596 de
998 3528 1156 3598 mandato
1171 3537 1228 3599 ca*

79 3627 190 3718 pituli
201 3630 370 3720 suscepisse
381 3629 542 3721 predicta
559 3634 690 3723 repotia
711 3631 949 3724 promovenda,
967 3645 999 3706 et
1017 3645 1153 3724 propter
1166 3632 1227 3700 ttae

83 3733 137 3804 ad
160 3735 274 3805 Sedem
299 3737 518 3828 Apostolicam
545 3740 708 3810 accessisse
730 3740 846 3832 (capite
874 3741 959 3809 Cum
983 3763 1046 3831 pro
1069 3763 1169 3808 cause
1192 3744 1226 3831 6,
1326 3741 1328 3748 ’

83 3841 177 3910 tituli
193 3845 245 3932 38,
261 3843 337 3914 libri
356 3848 371 3912 1
394 3844 637 3937 Decretalinm).
