3030 4980
249 453 311 516 456
623 473 796 520 metrorus
819 473 857 518 ne
879 473 1013 520 suorurs.

252 619 270 658 ι
292 601 361 660 eret
374 591 562 662 conferendi
580 593 722 662 minores
738 591 870 662 ordines
888 645 941 676 ...‚
964 602 996 662 et
1012 592 1188 684 aliquando
1211 591 1329 660 iisdem
1356 593 1404 660 ab
1506 629 1507 676 3

252 725 269 766 ιι
292 701 449 792 Episcopo
463 698 526 768 loci
541 698 677 768 facultas
689 723 820 792 quoque
835 699 1047 789 delegabatur
1061 700 1249 769 conferendi
1260 698 1403 768 ordines

251 833 269 874 ιι
292 829 420 893 sacros,
437 805 513 874 inde
525 806 644 875 Iectmn
659 814 708 875 est
724 815 760 875 nt
774 806 1018 898 Chorepiscopi,
1032 815 1078 876 tot
1086 807 1289 896 condecorati
1303 829 1404 899 prae-
1507 861 1508 864 ¹

250 941 268 980 ιι
296 914 465 1004 rogetivis,
487 936 525 981 ec
546 937 649 1005 usque
670 914 815 983 audaciae
840 913 1043 1000 devenerint,
1066 915 1161 983 utin
1185 915 1341 984 omnibus
1366 937 1405 982 se
1507 901 1508 904 ¹

252 1046 269 1086 «
293 1021 463 1113 Episcopis
480 1033 689 1113 aequarent...
714 1020 838 1090 Idcirco
854 1021 975 1090 saeculo
995 1022 1074 1092 VIII
1089 1031 1121 1090 et
1133 1021 1193 1108 IX,
1210 1022 1254 1089 ito
1269 1021 1406 1114 praeci-

250 1154 267 1194 ι
291 1129 455 1221 pientibus
469 1128 619 1219 pluribus
641 1129 791 1197 Ecclesiae
813 1128 953 1218 legibus,
978 1128 1291 1220 chorepiscoporum
1309 1129 1406 1198 ordo

251 1262 269 1302 ιι
292 1235 458 1328 supprimi
472 1236 588 1329 coepit,
606 1259 642 1304 ac
658 1235 765 1305 medio
776 1235 902 1306 circiter
912 1237 1031 1307 saecnlo
1044 1237 1220 1328 Xprorsus
1227 1236 1405 1305 extinctus

252 1369 269 1410 ιι
292 1351 356 1430 est;
374 1344 463 1436 quod
480 1351 590 1412 narrat
606 1343 730 1412 Natalis
742 1343 930 1412 Alexander
949 1344 1046 1434 (Hier.
1064 1344 1184 1427 eccles„
1202 1351 1280 1412 tom.
1300 1347 1335 1430 ι,
1357 1344 1406 1412 ad
1509 1367 1510 1370 ¹

251 1477 268 1514 ιι
292 1450 451 1519 saeculum
467 1451 526 1538 tv,
543 1451 578 1518 in
592 1450 770 1544 appendice
785 1451 827 1520 ad
841 1450 968 1520 dissert.
988 1451 1055 1542 ιι).
1072 1477 1089 1516 ι

296 1583 313 1622 ιι
329 1557 492 1626 Extinctis
499 1557 759 1650 Chorepiscopis,
775 1558 958 1629 sollicitudo
968 1557 1129 1627 lustrandi
1141 1557 1319 1626 rusticanas
1336 1578 1406 1646 pa-

252 1691 269 1730 «
293 1665 432 1752 rochies,
449 1665 649 1757 praesidendi
663 1667 774 1757 parvis
788 1664 930 1758 oppidis,
945 1665 1130 1756 corrigendi
1142 1689 1180 1734 ec
1191 1663 1354 1758 puniendi
1366 1664 1408 1730 in

252 1799 271 1838 ιι
293 1772 347 1840 his
363 1772 516 1864 degentes
529 1772 674 1860 clericos,
697 1774 853 1842 translate
868 1782 916 1842 est
942 1774 976 1841 in
992 1773 1310 1864 Archipresbyteros,
1326 1773 1407 1840 Ar-

253 1906 271 1946 «
293 1879 500 1949 chidiaconos
515 1889 547 1948 et
562 1882 707 1950 Decanos
724 1881 890 1950 rurales...
916 1881 1018 1952 Erant
1034 1881 1135 1970 igitur
1149 1879 1405 1966 Archidinconi,

253 2014 270 2053 ιι
294 1987 431 2075 Deceni,
447 1995 479 2056 et
495 1988 630 2074 similes,
647 1989 681 2056 in
695 1987 1010 2082 Chorepiscoporum
1023 1987 1132 2056 locum
1148 1986 1283 2072 suffecti,
1303 1986 1408 2056 Vica-

254 2119 272 2159 ι
295 2095 339 2161 rii
351 2095 477 2164 rurales
491 2117 548 2164 seu
560 2097 692 2186 foronei
713 2097 959 2188 Episcoporum.
984 2123 1001 2162 ιι
1029 2094 1233 2188 (Benedictus
1246 2093 1343 2182 XIV,
1364 2094 1410 2164 de
1512 2163 1513 2166 ,

251 2206 335 2294 Syn.
351 2201 461 2286 dioec,
479 2202 562 2273 libro
580 2207 611 2292 3,
629 2225 700 2294 cap.
719 2205 752 2290 2,
770 2225 804 2271 n.
825 2203 870 2293 6.)

781 2480 870 2572 §n

355 2651 423 2710 Quid
438 2650 542 2716 proprie
557 2650 589 2701 sit
605 2649 720 2701 Vicsrius
733 2649 865 2713 foraneus,
878 2653 904 2700 et
917 2663 1034 2715 qnaenem
1047 2647 1126 2714 ipsius
1137 2649 1294 2715 jurisdIctio.

302 2849 485 2920 «Vicarius
507 2849 660 2916 foraneus
684 2854 743 2935 est,
763 2847 820 2938 qui
839 2847 880 2914 ab
902 2846 1061 2939 Episcopo
1082 2848 1117 2914 in
1139 2857 1228 2917 certe
1249 2849 1411 2919 diocesis

258 2989 275 3027 ιι
298 2967 402 3052 parte,
421 2955 527 3024 velud
544 2963 648 3023 certos
668 2961 757 3022 actus
780 2953 954 3044 deputatur
981 2953 1158 3044 (Sbrozius,
1179 2954 1203 3022 I.
1226 2959 1256 3042 ι,
1279 2979 1314 3047 q.
1345 2960 1409 3034 13,

259 3095 276 3135 ιι
298 3090 332 3134 n.
355 3069 384 3144 ι;
403 3063 528 3150 Giossa,
542 3063 577 3130 in
589 3061 824 3131 Clementinem
838 3066 857 3128 2
871 3060 911 3129 de
924 3061 1107 3152 descriptis,
1122 3061 1222 3130 verbo
1233 3065 1414 3148 Fornace,-

258 3201 275 3242 «
298 3171 584 3259 Ancharenus...).
603 3169 744 3238 Proinde
759 3168 878 3237 dicitnr
890 3171 1059 3259 (craneus,
1079 3170 1132 3238 vel
1147 3171 1224 3260 quie
1238 3179 1333 3238 extro
1347 3174 1414 3262 fo-

259 3313 276 3352 ιι
299 3309 360 3366 res,
377 3307 436 3351 seu
450 3279 626 3364 civitatem,
640 3278 674 3344 in
687 3299 752 3368 qua
763 3277 942 3368 Episcopus
956 3275 1086 3363 residet,
1102 3277 1332 3364 constituitur;
1351 3282 1414 3349 vel

261 3420 277 3458 ιι
301 3392 409 3484 potius
423 3388 504 3480 quie
515 3385 623 3452 iorum
638 3392 669 3452 et
680 3383 854 3474 judicium,
869 3407 936 3452 non
951 3383 1113 3473 generale,
1129 3383 1186 3452 sed
1201 3385 1340 3476 speciale
1356 3395 1414 3456 te-

260 3526 277 3566 ι
301 3506 367 3567 net.
386 3524 402 3562 o
424 3492 632 3584 (Leurenius,
648 3490 687 3560 de
709 3491 981 3580 VicoriisEpisc.‚
1002 3513 1073 3582 cap.
1095 3494 1125 3578 I,
1139 3515 1172 3582 q.
1193 3491 1259 3581 ιι.)

300 3608 365 3674 Isto
384 3611 493 3672 eutem
509 3599 610 3681 notio,
628 3599 826 3667 unanimiter
841 3607 980 3688 recepta,
996 3597 1154 3666 fundatur
1175 3599 1245 3690 ipsa
1258 3603 1414 3671 notorie·

255 3723 321 3783 tate
335 3709 421 3780 iacti.
439 3710 487 3777 De
504 3707 587 3774 Iacto
602 3705 693 3774 enim
710 3704 766 3796 qui
782 3713 939 3773 vocentur
950 3704 1075 3776 Vicarii
1086 3706 1224 3794 foranei,
1241 3706 1415 3798 deputan-

257 3831 311 3889 tur
325 3818 366 3886 ab
381 3815 541 3906 Episcopo
565 3811 606 3880 ad
622 3811 835 3881 exercendam
859 3811 1118 3903 jurisdictionem
1134 3813 1169 3879 in
1189 3823 1275 3882 certe
1300 3815 1414 3884 dum-

257 3935 347 3995 taxat
363 3920 509 3990 dioecesis
523 3927 626 4011 perte,
639 3920 691 3990 vel
704 3918 813 4011 quoad
826 3927 930 3988 certos
939 3919 1110 3988 dumtaxat
1118 3929 1208 3989 ectus
1220 3951 1228 4002 ς
1246 3944 1314 3990 non
1325 3946 1415 3994 vero

258 4032 299 4102 ad
316 4027 529 4099 exercendem
544 4025 737 4116 generaliter
752 4035 783 4093 et
796 4026 829 4093 in
845 4034 911 4095 tota
925 4025 1056 4095 dioecesi
1073 4028 1288 4119 episcopalem
1299 4029 1414 4122 juris-

258 4138 447 4220 dictionem,
465 4157 540 4203 cum
555 4133 700 4222 alioquin
716 4133 880 4223 penerales
897 4132 1033 4222 Vicerii,
1051 4156 1117 4202 non
1137 4144 1245 4204 eutem
1263 4136 1412 4228 foranei,

258 4247 454 4315 dicerentur.
