3046 4968
561 497 635 542 raas
657 495 761 543 ruma.
1167 479 1225 544 109

137 615 198 684 Cui
214 615 376 685 dictorum
394 616 573 708 praesulum
591 616 745 702 suasioni,
759 623 933 707 autequam
955 639 1123 686 assensum
1142 641 1228 710 prce-

17 753 18 756 *
98 724 183 791 beret
199 723 490 794 reverendissimas
506 723 546 792 de
562 725 652 809 Pius,
669 723 849 792 consultam
865 724 970 792 voluit
986 725 1103 792 Sedem
1124 727 1228 818 Apos-

97 829 236 897 tolicam.
255 830 304 898 Ex
323 831 529 922 responsione
544 839 651 899 autem
670 829 710 899 ad
726 831 832 922 ipsum
851 829 982 916 directa,
1001 830 1083 918 haec,
1099 855 1174 922 quae
1189 835 1229 902 ad

98 957 164 1002 rem
179 945 327 1005 nostram
342 937 476 1023 iaciunt,
490 939 697 1028 excerpimus
715 963 722 1002 :

142 1068 158 1106 ι
173 1041 241 1110 Lao
252 1042 290 1110 P.
305 1043 343 1110 P.
355 1043 427 1110 Xll.
438 1043 693 1112 -Venerabilis
705 1044 816 1127 frater,
826 1044 962 1112 salutem
976 1052 1007 1112 et
1018 1046 1230 1136 apostolicam

103 1173 117 1210 ιι
137 1147 408 1216 benedictionem.
427 1150 623 1241 Accepimus
637 1149 760 1217 litteras
781 1148 990 1218 fraternitatis
1015 1158 1118 1219 tom...
1137 1154 1231 1222 Nunc

102 1280 117 1316 ι
138 1255 178 1322 ad
192 1275 264 1322 rem
279 1256 383 1347 ipsam
400 1257 485 1348 quod
500 1258 623 1342 attinet,
635 1257 680 1324 sic
694 1256 809 1325 habeto
822 1284 829 1324 :
845 1259 944 1348 probe
958 1257 1024 1326 Nos
1036 1259 1231 1330 intellexisse

103 1389 117 1424 ι
137 1375 296 1430 notarum
321 1364 404 1450 vim,
424 1364 544 1456 scripto
569 1365 656 1456 typis
677 1364 848 1454 impresso,
870 1365 956 1456 quod
982 1367 1075 1434 nobis
1101 1369 1229 1458 misisti,

103 1496 117 1531 ι
139 1477 198 1538 tua
217 1491 318 1537 manu
333 1471 574 1562 appositarum;
592 1492 708 1538 verum
733 1470 1060 1540 animadvertendum
1076 1474 1133 1542 tibi
1149 1497 1229 1563 esse,

102 1575 263 1666 «aliquid
284 1576 380 1644 etiam
401 1577 435 1644 in
457 1599 495 1645 eo
521 1577 620 1646 luisse
645 1577 882 1666 adnotandum,
901 1579 986 1670 quod
1009 1589 1100 1648 tuam
1119 1581 1233 1672 cffugit

101 1708 116 1746 ι
138 1681 358 1772 diligentiam.
385 1683 470 1764 Quid
499 1683 580 1751 illud
608 1685 662 1771 sit,
684 1706 724 1752 ex
745 1697 825 1754 nota
849 1687 913 1754 tuis
938 1687 1038 1754 simili
1064 1711 1230 1778 agnosces,

17 1861 18 1864 Ἴ
101 1815 116 1854 ι
139 1813 243 1881 quam
258 1800 369 1860 nostra
385 1815 485 1861 manu
511 1793 630 1882 scripto
652 1793 759 1861 eidem
783 1792 973 1885 adjecimus.
1003 1796 1099 1865 Cadit
1122 1799 1177 1869 illa
1198 1801 1232 1870 in

17 1941 18 1986 3
101 1923 115 1960 ι
138 1897 351 1985 vocabulum,
366 1899 452 1990 quod
468 1922 545 1968 sane
560 1898 641 1967 odeo
657 1900 725 1967 loto
737 1923 839 1982 secer,
856 1924 919 1993 quo
937 1902 983 1971 iot
998 1907 1102 1998 accepi
1111 1921 1229 1996 potest,

17 2001 18 2008 ’
100 2032 114 2068 ι
137 2003 312 2093 serendum
335 2029 401 2074 non
422 2019 467 2074 est
482 2006 518 2074 in
534 2007 677 2075 Ecclesia
701 2008 833 2088 Christi,
852 2009 1004 2102 quodque
1022 2035 1087 2081 non
1108 2039 1175 2083 uno
1197 2019 1231 2086 in

102 2139 116 2176 ι
139 2111 277 2179 concilio
291 2135 357 2180 una
371 2135 444 2181 uoce
457 2115 617 2204 rejectum
629 2127 685 2182 est.
705 2115 793 2182 ldem
811 2117 1006 2185 vocabulum
1028 2143 1114 2189 nuno
1128 2145 1147 2189 a
1162 2145 1234 2192 cor-

102 2247 116 2282 ι
139 2241 221 2310 pore
230 2219 310 2288 adeo
318 2220 439 2309 insigni
451 2220 686 2312 Episcoporum
698 2221 827 2289 admitti
838 2231 871 2290 et
882 2227 1045 2314 usurpari,
1055 2225 1087 2294 id
1100 2229 1232 2319 quidem

103 2355 117 2390 ιι
141 2326 215 2394 lieri
235 2329 301 2394 sicae
319 2327 416 2416 provi
428 2327 582 2395 scandalo
601 2341 631 2395 et
651 2328 801 2396 Ecclesiae
819 2329 1013 2400 detrimento
1036 2357 1100 2403 non
1117 2347 1230 2427 potest.

145 2460 163 2498 ιι
189 2433 392 2501 Gubernium
408 2435 522 2502 docere
539 2434 627 2524 quod
653 2435 790 2524 pertinet
816 2435 857 2503 ad
880 2438 1055 2507 seminaria
1074 2443 1113 2509 de
1127 2443 1234 2512 alum·

17 2579 18 2584 ι
103 2569 118 2604 ι
142 2562 265 2608 norum
289 2563 440 2628 numero,
458 2541 515 2632 qui
534 2541 567 2609 iu
588 2541 651 2608 illis
674 2541 729 2627 sit,
747 2543 867 2634 quique
892 2567 929 2613 eo
950 2546 1054 2636 major
1078 2571 1234 2620 numerus

102 2656 277 2739 «putetur
306 2648 516 2734 necessarius,
543 2650 677 2718 nomina
698 2649 744 2717 illi
769 2652 946 2742 patefacere
973 2657 1178 2745 superiorum
1204 2672 1236 2730 et

101 2783 118 2820 ιι
143 2755 469 2841 moderatorum,eos
479 2756 678 2846 designando
686 2758 888 2849 presbyteros
896 2762 1083 2848 saculares·
1093 2768 1237 2839 subsidia

17 2877 18 2926 3
102 2891 119 2928 ι
143 2863 344 2954 pecuniaria,
355 2872 534 2956 caeteraque
546 2864 736 2956 temporalia
746 2865 947 2957 adjumenta,
961 2871 1079 2961 quibus
1090 2897 1171 2964 opus
1182 2878 1233 2967 sit,

17 3051 18 3060 ἵ
104 3000 119 3035 ιι
143 2973 288 3063 aperire3
306 2971 367 3039 hoc
382 2971 523 3062 prolecto
540 2982 693 3063 praestare
708 2973 838 3064 (prater
853 2997 951 3066 quam
966 2979 1053 3068 quod
1077 2981 1235 3056 rationem

104 3107 119 3140 ιι
145 3077 328 3169 Episcopis‚
344 3100 418 3169 quae
432 3080 523 3146 omni
537 3078 624 3146 licita
639 3079 798 3150 industria
811 3083 987 3172 quaerenda
1000 3085 1079 3176 ipsis
1090 3099 1148 3171 est,
1161 3115 1237 3186 sup·

17 3211 18 3262 ι
105 3215 122 3251 ιι
146 3183 319 3276 peditatad
331 3185 505 3253 seminaria
516 3185 584 3276 ipsa
595 3187 902 3277 conservanda)‚res
914 3199 961 3257 est
974 3214 1073 3282 perse
1085 3197 1236 3288 innocua,

106 3320 121 3356 ιι
146 3313 250 3382 eaque
266 3292 315 3382 (ut
333 3313 420 3358 nunc
448 3303 523 3359 sunt
545 3292 702 3382 tempora)
719 3294 924 3381 inevitabilis,
942 3298 969 3364 ai
992 3300 1100 3392 aliqua
1125 3306 1239 3376 saltem

107 3429 122 3465 ι
148 3421 227 3490 pars
237 3399 418 3489 juventutis
432 3399 566 3484 servari,
577 3406 608 3466 et
620 3420 638 3464 a
652 3400 774 3467 teneris
785 3402 832 3491 (ut
843 3402 943 3493 aiunt)
959 3409 1148 3496 unguiculis
1160 3414 1241 3484 edu-

17 3521 19 3594 ζ
107 3534 123 3571 ι
148 3507 217 3574 cari
236 3505 420 3572 sanctuario
434 3505 526 3572 velis.
544 3506 590 3572 De
606 3505 657 3573 his
673 3506 785 3594 igitur,
801 3531 876 3600 quae
896 3513 1139 3600 quodammodo
1158 3529 1241 3588 tem-

17 3643 19 3694 ι
107 3641 123 3676 ι
149 3611 276 3704 poralia
289 3620 377 3696 sunt,
394 3611 591 3701 gubernium
607 3611 721 3680 doceas
735 3613 820 3699 licet,
837 3616 917 3684 nihil
933 3618 1086 3689 dubitans
1104 3651 1110 3690 :
1129 3627 1184 3693 sed
1200 3652 1240 3697 ne

17 3717 18 3802 j
107 3749 123 3785 ι
149 3742 244 3787 cures
259 3718 310 3786 his
321 3741 358 3787 ea
373 3719 520 3810 abjicere,
534 3743 608 3811 quaa
621 3720 736 3790 tratres
751 3721 900 3815 Episcopi
916 3740 1101 3817 suaserunt;
1120 3736 1240 3830 quippe

109 3857 124 3890 ιι
149 3849 226 3918 quae
240 3848 298 3893 nec
316 3827 487 3894 necessitas
502 3827 651 3917 postulat,
671 3851 727 3896 nec
743 3832 909 3899 sententiae
926 3832 967 3900 ad
982 3845 1105 3905 rectum
1120 3855 1241 3914 exactae

109 3963 124 3998 ι
148 3933 315 4025 judicium
331 3934 599 4002 commendant...
619 3936 737 4004 Dutram
751 3937 867 4006 Romae
883 3940 969 4030 apud
982 3941 1017 4010 S.
1030 3945 1176 4035 Petrum,
1192 3951 1244 4022 die

17 4043 18 4084 ἒ
111 4069 126 4105 ιι
152 4041 408 4132 decimaquinta
424 4044 611 4111 novembris
622 4044 699 4111 anni
714 4049 810 4132 1828,
821 4047 1030 4117 Pontificatus
1044 4057 1146 4123 nostri
1158 4082 1244 4130 anno

17 4145 18 4210 ἶ
113 4179 131 4216 ιι
155 4159 259 4218 sexto.
278 4175 295 4212 u
311 4150 479 4239 lntegrum
494 4150 574 4217 illud
589 4151 686 4219 breve
702 4152 799 4220 hebes
814 4154 848 4220 iu
871 4155 966 4223 citato
988 4159 1106 4250 scripto
1123 4165 1246 4252 (Norice

17 4253 18 4258 ’
110 4257 292 4350 lictorique
313 4279 369 4324 sur
388 4256 432 4324 les
457 4256 677 4326 ardennences
698 4258 743 4326 du
770 4264 809 4326 16
828 4261 910 4350 juin
934 4266 1030 4352 1828,
1055 4289 1128 4360 pag.
1155 4277 1244 4366 220),
