3030 4980
543 512 618 559 ress
639 509 783 562 smenon.
1165 493 1226 560 117

138 634 190 699 15.
208 629 320 724 Neque
343 630 498 724 deputare
523 634 663 726 aliquem
684 637 718 703 in
739 607 1234 727 (11101111111111131111111111111111-Ι

89 737 161 806 siae.
182 738 349 829 (Ferraris,
367 739 446 808 ibid.
452 791 462 828 ,
479 762 514 808 n.
532 741 601 831 37.)
617 741 681 811 Sed
697 742 779 810 illud
793 743 889 810 etiem
902 750 1061 811 assertum
1075 743 1162 810 intre
1177 765 1229 812 re-

85 843 232 934 jicimus.

137 955 191 1020 16.
205 952 318 1044 Neque
344 953 501 1028 Ecclesiae
522 953 646 1022 dirutas
663 963 695 1023 et
716 961 875 1024 vetustate
898 956 1067 1048 collapses,
1090 979 1165 1048 quse
1188 958 1229 1025 ob

88 1057 223 1126 illarum
234 1067 267 1127 et
280 1060 550 1150 parochianorum
565 1061 709 1152 inopiam
725 1072 890 1153 nequeunt
905 1064 1091 1150 restaurari,
1109 1064 1145 1130 in
1161 1087 1230 1132 me-

89 1165 189 1233 trices
201 1166 339 1255 erigere,
356 1167 409 1235 vel
424 1168 460 1235 in
471 1167 552 1236 elias
566 1167 740 1236 viciniores
755 1169 917 1238 Ecclesiae
930 1169 1117 1238 transferre.

140 1274 192 1338 17.
208 1273 322 1364 Neque
346 1282 472 1342 mutere
496 1281 616 1343 stutum
642 1273 781 1366 alicujus
804 1276 955 1345 Ecclesiae
983 1275 1018 1343 in
1044 1277 1171 1345 casibus
1196 1278 1232 1346 in

90 1378 213 1470 quihus
225 1380 260 1449 id
273 1388 376 1471 potest
389 1380 581 1472 Episcopus.

138 1488 190 1553 18.
209 1486 322 1578 Neque
346 1487 487 1556 alienare
512 1509 563 1557 res
586 1487 751 1576 Ecclmiae,
775 1489 883 1556 autin
908 1488 1158 1558 alienationibus
1175 1513 1231 1560 seu

90 1592 365 1661 transactionibus
377 1593 566 1662 earumdem
583 1593 748 1662 decretum
763 1593 981 1684 interponere.

139 1703 191 1767 19.
209 1699 322 1792 Neque
335 1701 510 1769 concedere
523 1700 686 1770 licentiam
703 1699 888 1770 edificandi
902 1722 987 1770 nove
999 1703 1192 1771 monasteria
1204 1711 1235 1772 et

90 1817 273 1876 conventus
288 1807 323 1876 in
338 1808 481 1877 dioecesi.

137 1918 193 1982 211.
208 1915 321 2006 Neque
332 1913 505 1984 concedere
517 1915 681 1984 licentiam
691 1914 783 1984 elteri
796 1914 954 2007 Episcopo
964 1916 1136 1986 exercendi
1146 1917 1234 1986 Pon-

92 2022 234 2090 tificelie.

138 2134 194 2198 21.
211 2130 323 2221 Neque
338 2129 559 2220 indulgentias
573 2129 761 2199 concedere.

139 2243 193 2307 22.
210 2239 322 2331 Neque
344 2238 515 2307 interdictu
534 2237 693 2324 retexere,
721 2237 790 2306 sive
809 2238 875 2305 sint
890 2237 931 2305 ab
957 2237 1101 2327 homine,
1126 2243 1194 2310 sive
1216 2266 1235 2311 3

88 2345 179 2436 jure.

139 2455 193 2520 23.
209 2452 321 2543 Neque
345 2452 518 2521 concedere
536 2442 736 2519 dimissorias
758 2473 817 2541 pro
839 2451 1035 2542 recipiendis
1050 2454 1231 2542 ordinibus,

91 2559 158 2626 nisi
174 2560 353 2651 Episcopus
366 2561 400 2626 in
413 2559 548 2629 remotis
561 2566 648 2648 aget,
663 2566 695 2626 et
710 2557 841 2627 nonnisi
860 2569 932 2649 post
948 2557 1084 2648 longum
1106 2570 1233 2654 tempus

92 2665 260 2735 rediturus
275 2668 328 2734 eit.

140 2778 195 2842 21.
213 2773 325 2866 Neque
347 2773 448 2841 alium
464 2772 633 2842 Vicerium
648 2771 712 2840 sibi
730 2771 924 2839 substituere
942 2797 950 2838 :
967 2771 1034 2840 imo
1049 2774 1146 2840 etiem
1160 2797 1234 2842 cum

93 2880 226 2971 speciali
241 2881 389 2948 facultate
407 2879 559 2971 Episcopi
577 2879 746 2948 Vicarium
767 2879 828 2946 sibi
847 2877 1074 2967 substituendi,
1091 2903 1156 2948 non
1176 2905 1235 2974 po-

94 2996 158 3057 test
171 2987 205 3056 id
219 2977 324 3055 iecere
339 2987 458 3056 nisiex
473 2985 620 3075 legitima
633 3007 730 3052 censa
745 2983 833 3052 etad
849 2984 1011 3052 modicum
1027 2994 1165 3079 tempus.

141 3099 195 3163 25.
213 3095 326 3186 Neque
341 3094 538 3162 absolveres
551 3093 678 3160 cesibus
691 3091 849 3183 Episcopo
862 3093 1045 3161 reservetis.

140 3207 194 3270 26.
212 3203 325 3294 Neque
354 3200 540 3292 dispensare
565 3201 601 3266 in
629 3197 934 3288 irregularitatibus,
964 3206 995 3266 et
1022 3202 1189 3272 absolvere
1216 3229 1235 3274 3

92 3309 363 3400 suspensionibus
374 3330 415 3376 ex
430 3307 545 3376 delicto
561 3306 685 3374 occulto
696 3305 972 3398 provenientibus,
991 3330 1027 3375 ac
1041 3310 1081 3376 ab
1097 3311 1169 3378 eliis
1183 3337 1236 3381 ca-

93 3418 187 3486 sibus
199 3415 332 3485 occnltis
343 3415 420 3484 Sedi
433 3413 630 3507 Apostolicae
642 3413 824 3501 reservetis,
838 3414 989 3504 quamvis
1001 3414 1035 3483 id
1047 3419 1146 3506 possit
1157 3419 1236 3510 Epi-

93 3545 214 3613 scopus
228 3522 262 3590 in
279 3523 345 3592 vim
361 3521 488 3590 concilii
501 3519 686 3588 Tridentini
700 3521 791 3610 (sess.
809 3522 850 3585 21
867 3517 906 3586 de
919 3521 1002 3610 Res„
1021 3545 1090 3612 cep.
1110 3527 1145 3602 6;
1159 3526 1236 3616 quie

94 3652 214 3720 nempe
227 3629 330 3698 voluit
343 3627 515 3696 concilium
530 3626 602 3693 herc
613 3625 684 3693 fieri
695 3647 753 3717 per
764 3625 961 3716 Episcopum
976 3627 1096 3718 ipsum,
1112 3639 1167 3697 ent
1179 3654 1237 3722 per

94 3737 266 3808 Vicarium
281 3735 323 3804 ed
334 3735 368 3802 id
382 3733 565 3825 specialiter
579 3732 815 3824 deputandum.

141 3847 196 3912 27.
214 3843 327 3936 Neque
346 3841 513 3910 absolvere
533 3840 574 3908 ab
593 3839 926 3908 excommunicatione
949 3843 1080 3910 canonis
1099 3844 1141 3911 Si
1163 3847 1234 3937 quis

94 3951 251 4020 secedente
266 3950 408 4031 diabole,
426 3950 461 4016 in
476 3947 603 4015 ossibus
618 3947 653 4014 in
668 3947 788 4037 quibus
801 3946 835 4014 id
849 3957 952 4038 potest
966 3949 1155 4042 Episcopus.

142 4062 197 4127 28.
215 4059 327 4150 Neque
345 4076 537 4146 cognoscere
550 4053 590 4121 de
606 4053 742 4121 crimine
757 4053 901 4123 baeresis.

143 4171 198 4235 29.
216 4167 328 4258 Neque
343 4164 512 4255 explorare
530 4160 731 4228 voluntatem
751 4161 868 4250 pnellae
889 4160 1037 4229 habitum
1055 4167 1238 4254 regularem

96 4274 315 4364 suscipientis,
325 4271 377 4342 vel
389 4270 621 4362 professionem
633 4267 778 4338 emittere
790 4267 940 4355 volentis,
951 4268 991 4335 ad
1005 4269 1141 4339 formem
1152 4274 1240 4343 Con-

260 4398 282 4444 1.
1043 4381 1080 4444 21
