3032 4976
536 527 609 572 eras
632 527 736 572 enini.
1145 507 1207 572 267

64 667 142 735 gere
162 645 296 735 soleant,
316 654 353 715 ut
376 645 580 718 domicilium
597 649 778 739 generatim
800 648 962 718 diceretur
982 649 1072 718 locus
1086 648 1120 716 in
1143 673 1208 742 quo

63 753 205 845 quisque
219 762 454 840 commoratur,
471 777 551 824 usus
566 756 720 850 loquendi
741 755 878 825 invexit.

111 863 145 926 2⁰
183 858 309 950 Duplex
341 860 506 952 praecipue
541 861 754 952 distinguitur
788 861 993 932 domicilium
1026 890 1034 930 ι
1067 861 1213 954 Originis

65 987 199 1056 nempe,
221 975 254 1034 et
276 967 499 1036 dubitationis.
526 969 739 1039 Domicilium
761 969 898 1062 originis
921 970 1040 1038 dicitnr
1062 969 1152 1038 loeus
1176 971 1212 1038 in

64 1096 133 1164 quo
144 1073 220 1164 quis
235 1081 330 1142 natus
345 1083 393 1142 est
410 1101 417 1142 :
436 1074 640 1145 domicilium
656 1099 734 1146 vero
749 1077 974 1158 dubitationis,
991 1077 1081 1146 locus
1096 1076 1131 1145 in
1146 1099 1212 1170 qno

65 1181 142 1272 quis
157 1181 246 1271 degit
260 1203 318 1251 seu
333 1191 568 1270 commoratur,
585 1183 715 1252 etiamsi
735 1185 769 1252 in
786 1207 824 1252 eo
840 1193 935 1253 natus
952 1206 1016 1253 non
1033 1184 1085 1252 sit.

113 1293 146 1356 3·
171 1287 381 1358 Domicilium
407 1289 613 1360 habitationis
637 1289 913 1380 subdistinguitur
934 1291 969 1361 in
990 1293 1125 1384 proprie
1144 1291 1212 1361 dic-

67 1411 151 1475 tum,
166 1395 298 1486 quando
310 1419 427 1489 nempe
440 1399 513 1489 quis
525 1397 832 1489 alicubidegitoum
844 1399 999 1468 animuin
1017 1408 1210 1491 perpetuum

67 1503 190 1572 ibidem
217 1502 393 1590 monendi,
422 1505 448 1573 si
472 1505 555 1573 nibil
579 1513 691 1574 avocat
712 1533 720 1572 :
745 1513 776 1573 et
798 1504 978 1597 improprie
1005 1505 1130 1574 dictum
1153 1529 1211 1575 seu

67 1609 395 1702 perusi-domicilium,
419 1611 550 1703 qnando
565 1613 638 1705 quis
657 1612 777 1680 alicubi
797 1612 931 1702 degens,
949 1613 1129 1704 proposuit,
1147 1635 1213 1682 non

68 1718 100 1784 in
116 1725 327 1808 perpetuum,
343 1718 398 1788 sed
415 1741 471 1810 per
485 1720 661 1788 notabilem
677 1719 756 1788 anni
768 1727 907 1810 partam,
925 1727 981 1788 aut
996 1719 1132 1806 diutius,
1148 1718 1213 1787 ibi-

69 1827 143 1894 dem
156 1827 369 1896 commorari.

112 1935 287 2004 ultorum
311 1934 468 2024 distingui
490 1942 593 2026 potest
613 1934 820 2004 domicilium
840 1936 876 2003 in
899 1958 1011 2004 uerum
1031 1943 1062 2004 et
1080 1937 1208 2026 fictum.

71 2041 284 2111 Domicilium
300 2035 425 2122 uuum,
448 2051 495 2110 est
511 2041 591 2111 illud
611 2042 698 2134 qnod
714 2043 788 2135 quis
803 2066 893 2130 vera,
920 2043 954 2110 id
973 2051 1033 2131 est,
1052 2043 1213 2134 corporali

71 2149 255 2240 praesentia,
272 2149 390 2216 alicubi
402 2149 572 2217 contrahit.
591 2151 773 2230 Fictitium,
787 2158 835 2217 est
849 2151 940 2219 locus
955 2173 1054 2241 quem
1068 2150 1122 2241 jus
1136 2159 1213 2218 tan-

58 2250 167 2348 'quam
185 2278 302 2324 verum
319 2255 522 2324 domicilium
538 2256 682 2346 assignat
697 2257 792 2326 certis
807 2255 966 2347 personis,
984 2255 1025 2324 ob
1041 2256 1213 2348 specialem

72 2387 184 2432 earum
210 2363 442 2448 conditionem,
468 2364 596 2432 etiamsi
617 2363 658 2432 dc
678 2364 762 2433 lacto
780 2363 814 2430 in
841 2363 1032 2454 hujusmodi
1051 2364 1121 2432 loeo
1146 2387 1214 2434 non

72 2479 327 2540 commorentur.
351 2469 522 2563 Ejusmodi
541 2471 670 2540 fictione
686 2470 771 2562 juris
793 2471 928 2558 factum,
954 2478 990 2538 nt
1007 2469 1087 2538 olim
1103 2471 1214 2539 omni-

73 2579 130 2648 bus
142 2579 270 2647 civibus
284 2577 442 2648 Romanis
456 2600 627 2646 commune
641 2577 844 2646 domicilium
858 2577 1033 2646 baberetur
1046 2577 1164 2664 Roma,
1178 2577 1211 2644 id

73 2694 129 2772 est,
148 2685 249 2754 Sedes
262 2685 486 2776 Imperatoris;
504 2686 548 2754 ita
562 2692 611 2770 ut,
625 2707 666 2753 ex
679 2685 753 2775 jure
769 2685 931 2772 Romane,
945 2682 1084 2775 quilibet
1095 2683 1212 2752 Roma

73 2793 238 2862 conveniri
262 2802 379 2885 posset,
403 2793 501 2862 etiam
528 2793 562 2859 in
585 2793 693 2883 prima
716 2791 881 2880 instantia,
910 2791 1061 2882 quamvis
1085 2791 1130 2858 ibi
1154 2813 1213 2859 nco

75 2901 274 2968 domicilium
300 2899 442 2985 baberet,
468 2921 527 2967 neo
552 2899 777 2984 contraxisset,
804 2921 862 2966 nec
886 2896 1074 2988 deliquisset
1101 2925 1108 2964 :
1135 2899 1213 2990 quia

76 3031 188 3098 nempe
208 3009 244 3076 in
261 3007 335 3076 orbe
354 3011 502 3076 Romano
519 3007 677 3098 quisunt,
695 3028 735 3074 cc
755 3004 984 3074 constitutione
1002 3004 1211 3096 imperaturis

77 3115 241 3194 diatonici,
258 3115 339 3183 cives
352 3115 492 3183 Romani
505 3114 608 3205 effecti
620 3125 708 3194 sunt,
727 3121 764 3180 nt
778 3113 896 3180 dicitnr
907 3111 977 3200 lege
991 3114 1031 3178 lu
1052 3113 1127 3180 orbe
1142 3113 1210 3203 (17,

77 3219 108 3286 li.
126 3219 163 3288 de
173 3223 262 3290 Stat.
279 3221 383 3310 hom.)
399 3248 406 3287 :
423 3243 498 3312 quas
509 3220 594 3311 juris
608 3220 750 3288 Romani
763 3217 944 3311 dispositio,
957 3241 999 3285 an
1011 3227 1042 3286 et
1052 3228 1212 3310 quatenus

75 3325 109 3394 in
119 3326 170 3418 jus
180 3327 373 3396 canonicum
387 3327 550 3394 transierit
562 3326 669 3418 quoad
681 3326 927 3394 ecclesiasticam
939 3325 1126 3394 Romanam
1142 3327 1212 3394 Cn-

77 3433 172 3517 riam,
192 3435 278 3502 inira
295 3433 523 3527 expendimus.
547 3433 597 3502 Ex
619 3433 722 3501 simili
742 3433 870 3500 fictione
886 3432 984 3524 juris,
1008 3441 1136 3502 sanator
1155 3432 1213 3501 do-

79 3540 233 3610 micilium
250 3542 387 3634 acquirit
407 3542 440 3608 in
456 3541 536 3609 urbe
550 3541 584 3608 in
598 3539 692 3631 cujus
708 3547 858 3608 senatum
873 3538 993 3608 relatus
1009 3547 1070 3624 est,
1085 3540 1130 3607 ita
1145 3540 1213 3607 dis-

79 3657 211 3736 ponente
233 3649 307 3741 jure
331 3649 493 3734 Romano,
514 3648 586 3738 lege
606 3647 684 3716 Filii
702 3649 770 3736 (22,
788 3647 824 3714 ff.
845 3646 897 3715 Ad
916 3645 1102 3737 municip).
1129 3646 1211 3714 Item

79 3753 170 3822 mites
184 3755 217 3823 in
233 3756 303 3824 loco
316 3755 374 3824 ubi
387 3763 503 3840 meret,
518 3755 545 3822 si
561 3754 644 3822 nibil
659 3755 694 3821 in
710 3752 815 3846 patria
827 3753 999 3845 possideat,
1015 3754 1087 3842 lege
1100 3754 1213 3824 Muni-

78 3881 147 3950 ceps
163 3862 227 3951 (23,
245 3861 279 3928 li.
298 3862 349 3930 Ad
361 3863 546 3953 municip).
565 3863 645 3929 ltem
666 3883 763 3948 uxor,
779 3861 978 3952 ubicumque
992 3860 1062 3952 ipsa
1077 3859 1211 3947 habitet,

81 3967 185 4034 mariti
209 3968 412 4037 domicilium
438 3968 556 4036 babere
582 3980 750 4054 censatum
774 3967 861 4060 quod
886 3967 1089 4035 domicilium
1111 3967 1211 4058 juris,

80 4073 174 4141 otiam
194 4075 448 4162 destructorium
469 4083 665 4168 perseverat,
685 4074 831 4166 quandin
850 4075 885 4144 in
903 4073 1060 4143 viduitate
1085 4085 1209 4162 manet;

82 4179 127 4244 ita
137 4181 250 4269 pariter
262 4181 450 4273 disponente
461 4183 613 4252 Romano
622 4182 696 4274 jure
711 4182 840 4273 (ultima
852 4182 922 4272 lege
933 4180 1018 4249 titnli
1030 4181 1069 4250 de
1082 4182 1211 4262 Incolis,

83 4285 118 4352 in
136 4286 236 4358 codice
257 4289 450 4372 iustiniani3
467 4300 499 4359 et
518 4290 667 4386 pluribus
690 4289 787 4382 aliis).
811 4291 894 4360 Item
918 4289 1099 4364 monachus
1119 4288 1214 4360 alicui
