3056 4972
271 416 331 479 tas
644 435 821 486 rnacrsros
844 437 882 484 nn
904 435 1039 484 rnorcus.

267 555 497 646 integritatem.
513 558 552 627 In
573 557 634 626 hoc
653 558 741 626 enim
757 581 834 628 casu
850 558 962 630 adesse
983 559 1205 629 necessitatem
1222 560 1307 651 juris
1322 583 1421 630 com-

267 665 408 732 muniter
421 672 532 734 tenent
547 665 734 734 canonista.

313 773 458 854 Quartus
479 795 573 841 casus
588 800 599 839 :
615 773 643 840 si
657 773 779 842 veritas
803 773 920 842 melius
941 773 1082 866 perspici
1107 774 1208 866 possit
1228 797 1286 867 per
1299 797 1421 867 perso-

265 877 374 946 nalem
386 879 515 948 Actoris
529 889 560 948 et
571 880 632 948 Rei
647 881 886 950 enarrationem
902 909 909 949 ι
924 880 1012 973 quod
1028 881 1173 950 accidere
1188 881 1268 950 solet
1282 883 1421 973 quando

266 985 306 1054 lis
331 995 482 1055 versatur
500 987 585 1056 circa
610 987 731 1056 lactum
758 987 889 1082 aliquod
912 997 975 1057 :ut
1001 1012 1119 1082 nempe
1145 989 1315 1080 detegatur
1337 992 1423 1061 facti

267 1095 399 1178 veritas,
417 1095 549 1186 expedit
564 1117 649 1187 saepe
665 1095 746 1164 illud
762 1097 882 1189 exponi
898 1119 956 1188 per
970 1096 1134 1188 litigantes
1153 1097 1251 1188 ipsos,
1269 1098 1326 1189 qui
1342 1121 1421 1166 mc-

266 1201 331 1270 lius
346 1225 445 1295 qnam
460 1211 688 1294 procuratores
710 1227 837 1290 eorum,
855 1205 1114 1273 circumstantias
1130 1227 1244 1274 omnes
1260 1214 1422 1296 poterunt

267 1310 440 1401 explicare.
465 1310 558 1378 Tunc
585 1310 718 1398 scilicet,
739 1333 779 1380 ex
802 1311 968 1380 communi
991 1310 1161 1382 doctorum
1187 1311 1417 1400 aestimatione,

268 1425 417 1486 censetur
430 1415 542 1484 adesse
558 1415 724 1485 sufficiens
735 1418 821 1510 juris
837 1419 1021 1506 necessitas,
1040 1426 1077 1489 ut
1091 1418 1193 1511 possit
1205 1418 1307 1511 judex
1323 1441 1420 1510 prae-

269 1525 405 1592 sentiam
421 1524 622 1614 personalem
638 1525 781 1616 exigere.

274 1694 276 1696 ,
316 1631 458 1714 Quintus
472 1653 565 1700 casus
581 1631 633 1699 :si
649 1631 727 1701 talia
739 1633 804 1702 sint
818 1639 930 1702 contra
944 1633 1049 1702 Reum
1067 1633 1200 1722 indicia,
1213 1641 1250 1703 ut
1265 1641 1418 1724 speretur

269 1761 362 1831 posse
386 1739 555 1808 veritatem
580 1738 687 1830 detegi
711 1763 752 1810 ex
781 1741 980 1833 inspectione
1006 1741 1116 1810 vultus
1142 1741 1257 1833 ipsius,
1285 1751 1341 1810 ant
1371 1765 1416 1812 ex

269 1845 495 1938 personalibus
510 1845 581 1937 ejus
599 1848 774 1939 responsis.

313 1952 433 2022 Omnes
453 1962 561 2022 autem
584 1977 683 2047 supra
704 1954 780 2023 dicti
797 1977 890 2025 casus
911 1955 951 2026 ad
968 1957 1105 2025 unicum
1129 1955 1240 2024 reduci
1263 1966 1414 2048 possunt,

269 2059 309 2128 ad
326 2083 435 2130 casnm
452 2083 569 2155 nempe
593 2085 658 2154 quo
681 2061 784 2154 judex
805 2087 847 2132 ex
869 2063 978 2154 aliqua
999 2063 1093 2153 gravi
1115 2063 1241 2132 ratione
1262 2085 1416 2132 necessa-

270 2166 351 2234 riam
375 2169 537 2236 cxistimat
558 2168 755 2257 litigantium
778 2168 980 2260 personalem
1001 2169 1222 2260 praeentiam,
1238 2177 1275 2237 ut
1294 2168 1417 2238 veritas

270 2271 375 2363 detegi
393 2283 425 2342 et
444 2276 532 2365 justa
554 2276 710 2344 sententie
732 2276 811 2344 ferri
837 2275 949 2368 possit.
976 2275 1040 2358 Qui
1067 2299 1161 2344 cesus
1185 2277 1248 2344 snb
1269 2276 1416 2366 generali

270 2379 410 2450 formula
425 2384 619 2452 necessitatis
628 2385 720 2476 juris
735 2384 876 2476 exprimi
896 2384 989 2453 solet.

313 2487 442 2556 Renum
458 2491 503 2556 lt.
522 2527 566 2540 -
579 2488 615 2556 Si
628 2488 730 2580 judex
752 2489 900 2576 inferior,
918 2489 951 2556 id
974 2497 1022 2558 est
1042 2513 1061 2558 a
1081 2489 1226 2582 principe
1249 2489 1415 2576 diversus,

270 2605 377 2688 partes
402 2607 492 2666 vocet
512 2597 551 2665 ad
574 2597 788 2689 personaliter
808 2598 1076 2690 comparendum,
1099 2607 1282 2666 etecusam
1306 2597 1341 2664 in
1368 2597 1419 2665 ci·
1513 2589 1514 2668 l

270 2705 388 2772 tatione
408 2727 474 2774 non
494 2705 669 2795 exprimat,
684 2704 792 2772 citatio
816 2727 882 2772 non
908 2704 1003 2787 valet,
1022 2727 1080 2773 nec
1103 2713 1231 2774 tenetur
1249 2705 1366 2774 citatus
1380 2706 1416 2772 in

268 2811 403 2901 propria
436 2833 574 2903 persona
606 2810 728 2878 venire.
761 2810 881 2877 -lta
909 2833 985 2878 cum
1025 2811 1136 2880 multis
1172 2810 1244 2878 aliis
1278 2809 1417 2878 sustinet

269 2917 559 3008 Schmalzgrneber
576 2919 622 3012 (in
642 2919 772 2987 titulum
790 2921 803 2984 l
823 2917 863 2987 de
876 2916 1025 3002 tudiciis,
1044 2918 1119 2986 libri
1141 2921 1160 2986 2
1181 2917 1414 3004 Decretalium,

269 3047 303 3092 n.
323 3027 388 3116 ts).
408 3026 562 3118 Sequitur
577 3026 648 3096 haec
662 3025 827 3094 conclusio
842 3047 883 3094 ex
904 3025 1162 3117 praecedentibus
1181 3052 1189 3092 :
1206 3048 1282 3094 cum
1297 3047 1417 3118 nempe

270 3131 348 3200 tales
366 3133 490 3224 jndices
516 3140 718 3225 potestatem,
736 3141 772 3202 ut
788 3131 945 3219 diximus,
963 3154 1029 3200 non
1048 3131 1187 3200 habeant
1212 3131 1416 3223 personalem
1513 3143 1514 3186 ὲ

271 3242 476 3330 praesentiam
491 3240 657 3332 exigendi,
674 3241 739 3308 nisi
755 3239 789 3308 id
810 3240 952 3331 postulet
971 3239 1057 3331 juris
1081 3239 1266 3324 necessitas,
1282 3237 1310 3304 si
1331 3236 1417 3306 hanc

270 3349 491 3418 necessitatem
501 3349 586 3440 juris
599 3349 634 3417 in
649 3347 799 3416 citatione
813 3369 880 3416 non
896 3345 1094 3437 exprimant,
1112 3345 1228 3414 merito
1242 3352 1417 3413 censentur
1513 3335 1514 3424 ζ

271 3456 438 3547 potestatis
458 3478 527 3525 sun
549 3456 631 3525 fines
651 3455 820 3542 excedere,
836 3462 868 3522 et
893 3475 953 3544 pro
969 3451 1059 3522 nulla
1081 3451 1219 3520 habetur
1239 3473 1354 3521 eorum
1376 3450 1418 3519 de

178 3622 179 3628 ,
271 3562 433 3654 personali
452 3563 627 3655 praesentia
642 3562 813 3652 injunctio.

314 3671 405 3740 XVI.
428 3673 508 3755 Qua
523 3669 570 3738 aa
579 3670 708 3761 sactum
722 3670 905 3760 pertinent,
924 3691 990 3736 non
1010 3690 1072 3758 per
1085 3666 1271 3750 advocatos,
1289 3665 1346 3734 sed
1356 3689 1419 3758 per

271 3780 359 3870 ipsas
370 3800 531 3871 personas
540 3777 743 3870 principales
758 3777 954 3868 repuleriter
970 3775 1114 3868 proponi
1128 3774 1256 3844 debent.
1270 3773 1419 3843 -Pro-

272 3886 369 3954 batur
384 3909 424 3954 ex
440 3885 591 3954 decretali
613 3884 783 3976 pastoralis
803 3883 983 3952 Innocentii
1003 3884 1061 3972 111,
1080 3883 1202 3952 tenoris
1225 3882 1416 3974 sequentis:
1513 3905 1514 3958 l

273 3995 461 4062 Statuimus
473 4005 634 4085 praterea
648 4005 685 4060 ut
693 3992 894 4085 princepales
907 4014 1057 4084 persona
1071 4015 1137 4060 reon
1148 4014 1210 4084 per
1228 3989 1416 4073 aduocatos,

272 4101 329 4168 sed
342 4124 404 4192 per
418 4103 538 4194 seipsas
559 4105 689 4192 sactum
709 4115 904 4193 proponant
918 4129 928 4168 :
942 4100 1008 4169 nisi
1022 4101 1109 4191 forte
1125 4100 1192 4168 sint
1211 4098 1292 4168 adeo
1316 4099 1419 4169 indis-

272 4221 377 4291 creta,
393 4221 556 4278 uteorum
573 4207 713 4300 desectus
726 4207 766 4277 de
772 4207 897 4300 judicis
911 4207 1043 4278 tuentia
1051 4229 1115 4300 per
1128 4208 1211 4277 alios
1225 4206 1421 4299 suppleatur
1513 4199 1514 4266 l
