3032 4976
295 487 359 552 276
665 505 840 552 numurus
863 506 902 550 or
922 505 1058 550 inurens.

300 653 318 692 «
340 637 451 718 estque
478 625 540 694 hoc
562 647 692 710 verum,
717 626 846 694 etiamsi
868 625 1023 716 parochia
1047 623 1206 692 domicilii
1232 621 1325 690 heile
1348 617 1437 686 adiri

299 761 317 800 c
340 733 451 824 possit,
466 741 504 800 nt
515 733 628 825 praxis
642 733 835 800 universalis
849 732 1013 800 observet.
1037 759 1055 796 ι

343 843 460 922 Tertio,
481 841 614 910 «iidem
634 841 671 909 in
692 841 763 910 loco
785 839 1056 933 qnasi-domicilii
1079 837 1282 930 probabilius
1300 843 1439 927 prrsum

299 971 317 1010 ι
339 943 521 1037 dispensari
537 945 573 1012 in
587 945 672 1014 votis
694 953 727 1012 et
746 945 955 1036 juramentis,
969 945 1066 1036 jungi
1081 943 1303 1028 matrimonio,
1316 941 1440 1008 habere

299 1079 317 1118 c
339 1052 582 1144 sepulturam...
601 1051 641 1120 Et
652 1051 736 1121 ratio
750 1059 810 1138 est,
824 1051 902 1142 quis
915 1051 1075 1144 wmdin
1088 1052 1125 1119 in
1139 1049 1196 1118 tali
1208 1049 1279 1118 loco
1301 1069 1442 1116 moran-

297 1187 315 1226 «
337 1169 404 1245 tur,
420 1182 498 1228 vere
510 1167 586 1226 sunt
601 1159 787 1252 parochiani
812 1158 901 1226 illins
915 1159 990 1246 loci,
1006 1167 1040 1227 et
1059 1165 1295 1250 consequenter
1308 1153 1442 1223 favori-

297 1268 400 1336 «bns
426 1275 458 1336 et
484 1267 615 1359 juribus
651 1265 924 1358 parochianorum
956 1266 1018 1336 loci
1050 1265 1200 1358 ejusdem
1234 1263 1393 1353 gaudem.
1423 1287 1439 1324 ι

295 1373 611 1468 (Schmalrgrueben
628 1373 699 1442 loco
712 1373 784 1465 cit)

342 1485 480 1566 Qrmrto,
498 1489 623 1550 certum
637 1491 686 1550 est
699 1505 777 1550 eum
792 1482 850 1572 qui
864 1482 961 1551 habet
974 1482 1095 1550 alicubi
1109 1481 1441 1574 quasi-domicilium,

293 1611 388 1682 posse
414 1588 535 1658 ibidem
564 1589 731 1657 conveniri
766 1590 890 1658 ratione
922 1597 1150 1658 contractuum
1187 1589 1441 1672 celebratorum,

293 1697 346 1765 vel
369 1696 559 1766 delictorum
582 1697 844 1784 commissorum,
860 1697 895 1764 in
910 1697 1182 1788 qnasi-domicilii
1204 1697 1289 1764 loro.
1310 1695 1443 1762 «Ratio

297 1830 315 1869 c
337 1812 451 1895 pateus
461 1813 522 1891 est,
534 1806 613 1896 quia
626 1811 718 1872 actos
730 1804 765 1871 in
781 1803 1063 1896 qumi-domicilio
1076 1805 1171 1894 gesti,
1183 1802 1235 1872 vel
1251 1813 1328 1871 sunt
1340 1801 1442 1884 liciti,

298 1936 316 1976 c
339 1911 391 1978 vel
413 1911 517 1979 illiciti
536 1939 544 1978 :
562 1911 590 1978 si
611 1911 716 2002 priua,
731 1911 880 1981 tribuunt
904 1911 1014 1980 iorum
1037 1912 1162 1980 ratione
1184 1919 1369 1980 contractus
1388 1909 1445 1975 vel

299 2017 659 2108 «quasi-contractus:
683 2017 711 2084 si
739 2019 914 2110 posterius,
931 2018 1041 2087 lorum
1067 2015 1180 2086 delicti
1203 2025 1394 2111 operantur.
1424 2041 1440 2078 ι

300 2123 613 2216 (Schmalzgrneber,
629 2124 664 2192 iu
675 2126 727 2192 tit.
746 2129 779 2210 2,
794 2125 872 2194 libri
888 2129 907 2193 2
922 2126 1065 2211 liceret,
1080 2149 1115 2193 n.
1134 2125 1201 2216 17.)

344 2231 479 2316 Quinto,
494 2231 602 2323 quoad
616 2239 706 2300 actus
721 2241 828 2322 gestos
843 2233 933 2318 alibi,
949 2255 990 2302 an
1006 2233 1108 2326 possit
1125 2234 1201 2324 quis
1221 2231 1391 2302 conveniri
1408 2232 1446 2298 iu

294 2337 562 2433 quasi-domicilii
590 2337 673 2426 loco,
689 2341 956 2408 controvertitur.
974 2341 1042 2408 Alii
1066 2349 1205 2430 negant3
1227 2341 1306 2430 quia
1331 2348 1447 2406 textus

292 2448 378 2538 juris
400 2445 553 2530 Romani,
568 2445 625 2536 qui
648 2445 834 2516 facultatem
855 2447 933 2515 dant
955 2447 1170 2516 conveniendi
1196 2447 1302 2514 Reum
1318 2445 1351 2511 in
1373 2445 1447 2512 loco

295 2555 399 2648 ipsius
423 2552 592 2639 domicilii,
616 2554 721 2645 quoad
749 2565 840 2622 actus
866 2554 936 2645 ejus
962 2555 1040 2623 alibi
1066 2563 1186 2644 gestos,
1208 2552 1248 2619 dc
1277 2551 1447 2620 domicilio

295 2661 426 2753 proprie
457 2659 542 2728 dicto
572 2660 766 2752 loquuntur,
796 2685 855 2728 nec
891 2660 1009 2729 debent
1046 2662 1086 2729 ad
1127 2657 1447 2752 quasi-domicilium

296 2767 448 2845 extendi;
473 2767 565 2852 item,
585 2767 663 2858 quia
687 2768 833 2859 alioquin
849 2791 915 2836 nou
930 2777 1014 2836 esset
1037 2767 1212 2836 discrimen
1238 2765 1447 2834 domicilium

295 2875 380 2942 inter
394 2884 425 2942 et
449 2873 778 2965 quasi-domicilium,
795 2875 862 2942 nisi
887 2876 922 2942 in
946 2874 1007 2943 hoc
1032 2873 1120 2966 quod
1139 2873 1221 2942 illud
1246 2885 1390 2941 cssetex
1413 2896 1449 2941 se

296 2989 503 3074 perpetuum,
524 2981 585 3050 hoc
607 2989 874 3072 temporaneum
896 2981 983 3073 quod
1007 2981 1070 3049 dici
1095 3003 1299 3073 nequaquam
1324 2989 1447 3071 potest.

302 3115 319 3154 n
343 3088 407 3156 Sed
421 3087 590 3157 retinenda
604 3096 652 3155 est
666 3087 861 3157 affirmative
885 3090 1044 3158 sententia
1063 3089 1119 3179 (eit
1137 3085 1448 3176 Schmalagrueber,

304 3223 321 3263 u
343 3198 379 3265 in
393 3197 441 3264 tit.
459 3199 492 3284 2,
508 3194 566 3263 lib.
587 3199 606 3262 2
622 3196 764 3282 liceret,
781 3219 816 3264 u.
836 3197 902 3288 17);
921 3197 999 3288 quia
1011 3197 1088 3265 talis
1102 3196 1278 3287 subjicitur
1287 3193 1451 3285 jurisdic-

305 3329 323 3368 α
345 3302 425 3371 tioui
440 3301 503 3371 lori
525 3302 643 3370 interni
658 3303 693 3369 in
713 3301 783 3371 loco
808 3303 864 3371 uhi
880 3303 1191 3394 quasi-domicilium
1210 3302 1306 3370 habet
1324 3329 1332 3368 :
1350 3299 1451 3368 frus-

306 3418 397 3478 «tra
419 3417 526 3476 autem
552 3408 627 3499 plus
653 3411 831 3500 requiritur
857 3420 894 3478 nt
920 3409 1111 3501 subjicietur
1134 3408 1353 3500 jurisdictioni
1381 3407 1451 3474 lori

307 3515 490 3594 «externi3
514 3513 653 3606 quodsi
679 3523 786 3584 autem
811 3516 1070 3608 jurisdictionem
1099 3517 1161 3585 lori
1188 3514 1315 3582 externi
1339 3514 1451 3605 judex

305 3650 322 3690 c
345 3623 406 3692 loci
424 3621 511 3690 illius
531 3623 566 3690 in
588 3643 663 3689 eum
689 3621 796 3708 habet,
814 3647 1006 3713 cognoscere
1029 3625 1126 3691 etiam
1149 3621 1189 3690 dc
1208 3621 1333 3689 actibus
1355 3619 1452 3710 ejus-

306 3731 421 3799 «dem
450 3729 646 3820 ubicumque
672 3731 773 3820 gestis
801 3740 915 3823 potest.
941 3731 1162 3800 Confirmatur
1189 3758 1195 3797 :
1224 3729 1301 3820 quia
1328 3747 1385 3817 per
1411 3751 1452 3796 se

310 3868 327 3906 α
351 3839 479 3907 videtur
500 3837 678 3906 nlrsurdum
704 3861 785 3924 esse,
803 3849 840 3907 ut
859 3840 934 3931 quis
958 3839 1015 3908 diu
1040 3847 1185 3908 moretur
1200 3838 1233 3903 iu
1257 3837 1338 3920 loco,
1357 3843 1390 3901 et
1412 3835 1451 3903 in

310 3977 328 4014 u
351 3973 388 4017 eo
404 3946 598 4039 respondere
621 3966 685 4013 non
705 3954 863 4034 teneatur,
880 3947 1064 4038 presertim
1086 3968 1160 4014 cnm
1178 3945 1226 4036 (nt
1245 3943 1448 4031 dictumest)

311 4086 328 4122 u
350 4055 488 4146 legibus,
510 4053 636 4122 statutis
651 4060 682 4119 et
703 4053 992 4122 consuetudinibus
1007 4053 1068 4122 loci
1089 4054 1122 4119 in
1144 4071 1209 4142 quo
1225 4049 1361 4138 degunt,
1382 4049 1451 4116 hu-

310 4161 492 4255 sjusmodi
522 4160 635 4228 incolae
665 4169 696 4227 et
727 4161 786 4252 ipsi
817 4169 1031 4229 teneantur.»
1058 4159 1162 4248 Negat
1190 4157 1306 4225 citatus
1334 4167 1452 4224 auctor

304 4270 388 4370 juris
402 4276 521 4354 textus,
538 4293 556 4335 a
571 4269 728 4336 sententia
744 4269 888 4360 opposita
903 4268 1069 4357 allegatos,
1087 4289 1153 4334 uon
1168 4283 1259 4356 posse
1278 4261 1318 4329 ud
1334 4265 1449 4354 quasi-
