3030 4980
303 492 365 557 452
657 508 832 556 ursmarus
860 509 898 556 or
920 503 1060 557 sonions.¹

300 629 439 702 absurde
454 629 606 700 statuitur
620 651 688 698 non
703 629 774 699 dari
791 630 959 701 sVicario
971 631 1014 700 ad
1032 629 1227 724 Episcopum
1248 629 1432 722 appellatio-

302 762 438 913 nenridde
465 844 545 912 alias
575 844 728 932 rationes,
760 846 880 937 quibus
909 845 1070 938 superiori
1104 844 1208 936 capite
1239 843 1433 913 ostendimus

299 976 365 1023 non
384 973 477 1044 posse
500 949 639 1020 rescindi
658 951 700 1020 ab
720 952 881 1046 Episcopo
899 961 990 1022 actus
1007 951 1180 1044 judiciales
1197 951 1319 1024 Vicarii
1341 973 1433 1041 gene

299 1061 544 1236 raltulbccurrit
562 1165 685 1258 pariter
705 1163 891 1256 difficultas,
913 1167 941 1236 si
964 1165 1093 1236 dicatur
1113 1166 1282 1236 Vicarium
1302 1187 1433 1255 genera-

294 1276 360 1344 lem
375 1275 410 1342 in
428 1272 535 1342 officio
554 1294 614 1342 suo
630 1272 888 1364 delinquentem,
913 1295 1006 1364 posse
1027 1275 1062 1342 in
1084 1273 1191 1365 prime
1210 1271 1364 1340 instantia
1383 1293 1433 1340 seu

293 1489 390 1558 etiam
401 1487 437 1554 in
451 1508 529 1556 casu
542 1507 607 1578 quo
619 1485 799 1580 Episcopus
810 1486 971 1579 particeps
985 1487 1129 1556 extiterit
1141 1487 1262 1575 delicti,
1275 1510 1294 1556 s
1307 1486 1433 1556 Vicsrio

293 1618 353 1666 suo
371 1615 553 1664 commissi.

336 1703 421 1772 Nam
443 1709 569 1770 certum
590 1709 639 1768 est
660 1723 774 1770 causas
794 1701 978 1770 criminales
997 1701 1135 1793 majores
1153 1702 1433 1794 Episcoporum,a

294 1809 477 1880 Tridentini
507 1807 636 1876 concilii
669 1815 826 1900 tempore,
864 1829 931 1877 non
962 1808 1129 1900 subjacere
1161 1808 1433 1900 Metropolitanum

291 1915 524 2011 jurisdictioni,
544 1913 601 1984 sed
617 1915 717 1983 luisse
736 1915 855 1983 edicta
874 1914 1001 2006 synodo
1023 1915 1102 1985 Scdi
1119 1916 1314 2008 Apostolicse
1336 1937 1433 1984 roser-

293 2035 393 2095 vaus.
426 2025 547 2092 Causas
577 2023 654 2091 item
684 2022 868 2092 criminales
899 2024 1042 2092 minores
1077 2023 1311 2116 Episcoporum
1342 2023 1432 2091 iidem
1492 2065 1493 2070 κ

292 2131 477 2201 Tridentini
497 2139 605 2222 patres
626 2129 763 2198 concilio
786 2130 982 2219 provinciali
998 2129 1191 2222 judicandas
1217 2137 1430 2201 reservarunt.

292 2241 330 2308 ln
353 2261 430 2308 casu
454 2247 563 2306 autem
590 2235 817 2328 appellationis
838 2258 948 2306 coram
975 2237 1228 2330 Archiepiscopo
1254 2237 1431 2329 pendentis,

293 2354 396 2438 potest
410 2345 437 2412 is
458 2341 699 2431 suffraganeum
714 2363 829 2431 cogere
844 2342 885 2410 ad
903 2342 1088 2412 exhibenda
1104 2353 1188 2432 acta,
1203 2353 1234 2413 et
1253 2343 1433 2438 praestanda

292 2453 356 2522 ulis
378 2451 418 2520 sd
438 2448 674 2542 expediendam
693 2448 920 2540 appellationis
941 2473 1071 2519 oausam
1095 2453 1287 2540 necessaria,
1312 2449 1431 2544 quaesi

294 2568 418 2628 recuset
444 2567 598 2648 praestsre
629 2552 866 2644 suffraganeus,
898 2557 1055 2625 remansit
1083 2557 1297 2649 Metropolitae
1320 2557 1376 2647 jus
1403 2555 1431 2620 in

292 2689 368 2734 euru
384 2663 490 2754 pesnis
500 2671 532 2730 et
545 2661 691 2729 censuris
702 2661 994 2732 animadvertendi.

336 2771 443 2858 Uude,
471 2779 565 2838 extre
590 2767 715 2836 dictum
739 2769 977 2861 appellationis,
1003 2772 1039 2839 in
1061 2772 1153 2840 curia
1173 2773 1431 2868 archiepiscopali

294 2879 476 2974 pendentis,
502 2899 626 2964 casum,
651 2875 766 2966 nequit
790 2875 1063 2970 Archiepiscopus
1084 2878 1124 2947 de
1146 2880 1222 2948 ullis
1243 2883 1431 2974 suffraganei

295 2990 346 3060 sui
366 2986 490 3054 delictis
511 3005 718 3073 cognoscere,
742 3005 847 3074 neque
870 3007 908 3052 es
932 2986 1060 3076 punire.
1086 2987 1159 3056 lam
1182 3010 1260 3058 vero
1283 2991 1311 3057 si
1334 2999 1432 3083 posset
1491 3043 1492 3046 ,

296 3094 567 3185 Archieplscopus
593 3089 740 3182 judicare
775 3102 807 3160 et
836 3093 953 3181 punire
985 3092 1100 3162 delicta
1127 3095 1252 3164 Vicarii
1281 3099 1432 3188 generalis

296 3204 459 3296 Episcopi,
478 3201 513 3268 in
536 3197 643 3268 officio
661 3221 721 3267 suo
741 3199 927 3288 commissa,
950 3209 982 3268 et
1001 3223 1142 3292 quorum
1162 3206 1321 3297 particeps
1340 3207 1432 3275 fuisse

298 3313 475 3402 Episcopus
498 3305 705 3398 supponitur,
725 3314 832 3395 posset
855 3305 916 3374 hoc
934 3307 1005 3399 ipso
1023 3309 1170 3400 judicare
1191 3320 1222 3380 et
1241 3315 1361 3403 punire
1378 3315 1431 3382 de-

298 3421 374 3488 lictu
388 3414 584 3504 suffraganei
601 3413 663 3480 sui.
681 3412 765 3480 Nam
783 3413 1025 3503 pronuntiando
1045 3415 1141 3484 talem
1162 3427 1270 3487 sctum
1286 3419 1432 3510 jurisdic-

300 3526 452 3596 lionalem
467 3521 591 3591 Vicarii
611 3521 773 3609 generalis
792 3521 943 3611 Episcopi
965 3544 1033 3590 esse
1054 3547 1191 3615 pravum
1212 3535 1245 3594 et
1266 3527 1430 3618 injustum,

302 3639 362 3706 hoc
380 3635 450 3726 ipso
471 3628 696 3722 pronuntiaret
716 3627 757 3695 de
781 3627 937 3718 pravitate
961 3639 993 3698 et
1014 3631 1173 3721 injustitia
1198 3633 1431 3725 asuffrsganeo
1490 3705 1491 3716 χ

302 3743 488 3824 commissu
516 3759 591 3804 cum
618 3744 708 3802 actus
726 3735 995 3824 jurisdictionolis
1018 3738 1141 3808 Vicarii
1163 3751 1332 3810 censeatur
1351 3751 1432 3810 actus
1490 3761 1491 3766 ¹

301 3848 464 3944 Episcopi,
489 3843 671 3934 praesertim
699 3842 830 3932 quando
858 3842 1037 3936 Episcopus
1063 3845 1211 3936 ejusdem
1236 3851 1329 3940 previ
1351 3857 1432 3918 actus

301 3962 364 4028 tuit
382 3957 552 4047 particeps.
570 3947 658 4017 Talis
675 3959 784 4018 autem
800 3951 958 4018 sententia
975 3951 1233 4047 Archiepiscopi,
1250 3965 1281 4024 et
1296 3957 1432 4024 rescissio

302 4065 378 4136 dicti
400 4071 489 4130 actus
504 4056 783 4149 jurisdictioualis,
804 4067 886 4126 esset
908 4059 1006 4128 simul
1022 4082 1100 4128 vera
1122 4083 1218 4152 poena
1238 4063 1432 4154 suffraganeo

300 4176 378 4244 lieet
402 4169 569 4252 indirecte,
594 4163 732 4253 inflicta,
755 4174 866 4256 utpote
888 4189 953 4258 qua
974 4167 1076 4259 ipsius
1098 4169 1305 4238 estimationi
1327 4181 1359 4238 et
1379 4193 1431 4237 no

299 4282 379 4360 mini
398 4274 522 4346 macula
537 4275 732 4344 inureretur.
751 4275 838 4362 Ergo
854 4297 896 4343 ex
912 4297 949 4344 eo
962 4274 1049 4365 quod
1061 4269 1430 4369 nequeat'Arohiepisco-
