3048 4976
267 445 330 510 tlt
642 464 820 511 reimarus
842 465 882 510 ne
903 466 1037 514 micus.

313 589 344 653 7.
358 587 396 654 ln
405 585 573 678 predictis
582 586 912 678 easibnsprocnrator
921 589 1034 680 nequit
1045 587 1175 656 admitti
1183 588 1308 680 absque
1318 609 1423 656 man-

266 693 342 762 dato
355 693 526 785 specialem
547 693 744 762 mentionem
760 695 802 762 de
820 695 886 765 illis
900 695 1055 782 laciente;
1071 695 1116 763 ita
1131 704 1168 764 ut
1185 718 1251 764 non
1271 695 1423 764 sufficiat

265 801 422 888 clausula,
435 823 501 893 qua
514 801 549 868 in
562 800 715 870 mandato
725 803 871 892 generali
884 803 1083 872 eonstitnens
1095 802 1227 887 diecret,
1241 825 1276 869 se
1287 803 1424 871 eonsti-

265 909 365 976 tnisse
380 931 478 976 suum
494 917 737 1000 procuratorem
756 909 798 978 ad
817 933 932 980 omnes
945 933 1072 996 causas,
1091 911 1193 978 etiam
1207 909 1255 978 ad
1267 931 1322 978 eas
1334 931 1424 1002 quar

265 1017 404 1108 spatiata
432 1015 630 1084 mandatum
655 1017 869 1109 requirerent.
902 1018 1037 1086 Constm
1062 1039 1104 1086 ex
1132 1017 1283 1087 decretali
1307 1017 1423 1087 Romi-

266 1123 339 1191 lacii
353 1123 432 1192 VIII
447 1149 455 1190 ε
477 1125 545 1207 Oui
556 1123 604 1192 ad
616 1124 783 1215 aqertdum
797 1139 830 1194 et
842 1123 1092 1217 defendendum,
1107 1147 1147 1193 ae
1160 1126 1352 1217 qeneralr'ter
1369 1126 1427 1194 ad

265 1231 379 1298 omnia
401 1230 541 1320 (etiamsi
560 1231 763 1300 medatem
781 1234 918 1324 cuiquest
935 1232 1084 1324 speciale)
1102 1233 1312 1301 constituitur
1323 1255 1424 1324 pru-

265 1351 411 1419 curator‚
429 1361 470 1406 er
483 1338 518 1406 oi
531 1339 756 1430 amalitatis
771 1339 979 1432 hujusmodi,
995 1339 1043 1409 ad
1055 1340 1201 1432 aliquem
1214 1341 1418 1422 articulum,

265 1446 299 1513 iu
317 1469 383 1538 quo
400 1446 537 1538 speciale
555 1445 756 1514 mandatum
774 1448 933 1539 eriqitur,
955 1446 1092 1516 admitti
1107 1471 1175 1516 nou
1195 1447 1297 1516 debet.
1315 1447 1417 1540 (cap.

268 1553 336 1638 Qui
349 1552 397 1622 ad
409 1551 574 1644 aquidum
591 1557 623 1640 1,
642 1554 691 1621 tit.
712 1556 863 1642 19,1,1η
881 1555 926 1644 6.)
944 1554 1040 1623 Ratio
1059 1565 1107 1621 est
1125 1555 1203 1646 quie
1219 1554 1273 1624 lea
1287 1554 1422 1623 lmstra

265 1659 445 1751 requireret
456 1659 594 1753 speciale
609 1661 798 1730 mandatnm
810 1684 871 1753 pro
882 1661 1048 1753 aliquibus
1056 1662 1175 1749 causis,
1189 1661 1420 1731 sicontitnens

266 1765 411 1836 adhibita
430 1767 564 1860 praelata
580 1767 725 1860 generali
743 1767 901 1852 clausula,
924 1776 1031 1860 possit
1048 1769 1146 1837 etiam
1167 1768 1210 1836 etl
1225 1791 1279 1837 eas
1296 1791 1421 1838 ceum

268 1883 509 1965 procuratorem
524 1897 622 1943 suum
635 1873 790 1943 idoneum
806 1874 943 1943 efficere.
1153 1878 1154 1882 ’

314 1984 345 2048 8.
364 1979 399 2050 Si
414 1988 521 2051 umen
538 1982 572 2049 in
593 1981 746 2051 mandato
763 1982 988 2074 procuratorio
1003 1982 1233 2075 exprimantur
1253 1982 1352 2075 aliqui
1367 2005 1418 2052 ex

268 2088 395 2157 casibus
409 2089 466 2181 qui
481 2089 618 2182 speciale
634 2090 824 2159 mandatum
841 2091 1026 2182 requirunt,
1041 2099 1074 2159 et
1086 2091 1285 2160 mostituens
1297 2089 1415 2178 addat,

268 2205 300 2264 et
322 2196 369 2266 ad
387 2197 471 2267 alias
488 2219 599 2266 omnes
621 2219 738 2266 cauam
760 2221 835 2290 que
854 2197 993 2289 speciale
1011 2197 1212 2266 mundatum
1234 2199 1415 2290 cuiquem

267 2302 364 2372 etiam
387 2305 428 2373 ed
443 2305 525 2374 alios
544 2326 637 2374 casm
658 2328 724 2374 non
745 2327 917 2398 expressos
937 2304 1067 2374 admitti
1089 2303 1183 2374 debet
1207 2313 1414 2397 procurator.

267 2409 399 2480 Constat
414 2435 456 2481 ex
473 2413 570 2483 modo
584 2413 680 2482 citato
695 2413 798 2504 capite
817 2414 884 2497 Oui
899 2411 946 2481 ad
958 2411 1137 2504 offendam,
1157 2411 1190 2480 in
1206 2435 1273 2505 quo
1286 2413 1334 2480 sic
1349 2412 1416 2480 de-

268 2519 372 2586 cernit
388 2519 576 2588 Bonifatius
598 2520 674 2589 VIII
697 2518 793 2588 :Sed
812 2519 841 2587 si
863 2520 1058 2612 aliquisne!
1077 2519 1186 2612 aliqui
1205 2519 1246 2588 de
1263 2520 1417 2590 articulis

268 2625 405 2718 speciale
432 2627 631 2696 mandatum
667 2627 870 2719 eeiqerttibus
896 2626 1074 2718 specificati
1097 2628 1247 2719 suessent,
1279 2624 1417 2718 adjecta

267 2733 418 2802 cuneata
448 2734 605 2825 uenerati,
633 2745 712 2802 tane
735 2733 782 2802 ad
803 2755 869 2802 nou
890 2755 1054 2825 expressos
1079 2734 1180 2802 etiam
1202 2733 1414 2803 admittetur.

267 2839 336 2909 Hoc
349 2849 458 2908 tamen
479 2863 545 2910 non
561 2840 751 2910 extenditur
765 2839 806 2909 ed
827 2863 921 2910 casus
943 2864 1006 2910 nou
1029 2863 1212 2933 expressos,
1236 2843 1417 2933 quiessent

266 2948 432 3038 qraoiores
456 2947 584 3016 casibus
605 2948 783 3039 expressis3
811 2948 867 3016 sed
896 2947 1144 3039 intelligendum
1167 2956 1217 3016 est
1240 2948 1417 3018 dumtaxat

268 3052 308 3122 de
334 3053 495 3124 similibus
524 3054 576 3125 vel
608 3053 801 3124 minoribus.
835 3055 967 3124 Constat
996 3077 1038 3123 ex
1075 3055 1180 3146 capite
1213 3053 1313 3124 Sedes
1343 3057 1413 3148 (15,

269 3158 309 3229 de
334 3161 515 3253 Rescripta)
545 3168 577 3231 et
604 3161 809 3231 Clementiae
837 3165 911 3233 Nau
936 3172 1043 3254 potest
1073 3161 1119 3252 (2,
1147 3161 1187 3232 dc
1214 3165 1416 3231 Procurato-

271 3267 386 3358 ribus).
1195 3303 1198 3312 ·

314 3379 345 3442 9.
363 3375 558 3447 Procurator
568 3377 631 3446 sibi
641 3377 743 3446 dium
756 3383 999 3468 procuratorem
1014 3376 1211 3446 substituere
1224 3383 1328 3468 potest
1341 3389 1416 3469 post

270 3482 359 3551 litem
375 3491 583 3555 contestatam
598 3511 606 3552 ε
619 3507 685 3555 non
701 3492 879 3571 remeate,
893 3483 955 3552 uisi
971 3493 1055 3552 esset
1067 3482 1162 3552 datus
1174 3483 1209 3552 in
1221 3505 1290 3552 rem
1305 3507 1413 3572 snam,

272 3587 324 3658 vel
338 3589 400 3659 nisi
415 3589 498 3660 hanc
512 3591 773 3660 substitutionem
788 3591 849 3684 ipsi
866 3591 1051 3684 permiserit
1065 3590 1275 3660 constituens.
1292 3591 1340 3660 lta
1354 3613 1416 3660 ex-

272 3718 381 3788 presse
395 3697 538 3768 decrevit
550 3697 737 3768 Bonilacius
747 3698 837 3785 VIII,
855 3696 907 3767 his
921 3697 1029 3767 verbis
1045 3724 1053 3764 ε
1071 3697 1161 3765 Licet
1176 3708 1290 3765 autem
1300 3721 1322 3766 a
1329 3721 1416 3792 pro-

271 3817 424 3875 curatore
438 3819 517 3900 post
539 3806 630 3875 litem
647 3818 864 3875 contestatam
877 3806 983 3899 possit
1001 3805 1088 3894 (eum
1107 3803 1261 3873 elmuinus
1283 3805 1327 3874 sit
1349 3806 1416 3875 litis

272 3911 409 4004 effectus)
427 3911 504 3982 dari
515 3913 602 3982 alius
611 3926 832 4005 procurator;
845 3926 945 3982 autea
960 3925 1071 3981 tamen
1087 3933 1152 3980 nau
1164 3922 1282 4004 potest,
1300 3913 1366 3981 uisi
1379 3913 1415 3981 iu

272 4041 342 4086 rem
363 4041 461 4089 suam
483 4021 526 4089 sit
545 4019 655 4104 datus,
674 4022 727 4090 vet
747 4045 768 4090 a
785 4019 919 4091 domiuo
936 4017 1155 4090 substituendi
1173 4017 1281 4087 atium
1303 4020 1417 4106 {etiam

272 4138 360 4195 certa
374 4147 441 4195 rou
457 4149 605 4220 repressa
614 4128 769 4221 pesona)
790 4127 852 4196 sibi
863 4127 967 4220 licerit
985 4147 1132 4196 concessa
1143 4137 1300 4219 potestas.
1322 4126 1412 4219 (cap.

271 4236 347 4305 Nou
361 4233 530 4304 induerete
544 4239 575 4323 1,
590 4235 675 4304 tituli
697 4238 751 4326 ts,
769 4234 844 4304 libri
862 4240 892 4324 1,
911 4235 946 4302 in
964 4235 1010 4324 6.)
1027 4232 1153 4304 Dicitur
1166 4239 1276 4302 antem
1294 4255 1416 4325 procn-
