3030 4980
290 496 352 560 tta
664 515 841 562 mncrnrns
864 517 902 561 na
924 515 1057 562 suurcrrs.

290 662 307 702 c
329 635 436 724 glossa
457 636 493 704 in
505 659 577 728 cap.
595 636 685 704 Licet
700 636 751 727 (de
768 637 884 728 Officio
905 637 1039 724 Vicusii,
1055 637 1092 704 in
1110 641 1142 724 6,
1155 633 1256 704 verbo
1275 634 1427 702 commit-

292 771 309 810 «
333 744 478 836 tantur);
515 751 549 811 et
585 751 694 812 tenent
742 743 941 832 Hostieusis,
978 743 1213 830 Covarruvias,
1257 742 1426 827 Sbrozius,

292 851 476 938 «Garoias,
507 849 985 941 Sanohez‚tloneta,1tugel‚
1017 850 1244 936 Reiffenstuel,
1272 849 1426 932 Barbosa,

290 985 307 1024 o
330 959 546 1047 Pellcgriuus,
564 966 596 1026 et
609 958 665 1026 alii
683 985 691 1026 ι
708 967 857 1028 notantes
872 981 941 1029 uon
961 982 1031 1028 esse
1049 981 1190 1044 necesse,
1207 955 1294 1048 quod
1315 977 1428 1023 omncs

289 1064 510 1156 «supradicti
534 1087 629 1134 casus
657 1067 885 1158 exprimantur
909 1067 944 1136 in
966 1067 1073 1137 forma
1099 1066 1275 1135 vicariatus
1300 1065 1429 1130 instru-

290 1201 308 1238 α
331 1180 440 1242 mento
454 1173 705 1259 commissionis;
725 1174 782 1243 sed
794 1175 942 1244 sufficere
957 1175 1046 1267 quod
1061 1174 1163 1264 aliqui
1178 1181 1304 1240 tautum
1316 1171 1428 1260 expri-

289 1308 306 1346 u
330 1290 461 1350 mautur
474 1303 549 1349 cum
565 1280 720 1373 praedicta
730 1281 876 1353 clausula
889 1283 1044 1374 (seucum
1055 1282 1120 1350 alia
1137 1280 1261 1370 simili),
1271 1291 1303 1347 et
1314 1277 1429 1346 omnia

290 1415 308 1456 c
330 1389 412 1472 aliu,
429 1389 502 1458 licet
518 1389 715 1458 mandatum
729 1390 866 1482 eriperet
878 1392 1016 1482 speciale
1031 1417 1042 1457 .·
1058 1388 1237 1459 dnmmodo
1256 1397 1376 1474 tamen,
1392 1402 1429 1454 ut

290 1524 307 1563 c
330 1495 566 1588 supradictum
581 1505 641 1585 est,
656 1497 727 1588 ipsa
741 1497 805 1568 alin
816 1519 884 1567 uon
897 1499 964 1568 sint
978 1498 1132 1588 graviora
1151 1496 1204 1564 vel
1227 1494 1351 1585 majora
1370 1516 1430 1561 ex-

291 1631 308 1672 c
330 1603 497 1696 pressis»

334 1717 364 1780 5·
378 1712 414 1780 Si
426 1712 620 1805 Episcopus,
638 1723 811 1806 postquam
826 1715 935 1805 posuit
959 1714 1043 1782 hanc
1065 1712 1118 1781 vel
1141 1710 1282 1780 similem
1302 1709 1431 1777 formu-

285 1821 364 1907 lam,
395 1833 426 1889 ct
448 1821 518 1890 alic
540 1821 653 1890 omniu
673 1843 739 1912 pro
770 1822 887 1915 quibus
911 1821 1127 1890 accessorium
1160 1832 1207 1888 est
1232 1816 1430 1886 maredctum

285 1930 432 2020 speciale,
449 1929 589 2022 excipiat
603 1951 754 2020 expresse
776 1930 919 2021 aliquem
938 1951 1050 1998 casum
1076 1925 1267 1997 mandatum
1294 1923 1432 2016 speciale

287 2037 519 2128 requirentem,
543 2058 584 2102 an
605 2036 758 2106 Vicarius
780 2037 942 2126 generalis
960 2039 995 2105 in
1019 2048 1136 2106 caetera
1160 2035 1312 2128 specialia
1328 2033 1432 2124 juris-

287 2144 461 2212 dictionem
476 2142 630 2212 habebit‘l
648 2143 872 2234 «Respondeo
886 2146 933 2212 ait
949 2145 1146 2231 Lcurenius,
1167 2165 1233 2211 uon
1256 2141 1431 2210 convenire

291 2277 308 2316 o
331 2251 366 2317 iu
380 2251 441 2319 hoc
454 2259 612 2319 auctores.
627 2276 645 2316 u
664 2251 818 2319 Rationes
833 2274 893 2342 pro
908 2259 940 2320 ct
954 2260 1067 2321 contra
1088 2250 1163 2320 vide
1185 2249 1273 2340 apud
1297 2248 1432 2316 citatum

287 2357 486 2426 canonistam
501 2356 554 2448 (de
569 2357 704 2426 Viccriis
718 2358 844 2450 Episc„
860 2381 930 2450 cap.
950 2363 981 2445 3,
998 2382 1033 2450 q.
1053 2359 1141 2449 101).

333 2467 365 2532 6·
379 2463 429 2532 Ex
446 2463 551 2550 dictis,
569 2464 739 2555 prudentis
760 2465 911 2556 Episcopi
929 2467 1003 2553 erit,
1019 2467 1054 2534 in
1073 2463 1274 2534 conficiendo
1294 2461 1433 2531 vicaria-

286 2583 338 2642 tus
362 2572 522 2661 gcneralis
551 2572 780 2658 instrumento,
807 2573 913 2664 primo
942 2573 1126 2665 exprimere
1153 2573 1264 2663 aliqua
1288 2570 1431 2660 majoris

289 2680 445 2748 momenti
465 2679 631 2769 specialia3
655 2678 796 2748 secundo
817 2678 937 2750 addere
957 2681 1137 2748 clausulam
1159 2692 1190 2747 et
1213 2679 1284 2747 alia
1306 2679 1431 2758 omniu,

288 2788 389 2855 etiam
403 2786 539 2876 speciale
553 2785 751 2855 mandatum
765 2787 965 2879 requirentia
971 2812 985 2869 ,·
997 2788 1092 2855 tertio
1111 2809 1261 2878 expresse
1283 2784 1359 2854 dein
1374 2808 1435 2854 cx-

288 2895 394 2986 cipere
409 2916 447 2961 ea
458 2893 621 2985 specialia,
637 2916 712 2985 quae
727 2916 745 2962 a
753 2893 982 2984 jurisdictione
993 2893 1117 2963 Vicarii
1127 2893 1289 2982 generalis
1297 2900 1435 2984 excepta

289 3003 439 3071 voluerit.
459 3001 513 3070 Sic
528 3023 644 3092 nempe
659 3001 768 3069 omnis
783 3000 1023 3094 praecavebitur
1035 3001 1123 3068 circa
1137 2999 1261 3070 Vicarii
1272 2999 1435 3090 generalis

291 3117 478 3200 potestatem
492 3107 683 3176 difficultas:
701 3115 826 3177 certum
841 3107 1003 3199 siquidem
1018 3108 1080 3176 erit
1095 3107 1157 3199 ipsi
1174 3115 1357 3198 competere
1374 3107 1436 3196 ju-

291 3215 511 3284 risdictionem
526 3215 633 3307 quoad
646 3215 759 3282 omnia
772 3215 938 3306 specialia,
957 3215 1101 3306 exceptis
1115 3235 1189 3306 quae
1209 3213 1243 3281 iu
1267 3214 1339 3305 ipso
1359 3214 1436 3280 ins-

293 3331 456 3391 trumento
470 3344 619 3413 expresse
633 3321 835 3412 reperientur
850 3331 997 3413 excepta.

810 3623 912 3715 arv.

290 3803 397 3866 Quaado
410 3815 442 3854 ex
452 3801 571 3853 mandato
582 3799 689 3865 speciali
700 3797 826 3865 Episcopi
834 3801 953 3852 vicarius
962 3801 1090 3866 generalia
1100 3801 1180 3851 hahet
1189 3801 1215 3850 in
1225 3799 1350 3865 specialia
1356 3799 1436 3864 juris·

322 3895 474 3955 dictionem,
488 3905 520 3942 au
530 3892 557 3941 in
568 3891 605 3942 eis
619 3891 766 3941 censendus
774 3890 807 3941 sit
818 3891 962 3956 delegatus,
972 3891 1009 3940 ita
1017 3893 1045 3941 ut
1058 3889 1133 3940 detur
1143 3889 1177 3940 sb
1192 3903 1223 3939 co
1235 3889 1266 3940 ad
1277 3891 1435 3954 Episcopum

325 3982 482 4048 appellatiol

338 4179 542 4271 Respondeo,
559 4199 653 4268 posse
669 4177 865 4269 Episcopum
880 4177 1041 4268 ejusmodi
1057 4177 1209 4267 specialia
1228 4178 1359 4246 Vicario
1375 4200 1433 4267 ge·

294 4289 395 4360 uerrili
410 4285 623 4371 committere,
641 4283 692 4352 vel
706 4293 860 4376 tanquam
874 4286 1018 4372 Vicario,
1033 4285 1085 4354 vel
1099 4294 1253 4378 tauquam
1270 4308 1358 4354 mero
1374 4286 1433 4354 de-
