3030 4980
272 437 334 502 392
655 459 831 506 reserares
854 461 892 505 nr
914 459 1047 506 runrcns.

271 579 1250 673 111111ρὶ2-1111111111111111111111111111111(11111111
1271 581 1409 650 Vicarius

273 688 442 778 ymeralis,
464 697 526 758 art.
552 694 583 777 1,
605 712 638 758 n.
661 689 732 778 21),
754 689 927 759 nonnullas
946 689 1117 779 allegando
1136 689 1244 758 Sacrae
1264 688 1410 778 Congre-

272 797 412 887 gationis
428 796 663 888 Episcoporum
674 803 706 864 et
719 797 917 886 regularium
929 796 1118 866 decisiones.
1137 795 1230 866 «Nec
1241 797 1410 887 regularis,

275 930 292 968 «
316 905 434 995 inquit,
452 911 556 995 potest
570 926 639 972 esse
650 903 805 974 Vioarius
816 904 976 993 generalis
987 903 1137 995 Episcopi
1152 903 1260 994 (Sacra
1270 903 1411 994 Congre-

277 1039 292 1076 «
316 1012 403 1099 gatio
418 1010 526 1102 Episc.
541 1020 573 1078 et
587 1033 673 1101 reg,
689 1011 723 1080 in
737 1010 914 1096 Asculana,
934 1012 974 1078 15
985 1011 1128 1103 januarii
1146 1014 1246 1097 15973
1260 1009 1295 1078 in
1307 1011 1410 1079 Motu-

275 1146 293 1183 «
315 1118 402 1206 lana,
423 1122 439 1186 8
462 1118 540 1186 maii
562 1118 715 1205 1615;11
734 1117 946 1210 Spalatrensi,
965 1121 1004 1186 12
1030 1117 1142 1208 aprilis
1160 1121 1265 1200 1619,·
1277 1126 1309 1185 11
1329 1140 1411 1209 saepe

276 1251 293 1290 «
316 1225 423 1315 alibi),
443 1225 506 1293 nisi
522 1247 598 1294 cum
618 1225 693 1294 aliis
710 1226 877 1318 requisitis
891 1227 1008 1294 babeat
1028 1226 1125 1294 etiam
1145 1224 1309 1293 licentiam
1333 1247 1410 1316 apo-

276 1359 292 1394 «
317 1333 465 1401 stolicam
481 1330 622 1422 degendi
633 1340 727 1402 extra
737 1333 877 1402 claustra
892 1332 1002 1422 (Sacra
1013 1333 1125 1402 eadem
1138 1331 1368 1422 Congregatio,
1381 1333 1411 1398 in

275 1467 292 1506 «
315 1440 569 1532 caputaquensi,
590 1443 628 1506 17
647 1439 835 1510 novembris
852 1441 963 1532 1593).
984 1467 1000 1506 o

315 1546 537 1629 Qnaestionem
565 1555 674 1615 autem
704 1549 848 1638 graviter
878 1558 910 1616 et
938 1547 1080 1617 dilucide
1118 1549 1189 1639 (pro
1222 1567 1313 1615 more
1344 1546 1408 1634 suo)

271 1653 429 1748 expendit
447 1654 632 1722 Cardinalis
661 1656 757 1723 Petra
780 1655 869 1745 (tom.
893 1659 926 1742 l,
948 1654 983 1722 in
1001 1655 1262 1724 mustitutionem
1291 1657 1309 1719 6
1332 1653 1410 1721 Gre-

271 1760 356 1850 gorii
375 1761 434 1846 Xl,
458 1785 491 1828 n.
519 1764 572 1848 12,
592 1785 669 1853 pag.
689 1760 859 1847 311111.
882 1761 996 1830 Romae
1019 1760 1114 1852 1711)
1137 1787 1144 1828 :
1167 1759 1332 1851 «Majoris
1347 1759 1410 1826 dis-

276 1867 504 1957 aquisitionis
529 1867 585 1956 (111
611 1867 677 1958 ille)
699 1876 746 1935 est
773 1868 923 1958 quaestio,
946 1866 1107 1959 numquid
1133 1866 1293 1957 regularis
1316 1866 1410 1957 possit

276 2001 293 2038 «
316 1973 393 2064 eligi
411 1974 447 2040 in
465 1974 633 2043 Vicsrium
654 1973 837 2062 generalem
857 1975 1021 2066 Episcopi.
1043 1975 1083 2043 Et
1098 1973 1231 2066 quidem
1253 1974 1410 2043 motivum

276 2107 292 2146 «
316 2080 487 2150 dubitandi
508 2104 575 2149 non
595 2081 671 2151 inde
693 2082 798 2150 oritur
817 2082 905 2175 quod
925 2082 1117 2172 ambiguum
1136 2081 1178 2149 sit
1198 2103 1240 2148 an
1264 2080 1411 2171 exigatur

276 2217 293 2254 «
317 2189 446 2258 lieentia
468 2189 592 2282 proprii
608 2189 812 2281 superioris:
837 2189 956 2258 etenim
977 2189 1122 2282 undique
1142 2197 1267 2257 certum
1282 2197 1342 2275 est,
1362 2210 1410 2256 re-

276 2325 293 2364 «
317 2297 464 2387 gulanam
488 2318 553 2365 non
574 2319 666 2388 posse
682 2307 777 2364 extra
795 2297 985 2386 religionem
1004 2295 1146 2365 officium
1162 2317 1327 2364 assumere
1342 2295 1410 2363 abs-

277 2434 293 2470 «
316 2427 380 2496 que
402 2403 549 2496 ejusdem
571 2403 747 2495 superioris
771 2404 899 2495 placito,
920 2426 961 2471 ex
984 2426 1084 2494 supra
1105 2403 1253 2472 adductis
1269 2403 1408 2495 juribus,

276 2541 292 2580 «
317 2521 348 2582 et
364 2513 530 2605 potissime
543 2534 586 2580 ex
600 2511 719 2579 Sancto
734 2511 879 2581 Concilio
895 2512 1085 2579 Tridentino
1103 2513 1142 2600 (c.
1161 2517 1192 2598 5,
1210 2533 1289 2579 sess.
1306 2509 1410 2597 211

276 2649 294 2688 «
317 2619 461 2710 111911).
482 2619 609 2688 Verum
623 2619 755 2686 interae
770 2639 837 2686 non
852 2619 1050 2686 conveniunt
1065 2619 1223 2704 doctores,
1240 2641 1284 2687 an
1297 2617 1409 2710 hujus-

275 2756 292 2796 «
316 2727 406 2796 modi
419 2723 594 2794 vicariatus
608 2723 750 2793 officium
770 2725 810 2792 sit
830 2724 863 2791 in
876 2725 951 2815 jure
966 2747 1117 2816 expresse
1136 2725 1343 2815 regularibus
1358 2747 1411 2793 ve-

277 2863 294 2902 1
317 2836 425 2903 titum.

320 2967 338 3007 «
354 2941 395 3010 Et
410 2938 541 3030 quidem
555 2937 673 3006 iratres
688 2936 821 3005 Ordinis
833 2937 996 3006 minorum
1011 2939 1146 3008 omnino
1159 2961 1223 3008 non
1235 2963 1330 3031 posse
1341 2940 1411 3029 eligi

275 3075 293 3115 «
316 3051 350 3116 in
370 3047 518 3117 Vicarios
540 3045 707 3134 generales
730 3044 978 3135 Episcoporum‚
1002 3047 1098 3114 etiam
1120 3047 1161 3116 de
1176 3047 1306 3116 licentia
1320 3069 1410 3139 supe-

276 3183 292 3222 «
316 3156 453 3239 riorum,
472 3153 641 3243 desumpta
657 3151 846 3243 probatione
861 3174 903 3220 ex
919 3151 1121 3221 Clementina
1140 3154 1245 3224 Exivi
1261 3153 1311 3244 (de
1337 3157 1411 3224 Ver-

272 3287 292 3332 «
315 3263 429 3331 borum
444 3259 569 3350 signifi,
587 3266 659 3348 post
675 3257 846 3348 medium),
861 3257 993 3326 firmant
1007 3260 1121 3348 Diana,
1139 3262 1338 3354 Ventriglia,
1355 3264 1411 3331 Pe·

274 3395 292 3436 «
315 3369 477 3455 lizzarius,
494 3365 734 3458 Castropalaus,
752 3364 917 3435 Sbrozius.

321 3509 337 3545 «
350 3479 527 3568 Perperam
536 3496 614 3543 vero
627 3474 778 3542 nonnulli
788 3474 933 3542 doctores
945 3475 1028 3544 banc
1040 3476 1293 3567 prohibitionem
1303 3487 1411 3548 exlen-

273 3615 290 3654 «
314 3587 396 3654 dunt
411 3581 452 3651 ad
466 3603 579 3650 omues
594 3580 761 3669 regulares
775 3603 815 3648 ex
834 3580 1086 3650 mendicantium
1102 3583 1296 3673 Ordinibus,
1311 3585 1411 3654 innixi

273 3721 290 3760 «
312 3690 516 3762 Clementins
533 3691 564 3774 1,
583 3687 603 3778 ᾖ
617 3686 668 3755 Ad
681 3688 866 3777 prioratus,
884 3688 924 3756 de
939 3688 1051 3779 Repul.
1063 3715 1077 3772 ,·
1093 3689 1255 3782 siquidem
1271 3693 1410 3784 ejusdem

272 3825 290 3864 «
315 3807 421 3866 textus
440 3793 610 3885 dispositio
633 3792 804 3860 indefinite
831 3817 897 3861 non
917 3794 1073 3886 loquitur,
1100 3796 1156 3865 scd
1181 3796 1353 3866 dumtaxat
1375 3798 1411 3866 de

273 3933 290 3968 «
315 3901 586 3986 mendicantibus,
613 3900 674 3990 qui
689 3898 736 3967 od
749 3900 938 3990 relipionem
951 3924 1018 3970 non
1036 3902 1295 3974 mendicantium
1310 3920 1410 3974 trasu-

273 4037 289 4076 «
314 4010 439 4090 ierum,·
455 4007 494 4075 de
507 4007 580 4074 aliis
596 4028 674 4075 vero
690 4006 951 4076 mendicantibus
965 4031 1023 4077 nec
1040 4011 1176 4079 verbum
1193 4011 1282 4083 lacit.

319 4141 337 4179 «
357 4112 626 4183 Concludendum
659 4112 768 4204 itaque
798 4123 857 4202 est,
892 4137 1005 4183 omnes
1035 4116 1217 4206 religiosos,
1237 4121 1346 4188 ,etism
1371 4141 1406 4186 ex

271 4249 288 4288 «
314 4218 567 4291 mendicantium
583 4217 762 4288 Ordinibus
778 4221 932 4313 (exceptis
946 4221 997 4290 his
1012 4223 1070 4313 qui
1084 4223 1124 4292 sd
1143 4247 1209 4294 nou
1227 4227 1407 4296 mendican-
