3032 4976
487 522 493 540 .
565 490 640 536 rurs
663 489 769 536 remu.
1177 469 1241 536 tte

99 607 180 700 gula
197 631 256 702 per
273 617 476 702 sequentem,
492 611 527 679 in
546 633 611 703 que
632 611 785 680 statuitur
805 631 870 678 uon
894 631 986 701 posse
1007 609 1114 678 ileum
1134 632 1243 682 coram

95 716 209 807 judice
228 718 291 786 loci
312 727 494 788 contractus
515 718 696 805 conveniri,
713 718 777 787 uisi
793 717 915 786 ibidem
939 739 1084 809 praesens
1098 719 1244 809 reperia-

99 831 168 893 tur.
186 828 220 891 2·
230 824 403 917 Excipitur
415 826 512 894 etiam
528 849 621 894 casus
633 825 796 918 quainter
808 823 1033 894 contrahentes
1046 834 1243 895 conventum

100 930 179 1018 fuit,
212 953 252 1000 ne
282 931 317 1000 iu
346 933 418 1002 loco
447 941 631 1002 contractus
666 955 700 1001 se
731 932 872 1000 invicem
902 931 1112 1000 convenirent
1149 953 1246 1023 super

102 1039 313 1130 impiimento
329 1045 528 1127 contrectas3
544 1062 625 1108 num
646 1040 758 1108 iorum
774 1046 957 1108 contractus
971 1038 1183 1108 constitutum
1199 1047 1247 1106 est

102 1147 141 1212 in
172 1145 318 1214 levorem
352 1145 631 1233 contrahentium
664 1147 717 1216 cui
747 1146 843 1238 proin
874 1146 1061 1214 renuntiare
1098 1154 1245 1236 possunt.

101 1251 422 1343 (Schmalzgrueben
445 1255 479 1322 iu
504 1254 637 1322 titulum
660 1259 695 1341 2,
719 1253 795 1322 libri
821 1253 1151 1340 mortatalium.
1176 1253 1244 1343 ld.)

104 1364 139 1428 3⁰
154 1359 373 1452 Excipieudus
388 1362 508 1453 puriter
523 1360 578 1429 ille
593 1360 733 1447 advena,
750 1361 807 1453 qui
832 1361 940 1430 statim
956 1368 1030 1452 post
1044 1369 1246 1430 contractum

102 1489 292 1538 recessurus
311 1478 371 1556 est,
394 1477 426 1537 et
445 1468 486 1537 ab
501 1468 603 1537 altero
618 1468 827 1538 contrahente
843 1467 951 1536 statim
968 1491 1153 1538 recessurus
1168 1489 1249 1536 nos-

103 1576 201 1644 citur.
220 1577 312 1645 Tunc
324 1575 414 1644 enim
427 1575 508 1644 alter
518 1573 726 1661 contrahens,
740 1575 802 1642 nisi
822 1574 931 1643 statim
949 1584 1060 1644 caveat
1073 1574 1112 1643 de
1129 1575 1249 1668 imple-

104 1682 194 1750 tione
209 1691 392 1752 coutrrctus
408 1681 512 1774 (verbi
527 1683 644 1772 gratia,
662 1681 702 1750 de
713 1681 871 1750 solutione
885 1681 932 1749 rei
947 1681 1115 1772 vendite),
1133 1683 1250 1751 merito

105 1798 256 1858 censetur
270 1790 449 1860 consentire
464 1798 502 1858 ut
514 1812 627 1858 emens
642 1811 708 1858 uon
721 1789 823 1880 possit
833 1789 874 1857 ad
886 1787 1082 1856 solutionem
1098 1789 1248 1880 compelli

105 1898 171 1966 nisi
191 1921 301 1966 coram
323 1897 498 1967 Ordiuario
520 1898 623 1989 ipsius
638 1896 806 1966 domicilii.
824 1895 947 1964 Contra
963 1917 1057 1981 vero,
1073 1896 1101 1964 si
1124 1896 1250 1964 advene

106 2029 222 2075 emens
235 2005 470 2098 aliquantisper
485 2005 519 2072 iu
533 2005 603 2073 loco
617 2011 799 2072 contractus
811 2011 1075 2072 commoraturus
1089 2004 1143 2090 sit,
1158 2003 1210 2073 vel
1222 2007 1250 2073 si

106 2113 259 2182 venditor
273 2113 401 2204 ignoret
413 2135 491 2182 eum
507 2111 617 2181 statim
634 2133 853 2196 recessurum,
871 2109 980 2178 locum
997 2110 1094 2180 habet
1108 2134 1250 2200 genera-

106 2221 150 2288 lis
169 2220 282 2310 regula
300 2247 308 2288 :
326 2219 442 2312 poterit
457 2242 576 2310 nempe
590 2219 663 2286 talis
679 2226 821 2310 emptor,
839 2217 867 2285 si
882 2216 923 2284 ad
938 2216 1048 2285 locum
1069 2225 1251 2288 conuectos

107 2327 229 2396 iterum
250 2326 391 2415 accedat,
408 2326 530 2394 ibidem
551 2325 633 2394 dum
652 2347 797 2418 presens
818 2323 880 2393 erit
893 2324 1072 2393 conveniri.
1094 2326 1142 2394 lta'
1154 2349 1253 2403 com·-¹

108 2436 244 2503 munius
259 2433 416 2503 doctores.
440 2432 535 2525 (Vide
555 2432 859 2522 Schmalzgrueber‚
884 2429 920 2498 in
941 2431 990 2498 tit.
1013 2435 1045 2518 2,
1063 2431 1121 2500 lib.
1145 2434 1250 2502 ebe-

106 2547 204 2629 cret.,
219 2565 253 2609 n.
273 2545 312 2609 34
328 2549 361 2610 et
374 2541 444 2632 tt.)

151 2648 280 2718 Rarum
297 2655 343 2718 2².
361 2686 407 2700 —
419 2649 612 2740 Compreeor
624 2647 821 2740 repulerim
834 2671 900 2718 non
915 2661 961 2718 ert
979 2646 1174 2720 ordinarius
1186 2651 1250 2721 loci

106 2757 224 2848 inquo
243 2756 345 2825 initus
360 2769 407 2824 ert
428 2768 624 2838 contractae,
648 2755 714 2824 nisi
734 2759 815 2824 Reus
834 2755 953 2826 itidem
970 2779 1112 2848 praesens
1130 2759 1184 2828 sit.
1205 2798 1255 2836 -„

107 2862 335 2956 Suppouimus
351 2863 385 2931 in
404 2871 471 2932 toto
486 2862 546 2932 hoc
567 2862 772 2954 paragrapho
790 2863 849 2932 Rei
870 2863 1075 2933 domicilium
1089 2866 1250 2934 extrinse-

108 2993 187 3039 cum
212 2994 279 3039 csse
304 2971 468 3039 territorio
484 2968 735 3061 jurisdictionsli
758 2971 793 3037 iu
816 2993 882 3062 qno
900 2973 1077 3059 contraxit3
1102 2973 1249 3065 alioquin

108 3077 202 3145 nulla
216 3083 299 3146 esset
313 3075 499 3162 difficultas,
512 3098 588 3145 cum
604 3085 711 3167 posset
723 3099 863 3168 semper,
878 3079 993 3146 saltem
1007 3079 1130 3148 ratione
1142 3078 1250 3150 domi-

108 3183 179 3254 cilii
195 3185 317 3255 ibidem
331 3185 509 3254 conveniri.
528 3184 614 3254 Cum
629 3207 707 3274 ergo
729 3185 829 3269 Reus,
847 3185 903 3276 qui
919 3194 1013 3253 extro
1027 3184 1184 3258 domicilii
1200 3191 1252 3258 sui

109 3292 313 3361 territorium
326 3292 499 3380 contraxit,
516 3292 551 3359 in
564 3300 746 3360 contractus
761 3291 831 3360 loco
842 3313 987 3383 praesens
999 3315 1065 3361 nou
1081 3303 1140 3381 est,
1155 3319 1251 3387 quae·-

110 3399 197 3467 ritur
210 3422 253 3466 au
272 3400 371 3490 possit
387 3399 604 3467 nihilominus
622 3421 733 3468 coram
753 3398 842 3467 illius
863 3399 924 3467 loci
942 3398 1116 3469 Ordinario
1132 3425 1252 3472 couve-

110 3505 199 3573 nirii
213 3507 270 3575 Est
287 3516 396 3576 nutem
413 3513 499 3574 certe
514 3506 674 3596 generalis
690 3505 815 3596 regula,
832 3527 910 3574 eum
928 3507 977 3575 ibi
996 3509 1162 3577 conveniri
1185 3534 1250 3580 nou

110 3635 217 3704 posse.
239 3613 371 3682 Constat
391 3635 431 3680 ex
453 3613 603 3682 decretali
625 3617 775 3682 Romana
802 3613 846 3701 (l,
871 3613 919 3681 tit.
943 3617 976 3700 2,
998 3613 1073 3682 libri
1092 3619 1124 3702 2,
1145 3617 1179 3683 iu
1202 3619 1248 3708 6),

112 3719 171 3788 ubi
196 3741 346 3811 expresse
369 3720 512 3788 sancitur
537 3720 616 3788 tales
640 3720 675 3788 in
700 3720 770 3787 loco
794 3727 976 3788 contractus
997 3724 1163 3790 conveniri
1183 3746 1250 3793 non

111 3849 218 3918 posse,
235 3827 300 3894 nisi
314 3827 522 3894 inveniantur
536 3826 667 3894 icium.
690 3825 731 3893 Et
750 3827 794 3894 ita
812 3834 921 3894 teuent
936 3829 1155 3896 communiter
1170 3829 1251 3900 doc-

111 3943 210 4002 tores.
234 3933 415 4003 Concordat
432 3933 487 4024 jus
507 3934 696 4002 Romanum
715 3932 800 4022 (lege
820 3936 930 4000 Heres
947 3932 1061 4000 absens
1082 3937 1135 4022 19,
1157 3935 1190 4008 ff.
1213 3941 1253 4019 de

111 4041 249 4130 ludio).
271 4040 425 4109 Diximus
446 4049 555 4109 autem
575 4039 780 4130 reputarem,
805 4041 882 4131 quia
904 4048 935 4107 et
953 4039 1022 4108 haec
1044 4044 1156 4132 regula
1177 4070 1252 4116 suras

112 4149 319 4240 exceptiones
334 4149 466 4238 patitur.

160 4256 372 4347 deceptiones
388 4251 434 4322 ad
441 4268 634 4344 presentem
649 4256 798 4346 rapulam
814 4293 858 4307 -
883 4259 912 4322 ¹⁰
927 4253 1145 4346 Excipiendus
1161 4283 1251 4328 casius
