3056 4972
289 449 352 512 230
665 467 840 516 sonorosus
862 469 901 515 os
922 469 1055 516 svaran.

292 613 309 650 a
331 587 481 657 sinantur
506 588 540 656 in
560 587 702 680 judici03
729 593 761 658 3·
781 589 921 682 denique
944 590 1002 660 alii
1025 597 1102 660 eunt
1123 591 1311 673 volontarii,
1327 592 1427 682 quia

292 718 310 756 a
333 691 479 782 portibus
501 693 605 783 rogati
629 701 802 785 spontanee
824 717 921 764 suum
943 696 1104 765 auxilium
1129 696 1321 788 pollicentur
1340 725 1349 764 :
1368 696 1427 764 alii

292 798 501 867 «macnarii
526 799 585 890 qui
614 800 810 870 authoritate
834 801 954 893 judicis
982 803 1076 873 inviti
1107 803 1265 895 jubentur
1293 825 1427 872 causam

292 931 310 972 a
332 905 456 976 clientis
478 905 652 1000 suscipere.
676 933 693 972 n

817 1177 838 1270 s
861 1177 902 1246 11.

455 1349 520 1412 Quid
536 1349 630 1401 luerint
646 1349 707 1400 olim
723 1348 843 1400 advocati
857 1362 903 1400 seu
919 1347 1069 1400 detentores
1085 1350 1262 1401 ecclesiarum.

335 1548 439 1618 Valde
452 1547 601 1616 intricata
613 1555 645 1614 ot
659 1547 746 1638 apud
761 1547 906 1616 eruditos
923 1547 1086 1638 disputata
1100 1547 1235 1616 materia
1249 1546 1329 1616 haec.
1344 1546 1430 1628 Quae

290 1664 397 1723 nmen
412 1653 475 1722 sibi
495 1653 712 1746 probabiliora
727 1653 797 1722 visa
812 1661 889 1722 suut
907 1652 1088 1744 colligendo
1101 1653 1281 1741 Ferrarius,
1300 1654 1432 1745 putavit

290 1768 429 1852 quatuor
467 1759 694 1850 distinguenda
733 1782 801 1828 esse
839 1759 1027 1851 hujusmodi
1071 1759 1246 1830 advocatiae
1288 1783 1429 1850 genesen
1512 1785 1514 1844 t

289 1890 436 1959 nempe:
466 1866 673 1954 defensionis,
698 1865 945 1956 jurisdictionis,
973 1866 1273 1952 administrationis,
1294 1874 1327 1935 ct
1349 1889 1432 1959 pro-

290 1974 449 2046 tectionis.
465 1973 514 2042 De
527 1974 633 2066 prima
646 1973 829 2062 dumtaxat,
845 1982 955 2066 utpote
969 1997 1045 2065 quae
1061 1974 1131 2044 sola
1145 1974 1210 2043 fuit
1224 1997 1301 2044 veru
1320 1973 1431 2044 advo-

290 2081 373 2151 catia
394 2082 490 2172 juxta
515 2103 646 2151 sensum
673 2079 869 2150 hodiernum
892 2079 990 2172 hujus
1010 2079 1111 2169 vocis,
1135 2080 1258 2174 aliquid
1285 2081 1433 2152 breviter

291 2190 498 2278 attingemus.

334 2294 511 2364 Advocatio
526 2294 716 2385 defessionis
732 2294 853 2385 duplex
872 2293 936 2362 luit
955 2320 963 2361 :
979 2294 1117 2384 forensis
1133 2315 1191 2362 seu
1213 2305 1327 2386 topota
1347 2316 1432 2381 uua,
1515 2367 1516 2388 p

290 2416 423 2472 armata
446 2425 503 2470 seu
524 2413 642 2493 sopato
667 2399 778 2470 altera.
798 2399 953 2484 «Quinto
967 2401 1080 2470 saltem
1097 2400 1217 2470 saeculo
1239 2401 1275 2468 in
1296 2399 1434 2470 Oriente
1515 2405 1516 2410 ’

294 2540 311 2578 a
333 2509 507 2602 defessores
527 2515 630 2594 eraut,
649 2507 736 2600 iique
761 2507 950 2599 presbytcri.
969 2507 1053 2576 Nam
1068 2508 1103 2576 iu
1119 2506 1281 2598 Ephesius
1302 2507 1433 2598 synodo

294 2647 311 2684 a
337 2619 408 2708 (act.
433 2616 463 2706 5)
480 2622 678 2684 memoretur
695 2613 870 2704 Asphalius
892 2614 1061 2706 presbyter
1081 2613 1292 2683 Antiochense
1314 2613 1434 2682 Eccle-
1516 2667 1517 2690 ἒ

294 2751 312 2792 s
333 2725 390 2793 sire
402 2721 489 2815 apud
504 2720 629 2812 regiam
646 2720 761 2788 urbem
783 2718 939 2811 defensor.
957 2721 998 2788 Et
1018 2721 1053 2788 in
1075 2719 1435 2810 Constantinopolitano

294 2860 311 2898 a
333 2829 480 2900 Flaviani
503 2826 637 2897 concilio
654 2825 753 2918 (quod
776 2827 810 2894 iu
835 2825 1086 2896 Chalcedonensi
1107 2825 1232 2917 synodo
1252 2825 1435 2918 perlectum

293 2965 310 3004 a
334 2938 407 3028 est),
422 2937 549 3006 actione
571 2939 604 3022 2,
620 2933 762 3004 occurrit
775 2933 915 3004 loannes
939 2935 1108 3026 presbyter
1123 2941 1155 3004 et
1177 2933 1337 3025 defensor.
1360 2933 1435 3004 Sub

294 3072 312 3110 a
334 3043 480 3136 ejusdcm
495 3041 602 3134 quinti
623 3039 735 3110 saecoli
758 3040 901 3128 initium,
918 3040 1032 3109 habuit
1047 3041 1203 3110 Africana
1218 3039 1358 3110 Ecclesia
1373 3040 1436 3109 de—

290 3177 309 3220 «
334 3153 491 3237 lenwres,
512 3170 630 3240 eosque
652 3146 761 3216 laicos.
787 3147 1041 3238 Carthaginenses
1063 3149 1142 3216 anni
1166 3151 1226 3216 tot
1257 3147 1435 3217 conulium

294 3287 311 3323 a
338 3259 470 3348 (cauom
486 3258 522 3323 ll
542 3253 577 3322 in
598 3252 739 3322 Amortii
763 3252 917 3340 editione,
934 3255 969 3322 in
989 3253 1061 3321 aliis
1087 3253 1140 3344 42)
1160 3255 1204 3322 ita
1224 3255 1363 3322 statuit:
1384 3255 1437 3324 Aa

294 3359 585 3454 «imperatoribus
616 3358 773 3428 universis
807 3359 914 3427 visum
942 3371 988 3428 est
1020 3359 1260 3452 postulandum
1295 3375 1438 3452 propter

294 3498 310 3536 a
334 3468 548 3562 afflictionem
560 3487 760 3558 pauperum,
777 3489 918 3558 qunum
934 3467 1088 3537 molestiis
1102 3467 1172 3536 sinc
1194 3467 1439 3538 intermissione

294 3605 311 3644 a
330 3577 498 3670 fatiqatur
512 3574 669 3654 Ecclesia,
687 3585 724 3640 ut
739 3572 918 3662 defensores
939 3574 984 3642 cis
998 3571 1152 3642 advosus
1161 3573 1328 3665 potentias
1342 3571 1439 3642 divi-

294 3697 406 3752 atum
425 3702 500 3749 cum
523 3678 763 3770 Episcoporum
783 3679 974 3770 provisione
997 3678 1196 3770 dclcpcntur.
1214 3707 1230 3746 n
1260 3679 1439 3772 (Ferraria,

289 3815 368 3860 voce
393 3788 551 3860 Advocati
578 3786 798 3870 ecclesiarum,
826 3811 860 3856 u.
890 3786 997 3878 l.)1n
1024 3787 1159 3856 concilio
1185 3787 1442 3877 Carthaginensi

290 3899 368 3968 curri
391 3901 454 3966 407
472 3896 566 3988 (sive,
582 3901 618 3962 ut
639 3893 695 3962 alii
722 3893 860 3982 malunt,
877 3895 912 3962 in
935 3893 1124 3964 Milevitano
1144 3898 1177 3981 2,
1195 3893 1273 3962 anni
1293 3896 1368 3984 tls)
1388 3897 1442 3966 si-

289 4005 367 4076 urile
392 4003 532 4074 occurrit
558 4000 724 4069 decretum
742 4001 896 4070 :Placuit
911 4001 1014 4069 etiam
1036 4014 1073 4069 ut
1091 4014 1223 4093 petant,
1240 4024 1280 4070 ea
1300 4004 1443 4072 nomine

286 4110 534 4206 provinciarum
558 4106 719 4188 omnium,
735 4106 837 4198 lopati
851 4107 1034 4199 perrecturi
1054 4107 1235 4178 Vincentius
1258 4120 1288 4176 ct
1309 4110 1440 4179 Fortu-

288 4218 456 4297 nationus,
478 4239 499 4282 a
521 4213 760 4306 qloriosissimis
785 4213 1048 4306 imperatoribus,
1076 4227 1112 4283 ut
1133 4213 1208 4284 dent
1232 4215 1438 4306 facultatem
