<?xml version="1.0" encoding="UTF-8"?>
<!DOCTYPE html PUBLIC "-//W3C//DTD XHTML 1.0 Transitional//EN"
    "http://www.w3.org/TR/xhtml1/DTD/xhtml1-transitional.dtd">
<html xmlns="http://www.w3.org/1999/xhtml" xml:lang="en" lang="en">
 <head>
  <title>
</title>
<meta http-equiv="Content-Type" content="text/html;charset=utf-8" />
  <meta name='ocr-system' content='tesseract 3.04.00' />
  <meta name='ocr-capabilities' content='ocr_page ocr_carea ocr_par ocr_line ocrx_word'/>
</head>
<body>
  <div class='ocr_page' id='page_1' title='image "./tractatusdejudi01goog_0146.png"; bbox 0 0 3046 4968; ppageno 0'>
   <div class='ocr_carea' id='block_1_1' title="bbox 594 489 1259 557">
    <p class='ocr_par' dir='ltr' id='par_1_1' title="bbox 594 489 1259 557">
     <span class='ocr_line' id='line_1_1' title="bbox 594 489 1259 557; baseline -0.006 -1"><span class='ocrx_word' id='word_1_1' title='bbox 594 511 667 557; x_wconf 79' lang='lat' dir='ltr'>runs</span> <span class='ocrx_word' id='word_1_2' title='bbox 692 491 798 556; x_wconf 67' lang='lat' dir='ltr'>raum</span> <span class='ocrx_word' id='word_1_3' title='bbox 1200 489 1259 552; x_wconf 79' lang='lat'>135</span> 
     </span>
    </p>
   </div>
   <div class='ocr_carea' id='block_1_2' title="bbox 116 629 1328 2318">
    <p class='ocr_par' dir='ltr' id='par_1_2' title="bbox 116 629 1328 2318">
     <span class='ocr_line' id='line_1_2' title="bbox 125 629 1265 724; baseline 0.004 -30"><span class='ocrx_word' id='word_1_4' title='bbox 125 659 141 694; x_wconf 71' lang='lat' dir='ltr'>a</span> <span class='ocrx_word' id='word_1_5' title='bbox 164 631 219 700; x_wconf 86' lang='lat' dir='ltr'>sod</span> <span class='ocrx_word' id='word_1_6' title='bbox 241 632 319 701; x_wconf 94' lang='lat' dir='ltr'>boni</span> <span class='ocrx_word' id='word_1_7' title='bbox 342 631 475 724; x_wconf 83' lang='lat' dir='ltr'>publici,</span> <span class='ocrx_word' id='word_1_8' title='bbox 494 631 581 724; x_wconf 85' lang='lat' dir='ltr'>quod</span> <span class='ocrx_word' id='word_1_9' title='bbox 606 632 783 724; x_wconf 88' lang='lat' dir='ltr'>plurimum</span> <span class='ocrx_word' id='word_1_10' title='bbox 810 635 975 722; x_wconf 83' lang='lat' dir='ltr'>putaretur</span> <span class='ocrx_word' id='word_1_11' title='bbox 988 629 1028 716; x_wconf 87' lang='lat' dir='ltr'>si,</span> <span class='ocrx_word' id='word_1_12' title='bbox 1045 639 1147 700; x_wconf 80' lang='lat' dir='ltr'>stante</span> <span class='ocrx_word' id='word_1_13' title='bbox 1174 653 1265 699; x_wconf 92' lang='lat' dir='ltr'>com-</span> 
     </span>
     <span class='ocr_line' id='line_1_3' title="bbox 126 738 1260 829; baseline 0.006 -28"><span class='ocrx_word' id='word_1_14' title='bbox 126 741 258 807; x_wconf 78' lang='lat' dir='ltr'>«muni</span> <span class='ocrx_word' id='word_1_15' title='bbox 287 761 409 825; x_wconf 84' lang='lat' dir='ltr'>errore,</span> <span class='ocrx_word' id='word_1_16' title='bbox 439 738 543 808; x_wconf 86' lang='lat' dir='ltr'>valori</span> <span class='ocrx_word' id='word_1_17' title='bbox 580 747 711 807; x_wconf 80' lang='lat' dir='ltr'><strong>actuum</strong></span> <span class='ocrx_word' id='word_1_18' title='bbox 747 739 871 806; x_wconf 80' lang='lat' dir='ltr'>obesset</span> <span class='ocrx_word' id='word_1_19' title='bbox 908 738 992 806; x_wconf 90' lang='lat' dir='ltr'>mala</span> <span class='ocrx_word' id='word_1_20' title='bbox 1019 738 1100 806; x_wconf 83' lang='lat' dir='ltr'><strong>fides</strong></span> <span class='ocrx_word' id='word_1_21' title='bbox 1126 739 1260 829; x_wconf 80' lang='lat' dir='ltr'>judicia.</span> 
     </span>
     <span class='ocr_line' id='line_1_4' title="bbox 126 845 1265 938; baseline 0.004 -29"><span class='ocrx_word' id='word_1_22' title='bbox 126 849 199 911; x_wconf 75' lang='grc' dir='ltr'>«θ’</span> <span class='ocrx_word' id='word_1_23' title='bbox 221 847 371 938; x_wconf 79' lang='lat' dir='ltr'>Denique</span> <span class='ocrx_word' id='word_1_24' title='bbox 398 845 510 914; x_wconf 85' lang='lat' dir='ltr'>cadam</span> <span class='ocrx_word' id='word_1_25' title='bbox 539 855 610 914; x_wconf 83' lang='lat' dir='ltr'>acta</span> <span class='ocrx_word' id='word_1_26' title='bbox 632 845 752 933; x_wconf 85' lang='lat' dir='ltr'>valent,</span> <span class='ocrx_word' id='word_1_27' title='bbox 775 845 835 914; x_wconf 82' lang='lat' dir='ltr'>clai</span> <span class='ocrx_word' id='word_1_28' title='bbox 862 867 929 914; x_wconf 88' lang='lat' dir='ltr'>nna</span> <span class='ocrx_word' id='word_1_29' title='bbox 950 845 1000 913; x_wconf 85' lang='lat' dir='ltr'>val</span> <span class='ocrx_word' id='word_1_30' title='bbox 1027 854 1163 937; x_wconf 84' lang='lat' dir='ltr'>utraque</span> <span class='ocrx_word' id='word_1_31' title='bbox 1189 868 1265 938; x_wconf 83' lang='lat' dir='ltr'>pars</span> 
     </span>
     <span class='ocr_line' id='line_1_5' title="bbox 126 952 1266 1046; baseline 0.004 -29"><span class='ocrx_word' id='word_1_32' title='bbox 126 979 142 1017; x_wconf 78' lang='lat' dir='ltr'>o</span> <span class='ocrx_word' id='word_1_33' title='bbox 165 955 247 1022; x_wconf 87' lang='lat' dir='ltr'>sciat</span> <span class='ocrx_word' id='word_1_34' title='bbox 269 953 411 1045; x_wconf 86' lang='lat' dir='ltr'>judicem</span> <span class='ocrx_word' id='word_1_35' title='bbox 435 975 544 1022; x_wconf 86' lang='lat' dir='ltr'>coram</span> <span class='ocrx_word' id='word_1_36' title='bbox 562 975 628 1046; x_wconf 93' lang='lat' dir='ltr'>quo</span> <span class='ocrx_word' id='word_1_37' title='bbox 649 961 764 1042; x_wconf 84' lang='lat' dir='ltr'>agunt,</span> <span class='ocrx_word' id='word_1_38' title='bbox 787 961 843 1020; x_wconf 87' lang='lat' dir='ltr'>aut</span> <span class='ocrx_word' id='word_1_39' title='bbox 867 952 1044 1043; x_wconf 88' lang='lat' dir='ltr'>parocbum</span> <span class='ocrx_word' id='word_1_40' title='bbox 1068 974 1176 1022; x_wconf 85' lang='lat' dir='ltr'>coram</span> <span class='ocrx_word' id='word_1_41' title='bbox 1199 975 1266 1044; x_wconf 90' lang='lat' dir='ltr'>quo</span> 
     </span>
     <span class='ocr_line' id='line_1_6' title="bbox 126 1059 1264 1150; baseline 0.003 -25"><span class='ocrx_word' id='word_1_42' title='bbox 126 1089 141 1124; x_wconf 73' lang='lat' dir='ltr'>o</span> <span class='ocrx_word' id='word_1_43' title='bbox 163 1061 361 1129; x_wconf 89' lang='lat' dir='ltr'>contrahunt</span> <span class='ocrx_word' id='word_1_44' title='bbox 378 1061 634 1146; x_wconf 79' lang='lat' dir='ltr'>matrimonium,</span> <span class='ocrx_word' id='word_1_45' title='bbox 652 1060 796 1149; x_wconf 81' lang='lat' dir='ltr'>legitima</span> <span class='ocrx_word' id='word_1_46' title='bbox 812 1067 967 1150; x_wconf 78' lang='lat' dir='ltr'>potestate</span> <span class='ocrx_word' id='word_1_47' title='bbox 988 1059 1181 1128; x_wconf 84' lang='lat' dir='ltr'>instructum</span> <span class='ocrx_word' id='word_1_48' title='bbox 1198 1083 1264 1128; x_wconf 92' lang='lat' dir='ltr'>non</span> 
     </span>
     <span class='ocr_line' id='line_1_7' title="bbox 125 1165 1263 1258; baseline 0.004 -28"><span class='ocrx_word' id='word_1_49' title='bbox 125 1194 141 1230; x_wconf 71' lang='lat' dir='ltr'>a</span> <span class='ocrx_word' id='word_1_50' title='bbox 165 1191 247 1253; x_wconf 82' lang='lat' dir='ltr'>csso,</span> <span class='ocrx_word' id='word_1_51' title='bbox 268 1168 364 1236; x_wconf 89' lang='lat' dir='ltr'>modo</span> <span class='ocrx_word' id='word_1_52' title='bbox 382 1168 599 1236; x_wconf 85' lang='lat' dir='ltr'>communitor</span> <span class='ocrx_word' id='word_1_53' title='bbox 619 1167 776 1235; x_wconf 85' lang='lat' dir='ltr'>habeatur</span> <span class='ocrx_word' id='word_1_54' title='bbox 796 1187 857 1258; x_wconf 93' lang='lat' dir='ltr'>pro</span> <span class='ocrx_word' id='word_1_55' title='bbox 875 1187 953 1235; x_wconf 86' lang='lat' dir='ltr'>vero</span> <span class='ocrx_word' id='word_1_56' title='bbox 976 1165 1084 1258; x_wconf 82' lang='lat' dir='ltr'>judice</span> <span class='ocrx_word' id='word_1_57' title='bbox 1109 1175 1166 1234; x_wconf 90' lang='lat' dir='ltr'>aut</span> <span class='ocrx_word' id='word_1_58' title='bbox 1186 1189 1263 1234; x_wconf 87' lang='lat' dir='ltr'>vcro</span> 
     </span>
     <span class='ocr_line' id='line_1_8' title="bbox 125 1271 1265 1366; baseline 0.004 -29"><span class='ocrx_word' id='word_1_59' title='bbox 125 1301 141 1337; x_wconf 75' lang='lat' dir='ltr'>o</span> <span class='ocrx_word' id='word_1_60' title='bbox 165 1273 320 1366; x_wconf 82' lang='lat' dir='ltr'>parocho,</span> <span class='ocrx_word' id='word_1_61' title='bbox 330 1275 372 1343; x_wconf 93' lang='lat' dir='ltr'>ob</span> <span class='ocrx_word' id='word_1_62' title='bbox 383 1274 530 1342; x_wconf 87' lang='lat' dir='ltr'>eamdem</span> <span class='ocrx_word' id='word_1_63' title='bbox 543 1275 713 1342; x_wconf 78' lang='lat' dir='ltr'>rationem.</span> <span class='ocrx_word' id='word_1_64' title='bbox 729 1272 899 1364; x_wconf 81' lang='lat' dir='ltr'>Excipitur</span> <span class='ocrx_word' id='word_1_65' title='bbox 910 1271 1070 1341; x_wconf 80' lang='lat' dir='ltr'>absolutio</span> <span class='ocrx_word' id='word_1_66' title='bbox 1081 1295 1265 1341; x_wconf 85' lang='lat' dir='ltr'>sacraman-</span> 
     </span>
     <span class='ocr_line' id='line_1_9' title="bbox 124 1379 1265 1473; baseline 0.004 -30"><span class='ocrx_word' id='word_1_67' title='bbox 124 1407 140 1443; x_wconf 71' lang='grc' dir='ltr'>«ι</span> <span class='ocrx_word' id='word_1_68' title='bbox 166 1380 256 1459; x_wconf 85' lang='lat' dir='ltr'>talis;</span> <span class='ocrx_word' id='word_1_69' title='bbox 278 1382 362 1448; x_wconf 88' lang='lat' dir='ltr'>banc</span> <span class='ocrx_word' id='word_1_70' title='bbox 384 1382 471 1449; x_wconf 84' lang='lat' dir='ltr'>onim</span> <span class='ocrx_word' id='word_1_71' title='bbox 497 1382 523 1448; x_wconf 87' lang='lat' dir='ltr'>si</span> <span class='ocrx_word' id='word_1_72' title='bbox 551 1381 625 1473; x_wconf 85' lang='lat' dir='ltr'>quis</span> <span class='ocrx_word' id='word_1_73' title='bbox 646 1390 742 1450; x_wconf 82' lang='lat' dir='ltr'>extra</span> <span class='ocrx_word' id='word_1_74' title='bbox 764 1380 876 1448; x_wconf 87' lang='lat' dir='ltr'>mortis</span> <span class='ocrx_word' id='word_1_75' title='bbox 901 1379 1075 1448; x_wconf 86' lang='lat' dir='ltr'>articulum</span> <span class='ocrx_word' id='word_1_76' title='bbox 1103 1389 1265 1471; x_wconf 81' lang='lat' dir='ltr'>potereta</span> 
     </span>
     <span class='ocr_line' id='line_1_10' title="bbox 124 1483 1263 1579; baseline 0.004 -29"><span class='ocrx_word' id='word_1_77' title='bbox 124 1513 140 1550; x_wconf 81' lang='grc' dir='ltr'>ι</span> <span class='ocrx_word' id='word_1_78' title='bbox 164 1485 343 1571; x_wconf 80' lang='lat' dir='ltr'>sacerdote,</span> <span class='ocrx_word' id='word_1_79' title='bbox 366 1487 422 1579; x_wconf 94' lang='lat' dir='ltr'>qui</span> <span class='ocrx_word' id='word_1_80' title='bbox 447 1486 662 1556; x_wconf 82' lang='lat' dir='ltr'>communitor</span> <span class='ocrx_word' id='word_1_81' title='bbox 685 1485 828 1553; x_wconf 85' lang='lat' dir='ltr'>creditur</span> <span class='ocrx_word' id='word_1_82' title='bbox 848 1483 1020 1553; x_wconf 81' lang='lat' dir='ltr'>sufficienti</span> <span class='ocrx_word' id='word_1_83' title='bbox 1038 1485 1263 1576; x_wconf 81' lang='lat' dir='ltr'>jurisdictione</span> 
     </span>
     <span class='ocr_line' id='line_1_11' title="bbox 122 1591 1264 1684; baseline 0.007 -30"><span class='ocrx_word' id='word_1_84' title='bbox 122 1620 139 1654; x_wconf 73' lang='lat' dir='ltr'>a</span> <span class='ocrx_word' id='word_1_85' title='bbox 164 1592 355 1677; x_wconf 80' lang='lat' dir='ltr'>instructus,</span> <span class='ocrx_word' id='word_1_86' title='bbox 370 1592 426 1660; x_wconf 78' lang='lat' dir='ltr'>aad</span> <span class='ocrx_word' id='word_1_87' title='bbox 449 1614 545 1684; x_wconf 86' lang='lat' dir='ltr'>quem</span> <span class='ocrx_word' id='word_1_88' title='bbox 571 1592 639 1684; x_wconf 81' lang='lat' dir='ltr'>ipae</span> <span class='ocrx_word' id='word_1_89' title='bbox 659 1591 719 1659; x_wconf 84' lang='lat' dir='ltr'>scit</span> <span class='ocrx_word' id='word_1_90' title='bbox 742 1613 781 1658; x_wconf 87' lang='lat' dir='ltr'>ea</span> <span class='ocrx_word' id='word_1_91' title='bbox 796 1591 989 1659; x_wconf 85' lang='lat' dir='ltr'>instructum</span> <span class='ocrx_word' id='word_1_92' title='bbox 1014 1613 1080 1660; x_wconf 91' lang='lat' dir='ltr'>non</span> <span class='ocrx_word' id='word_1_93' title='bbox 1099 1615 1180 1678; x_wconf 79' lang='lat' dir='ltr'>esse,</span> <span class='ocrx_word' id='word_1_94' title='bbox 1197 1615 1264 1662; x_wconf 89' lang='lat' dir='ltr'>uon</span> 
     </span>
     <span class='ocr_line' id='line_1_12' title="bbox 121 1697 1265 1790; baseline 0.004 -28"><span class='ocrx_word' id='word_1_95' title='bbox 121 1725 138 1762; x_wconf 79' lang='lat' dir='ltr'>a</span> <span class='ocrx_word' id='word_1_96' title='bbox 164 1701 389 1768; x_wconf 82' lang='lat' dir='ltr'>absolveretur</span> <span class='ocrx_word' id='word_1_97' title='bbox 411 1699 541 1767; x_wconf 87' lang='lat' dir='ltr'>valido:</span> <span class='ocrx_word' id='word_1_98' title='bbox 568 1722 633 1766; x_wconf 90' lang='lat' dir='ltr'>non</span> <span class='ocrx_word' id='word_1_99' title='bbox 658 1697 789 1790; x_wconf 84' lang='lat' dir='ltr'>quidam</span> <span class='ocrx_word' id='word_1_100' title='bbox 813 1720 855 1766; x_wconf 84' lang='lat' dir='ltr'>ox</span> <span class='ocrx_word' id='word_1_101' title='bbox 877 1699 1004 1766; x_wconf 81' lang='lat' dir='ltr'>defectu</span> <span class='ocrx_word' id='word_1_102' title='bbox 1028 1699 1265 1790; x_wconf 85' lang='lat' dir='ltr'>jurisdictionis</span> 
     </span>
     <span class='ocr_line' id='line_1_13' title="bbox 121 1805 1328 1899; baseline 0.005 -29"><span class='ocrx_word' id='word_1_103' title='bbox 121 1833 139 1870; x_wconf 73' lang='lat' dir='ltr'>a</span> <span class='ocrx_word' id='word_1_104' title='bbox 164 1809 200 1874; x_wconf 93' lang='lat' dir='ltr'>iu</span> <span class='ocrx_word' id='word_1_105' title='bbox 216 1807 401 1875; x_wconf 83' lang='lat' dir='ltr'>absolvente</span> <span class='ocrx_word' id='word_1_106' title='bbox 418 1806 506 1899; x_wconf 86' lang='lat' dir='ltr'>(quia</span> <span class='ocrx_word' id='word_1_107' title='bbox 531 1805 625 1873; x_wconf 83' lang='lat' dir='ltr'>iatam</span> <span class='ocrx_word' id='word_1_108' title='bbox 640 1806 670 1873; x_wconf 82' lang='lat' dir='ltr'>ci</span> <span class='ocrx_word' id='word_1_109' title='bbox 686 1805 747 1872; x_wconf 91' lang='lat' dir='ltr'>boc</span> <span class='ocrx_word' id='word_1_110' title='bbox 759 1825 836 1872; x_wconf 86' lang='lat' dir='ltr'>casu</span> <span class='ocrx_word' id='word_1_111' title='bbox 857 1805 913 1873; x_wconf 88' lang='lat' dir='ltr'>dat</span> <span class='ocrx_word' id='word_1_112' title='bbox 933 1806 1085 1893; x_wconf 82' lang='lat' dir='ltr'>Ecclesia,</span> <span class='ocrx_word' id='word_1_113' title='bbox 1104 1807 1264 1876; x_wconf 70' lang='lat' dir='ltr'>defemum</span> <span class='ocrx_word' id='word_1_114' title='bbox 1327 1821 1328 1824; x_wconf 76' lang='grc'>’</span> 
     </span>
     <span class='ocr_line' id='line_1_14' title="bbox 120 1908 1262 2003; baseline 0.004 -28"><span class='ocrx_word' id='word_1_115' title='bbox 120 1939 139 1975; x_wconf 81' lang='lat' dir='ltr'>a</span> <span class='ocrx_word' id='word_1_116' title='bbox 165 1911 321 2003; x_wconf 79' lang='lat' dir='ltr'>supplens</span> <span class='ocrx_word' id='word_1_117' title='bbox 341 1912 383 1980; x_wconf 94' lang='lat' dir='ltr'>ob</span> <span class='ocrx_word' id='word_1_118' title='bbox 396 1933 541 1979; x_wconf 77' lang='lat' dir='ltr'>errorum</span> <span class='ocrx_word' id='word_1_119' title='bbox 554 1909 787 2000; x_wconf 81' lang='lat' dir='ltr'>communem),</span> <span class='ocrx_word' id='word_1_120' title='bbox 804 1908 860 1976; x_wconf 84' lang='lat' dir='ltr'>scd</span> <span class='ocrx_word' id='word_1_121' title='bbox 872 1910 953 2001; x_wconf 86' lang='lat' dir='ltr'>quia</span> <span class='ocrx_word' id='word_1_122' title='bbox 967 1912 1188 2001; x_wconf 81' lang='lat' dir='ltr'>pcomnrinoaa</span> <span class='ocrx_word' id='word_1_123' title='bbox 1203 1934 1262 1979; x_wconf 84' lang='lat' dir='ltr'>sua</span> 
     </span>
     <span class='ocr_line' id='line_1_15' title="bbox 120 2015 1261 2108; baseline 0.003 -26"><span class='ocrx_word' id='word_1_124' title='bbox 120 2043 138 2082; x_wconf 78' lang='lat' dir='ltr'>a</span> <span class='ocrx_word' id='word_1_125' title='bbox 164 2019 331 2108; x_wconf 83' lang='lat' dir='ltr'>petitione,</span> <span class='ocrx_word' id='word_1_126' title='bbox 350 2026 382 2085; x_wconf 82' lang='lat' dir='ltr'>at</span> <span class='ocrx_word' id='word_1_127' title='bbox 406 2016 482 2084; x_wconf 86' lang='lat' dir='ltr'>indo</span> <span class='ocrx_word' id='word_1_128' title='bbox 505 2025 577 2085; x_wconf 85' lang='lat' dir='ltr'>orto</span> <span class='ocrx_word' id='word_1_129' title='bbox 603 2015 859 2108; x_wconf 74' lang='lat' dir='ltr'>indispositiono,</span> <span class='ocrx_word' id='word_1_130' title='bbox 881 2016 1005 2084; x_wconf 85' lang='lat' dir='ltr'>obicem</span> <span class='ocrx_word' id='word_1_131' title='bbox 1033 2018 1124 2108; x_wconf 92' lang='lat' dir='ltr'>pouit</span> <span class='ocrx_word' id='word_1_132' title='bbox 1144 2017 1261 2085; x_wconf 72' lang='lat' dir='ltr'>validm</span> 
     </span>
     <span class='ocr_line' id='line_1_16' title="bbox 121 2122 1261 2214; baseline 0.003 -25"><span class='ocrx_word' id='word_1_133' title='bbox 121 2153 139 2188; x_wconf 80' lang='lat' dir='ltr'>o</span> <span class='ocrx_word' id='word_1_134' title='bbox 165 2125 438 2193; x_wconf 78' lang='lat' dir='ltr'>administrationi</span> <span class='ocrx_word' id='word_1_135' title='bbox 466 2123 711 2193; x_wconf 70' lang='lat' dir='ltr'>sacramenti.»</span> <span class='ocrx_word' id='word_1_136' title='bbox 740 2122 1052 2214; x_wconf 81' lang='lat' dir='ltr'>(Scbmalzgrucber,</span> <span class='ocrx_word' id='word_1_137' title='bbox 1074 2125 1108 2191; x_wconf 92' lang='lat' dir='ltr'>in</span> <span class='ocrx_word' id='word_1_138' title='bbox 1130 2125 1261 2193; x_wconf 87' lang='lat' dir='ltr'>titulum</span> 
     </span>
     <span class='ocr_line' id='line_1_17' title="bbox 116 2229 843 2318; baseline 0.001 -18"><span class='ocrx_word' id='word_1_139' title='bbox 116 2232 161 2300; x_wconf 83' lang='lat' dir='ltr'>de</span> <span class='ocrx_word' id='word_1_140' title='bbox 176 2231 323 2313; x_wconf 60' lang='lat' dir='ltr'>ludatis,</span> <span class='ocrx_word' id='word_1_141' title='bbox 341 2231 415 2300; x_wconf 88' lang='lat' dir='ltr'>libri</span> <span class='ocrx_word' id='word_1_142' title='bbox 436 2230 702 2317; x_wconf 75' lang='lat' dir='ltr'>lllecrctulium,</span> <span class='ocrx_word' id='word_1_143' title='bbox 719 2253 752 2297; x_wconf 90' lang='lat' dir='ltr'>n.</span> <span class='ocrx_word' id='word_1_144' title='bbox 772 2229 843 2318; x_wconf 81' lang='lat'><strong>22.)</strong></span> 
     </span>
    </p>
   </div>
   <div class='ocr_carea' id='block_1_3' title="bbox 638 2559 740 2653">
    <p class='ocr_par' dir='ltr' id='par_1_3' title="bbox 638 2559 740 2653">
     <span class='ocr_line' id='line_1_18' title="bbox 638 2559 740 2653; baseline -0.02 -23"><span class='ocrx_word' id='word_1_145' title='bbox 638 2559 740 2653; x_wconf 72' lang='lat' dir='ltr'>§ru</span> 
     </span>
    </p>
   </div>
   <div class='ocr_carea' id='block_1_4' title="bbox 260 2755 1117 2824">
    <p class='ocr_par' dir='ltr' id='par_1_4' title="bbox 260 2755 1117 2824">
     <span class='ocr_line' id='line_1_19' title="bbox 260 2755 1117 2824; baseline -0.006 -14"><span class='ocrx_word' id='word_1_146' title='bbox 260 2760 296 2810; x_wconf 77' lang='lat' dir='ltr'>De</span> <span class='ocrx_word' id='word_1_147' title='bbox 314 2759 477 2824; x_wconf 71' lang='lat' dir='ltr'>generalibus</span> <span class='ocrx_word' id='word_1_148' title='bbox 493 2759 647 2824; x_wconf 70' lang='lat' dir='ltr'>quibusdan</span> <span class='ocrx_word' id='word_1_149' title='bbox 665 2757 799 2822; x_wconf 77' lang='lat' dir='ltr'>judicialia</span> <span class='ocrx_word' id='word_1_150' title='bbox 814 2756 893 2807; x_wconf 81' lang='lat' dir='ltr'>officii</span> <span class='ocrx_word' id='word_1_151' title='bbox 909 2755 1117 2820; x_wconf 73' lang='lat' dir='ltr'>obligationibus.</span> 
     </span>
    </p>
   </div>
   <div class='ocr_carea' id='block_1_5' title="bbox 117 2990 1263 3596">
    <p class='ocr_par' dir='ltr' id='par_1_5' title="bbox 117 2990 1263 3596">
     <span class='ocr_line' id='line_1_20' title="bbox 163 2990 1260 3086; baseline -0.002 -24"><span class='ocrx_word' id='word_1_152' title='bbox 163 2993 312 3075; x_wconf 80' lang='lat' dir='ltr'>Quonam</span> <span class='ocrx_word' id='word_1_153' title='bbox 342 2993 436 3062; x_wconf 89' lang='lat' dir='ltr'>modo</span> <span class='ocrx_word' id='word_1_154' title='bbox 458 2993 601 3086; x_wconf 81' lang='lat' dir='ltr'>judicem</span> <span class='ocrx_word' id='word_1_155' title='bbox 630 2992 800 3084; x_wconf 76' lang='lat' dir='ltr'>procedure</span> <span class='ocrx_word' id='word_1_156' title='bbox 826 2999 970 3082; x_wconf 73' lang='lat' dir='ltr'>oporteat</span> <span class='ocrx_word' id='word_1_157' title='bbox 994 3013 1035 3058; x_wconf 86' lang='lat' dir='ltr'>ex</span> <span class='ocrx_word' id='word_1_158' title='bbox 1058 2990 1168 3079; x_wconf 86' lang='lat' dir='ltr'>variis,</span> <span class='ocrx_word' id='word_1_159' title='bbox 1190 2999 1260 3060; x_wconf 87' lang='lat' dir='ltr'>tum</span> 
     </span>
     <span class='ocr_line' id='line_1_21' title="bbox 117 3097 1261 3191; baseline -0.002 -21"><span class='ocrx_word' id='word_1_160' title='bbox 117 3101 290 3188; x_wconf 87' lang='lat' dir='ltr'>naturalis,</span> <span class='ocrx_word' id='word_1_161' title='bbox 316 3111 385 3170; x_wconf 90' lang='lat' dir='ltr'>tum</span> <span class='ocrx_word' id='word_1_162' title='bbox 410 3101 616 3169; x_wconf 80' lang='lat' dir='ltr'>ecclesiastici</span> <span class='ocrx_word' id='word_1_163' title='bbox 635 3100 719 3191; x_wconf 84' lang='lat' dir='ltr'>juris</span> <span class='ocrx_word' id='word_1_164' title='bbox 743 3097 1052 3191; x_wconf 67' lang='lat' dir='ltr'>praescriptionibus,</span> <span class='ocrx_word' id='word_1_165' title='bbox 1079 3107 1261 3190; x_wconf 82' lang='lat' dir='ltr'>opportuno</span> 
     </span>
     <span class='ocr_line' id='line_1_22' title="bbox 118 3205 1258 3299; baseline -0.002 -23"><span class='ocrx_word' id='word_1_166' title='bbox 118 3208 247 3276; x_wconf 82' lang='lat' dir='ltr'>dicetur</span> <span class='ocrx_word' id='word_1_167' title='bbox 260 3229 320 3299; x_wconf 93' lang='lat' dir='ltr'>pro</span> <span class='ocrx_word' id='word_1_168' title='bbox 331 3206 461 3274; x_wconf 81' lang='lat' dir='ltr'>divorsa</span> <span class='ocrx_word' id='word_1_169' title='bbox 478 3208 687 3275; x_wconf 84' lang='lat' dir='ltr'>materiarum</span> <span class='ocrx_word' id='word_1_170' title='bbox 704 3207 828 3274; x_wconf 85' lang='lat' dir='ltr'>ratione</span> <span class='ocrx_word' id='word_1_171' title='bbox 845 3206 878 3274; x_wconf 90' lang='lat' dir='ltr'>in</span> <span class='ocrx_word' id='word_1_172' title='bbox 893 3205 1033 3274; x_wconf 86' lang='lat' dir='ltr'>decursu</span> <span class='ocrx_word' id='word_1_173' title='bbox 1047 3205 1258 3275; x_wconf 80' lang='lat' dir='ltr'>tractationis.</span> 
     </span>
     <span class='ocr_line' id='line_1_23' title="bbox 119 3310 1262 3404; baseline -0.004 -21"><span class='ocrx_word' id='word_1_174' title='bbox 119 3315 185 3383; x_wconf 87' lang='lat' dir='ltr'>Hic</span> <span class='ocrx_word' id='word_1_175' title='bbox 200 3335 278 3382; x_wconf 84' lang='lat' dir='ltr'>vero</span> <span class='ocrx_word' id='word_1_176' title='bbox 291 3335 426 3404; x_wconf 77' lang='lat' dir='ltr'>ogcmm</span> <span class='ocrx_word' id='word_1_177' title='bbox 442 3314 611 3382; x_wconf 85' lang='lat' dir='ltr'>dumtaxat</span> <span class='ocrx_word' id='word_1_178' title='bbox 626 3313 667 3380; x_wconf 81' lang='lat' dir='ltr'>dc</span> <span class='ocrx_word' id='word_1_179' title='bbox 680 3312 876 3404; x_wconf 85' lang='lat' dir='ltr'>quibusdam</span> <span class='ocrx_word' id='word_1_180' title='bbox 886 3310 1050 3403; x_wconf 83' lang='lat' dir='ltr'>judicialis</span> <span class='ocrx_word' id='word_1_181' title='bbox 1065 3311 1163 3380; x_wconf 92' lang='lat' dir='ltr'>officii</span> <span class='ocrx_word' id='word_1_182' title='bbox 1179 3312 1262 3380; x_wconf 89' lang='lat' dir='ltr'>obli-</span> 
     </span>
     <span class='ocr_line' id='line_1_24' title="bbox 119 3416 1263 3512; baseline -0.002 -24"><span class='ocrx_word' id='word_1_183' title='bbox 119 3421 320 3512; x_wconf 83' lang='lat' dir='ltr'>gationibus,</span> <span class='ocrx_word' id='word_1_184' title='bbox 337 3421 377 3486; x_wconf 90' lang='lat' dir='ltr'>ad</span> <span class='ocrx_word' id='word_1_185' title='bbox 401 3442 482 3510; x_wconf 83' lang='lat' dir='ltr'>quas</span> <span class='ocrx_word' id='word_1_186' title='bbox 497 3417 706 3512; x_wconf 81' lang='lat' dir='ltr'>exponendas</span> <span class='ocrx_word' id='word_1_187' title='bbox 730 3416 899 3486; x_wconf 83' lang='lat' dir='ltr'>commode</span> <span class='ocrx_word' id='word_1_188' title='bbox 924 3425 1034 3508; x_wconf 81' lang='lat' dir='ltr'>postca</span> <span class='ocrx_word' id='word_1_189' title='bbox 1056 3418 1180 3486; x_wconf 78' lang='lat' dir='ltr'>occasio</span> <span class='ocrx_word' id='word_1_190' title='bbox 1196 3440 1263 3488; x_wconf 90' lang='lat' dir='ltr'>non</span> 
     </span>
     <span class='ocr_line' id='line_1_25' title="bbox 119 3535 316 3596; baseline -0.015 -1"><span class='ocrx_word' id='word_1_191' title='bbox 119 3535 316 3596; x_wconf 80' lang='lat' dir='ltr'>occurreret.</span> 
     </span>
    </p>
   </div>
   <div class='ocr_carea' id='block_1_6' title="bbox 684 3689 708 3755">
    <p class='ocr_par' dir='ltr' id='par_1_6' title="bbox 684 3689 708 3755">
     <span class='ocr_line' id='line_1_26' title="bbox 684 3689 708 3755; baseline 0 0"><span class='ocrx_word' id='word_1_192' title='bbox 684 3689 708 3755; x_wconf 91' lang='lat' dir='ltr'>l.</span> 
     </span>
    </p>
   </div>
   <div class='ocr_carea' id='block_1_7' title="bbox 467 3855 924 3924">
    <p class='ocr_par' dir='ltr' id='par_1_7' title="bbox 467 3855 924 3924">
     <span class='ocr_line' id='line_1_27' title="bbox 467 3855 924 3924; baseline -0.007 -15"><span class='ocrx_word' id='word_1_193' title='bbox 467 3861 500 3909; x_wconf 83' lang='lat' dir='ltr'>Dc</span> <span class='ocrx_word' id='word_1_194' title='bbox 521 3858 642 3924; x_wconf 72' lang='lat' dir='ltr'>ruqurbitc</span> <span class='ocrx_word' id='word_1_195' title='bbox 661 3860 689 3905; x_wconf 81' lang='lat' dir='ltr'>in</span> <span class='ocrx_word' id='word_1_196' title='bbox 699 3855 793 3922; x_wconf 79' lang='lat' dir='ltr'>judice</span> <span class='ocrx_word' id='word_1_197' title='bbox 808 3857 924 3906; x_wconf 74' lang='lat' dir='ltr'>scientio.</span> 
     </span>
    </p>
   </div>
   <div class='ocr_carea' id='block_1_8' title="bbox 127 4043 1271 4352">
    <p class='ocr_par' dir='ltr' id='par_1_8' title="bbox 127 4043 1271 4352">
     <span class='ocr_line' id='line_1_28' title="bbox 172 4043 1269 4136; baseline -0.004 -19"><span class='ocrx_word' id='word_1_198' title='bbox 172 4050 310 4120; x_wconf 69' lang='lat' dir='ltr'>«ludex</span> <span class='ocrx_word' id='word_1_199' title='bbox 323 4070 435 4118; x_wconf 83' lang='lat' dir='ltr'>carens</span> <span class='ocrx_word' id='word_1_200' title='bbox 446 4047 553 4115; x_wconf 79' lang='lat' dir='ltr'>debita</span> <span class='ocrx_word' id='word_1_201' title='bbox 568 4046 806 4132; x_wconf 60' lang='lat' dir='ltr'>scientialiter</span> <span class='ocrx_word' id='word_1_202' title='bbox 823 4043 977 4136; x_wconf 85' lang='lat' dir='ltr'>culpabili</span> <span class='ocrx_word' id='word_1_203' title='bbox 988 4044 1173 4132; x_wconf 82' lang='lat' dir='ltr'>ignorantia</span> <span class='ocrx_word' id='word_1_204' title='bbox 1185 4045 1269 4114; x_wconf 81' lang='lat' dir='ltr'>mala</span> 
     </span>
     <span class='ocr_line' id='line_1_29' title="bbox 127 4149 1271 4250; baseline -0.003 -28"><span class='ocrx_word' id='word_1_205' title='bbox 127 4189 145 4224; x_wconf 76' lang='lat' dir='ltr'>o</span> <span class='ocrx_word' id='word_1_206' title='bbox 166 4158 330 4250; x_wconf 82' lang='lat' dir='ltr'>judicario,</span> <span class='ocrx_word' id='word_1_207' title='bbox 348 4163 455 4247; x_wconf 78' lang='lat' dir='ltr'>peccat</span> <span class='ocrx_word' id='word_1_208' title='bbox 481 4153 673 4237; x_wconf 79' lang='lat' dir='ltr'>mortaliter,</span> <span class='ocrx_word' id='word_1_209' title='bbox 690 4161 723 4219; x_wconf 86' lang='lat' dir='ltr'>et</span> <span class='ocrx_word' id='word_1_210' title='bbox 743 4157 871 4220; x_wconf 84' lang='lat' dir='ltr'>leuetur</span> <span class='ocrx_word' id='word_1_211' title='bbox 891 4151 932 4219; x_wconf 88' lang='lat' dir='ltr'>ad</span> <span class='ocrx_word' id='word_1_212' title='bbox 959 4149 1192 4219; x_wconf 84' lang='lat' dir='ltr'>restitutionem</span> <span class='ocrx_word' id='word_1_213' title='bbox 1219 4161 1271 4220; x_wconf 90' lang='lat' dir='ltr'>to-</span> 
     </span>
     <span class='ocr_line' id='line_1_30' title="bbox 127 4257 1271 4352; baseline -0.003 -22"><span class='ocrx_word' id='word_1_214' title='bbox 127 4295 144 4330; x_wconf 71' lang='lat' dir='ltr'>a</span> <span class='ocrx_word' id='word_1_215' title='bbox 169 4266 235 4332; x_wconf 77' lang='lat' dir='ltr'>tius</span> <span class='ocrx_word' id='word_1_216' title='bbox 251 4263 361 4334; x_wconf 81' lang='lat' dir='ltr'>domni</span> <span class='ocrx_word' id='word_1_217' title='bbox 378 4261 498 4330; x_wconf 77' lang='lat' dir='ltr'>causati</span> <span class='ocrx_word' id='word_1_218' title='bbox 516 4261 598 4352; x_wconf 87' lang='lat' dir='ltr'>parti</span> <span class='ocrx_word' id='word_1_219' title='bbox 614 4259 717 4346; x_wconf 66' lang='lat' dir='ltr'>losa,</span> <span class='ocrx_word' id='word_1_220' title='bbox 736 4258 804 4328; x_wconf 79' lang='lat' dir='ltr'>aive</span> <span class='ocrx_word' id='word_1_221' title='bbox 818 4259 852 4326; x_wconf 90' lang='lat' dir='ltr'>iu</span> <span class='ocrx_word' id='word_1_222' title='bbox 865 4257 1045 4328; x_wconf 84' lang='lat' dir='ltr'>substantia</span> <span class='ocrx_word' id='word_1_223' title='bbox 1057 4257 1136 4346; x_wconf 83' lang='lat' dir='ltr'>litio,</span> <span class='ocrx_word' id='word_1_224' title='bbox 1153 4259 1271 4327; x_wconf 79' lang='lat' dir='ltr'>sivein</span> 
     </span>
    </p>
   </div>
   <div class='ocr_carea' id='block_1_9' title="bbox 0 0 1528 4968">
    <p class='ocr_par' dir='ltr' id='par_1_9' title="bbox 0 0 1528 4968">
     <span class='ocr_line' id='line_1_31' title="bbox 0 0 1528 4968; baseline 0 4"><span class='ocrx_word' id='word_1_225' title='bbox 0 0 1528 4968; x_wconf 95' lang='lat' dir='ltr'> </span> 
     </span>
    </p>
   </div>
  </div>
 </body>
</html>
