3032 4976
601 466 773 515 fflffll'lls
795 467 834 515 DE
855 465 989 516 moretm.

635 805 851 910 SECTIO
888 809 947 910 Il.

263 1026 308 1081 DE
326 1025 427 1084 cunis
447 1023 642 1083 euiscerat!
666 1024 777 1084 RECTE
801 1025 1046 1083 {mulctarunt
1064 1027 1107 1084 El
1125 1025 1330 1084 ounmsnnt.

271 1394 456 1464 Praemissis
477 1394 512 1462 in
533 1393 694 1485 superiori
716 1401 807 1485 parte
825 1393 1027 1480 notionibus,
1049 1417 1124 1485 quas
1140 1395 1252 1463 omnia
1270 1415 1371 1483 geus-

226 1503 322 1572 rutim
351 1501 563 1570 ecclesiastica
596 1501 720 1593 judicia
747 1500 937 1592 respiciunt,
968 1523 1056 1569 nunc
1083 1501 1126 1570 ad
1162 1501 1372 1592 particularia

226 1633 358 1702 gressum
387 1609 555 1677 faciendus
588 1635 595 1676 :
623 1607 817 1700 exponenda
845 1607 966 1676 scilicet
994 1610 1129 1678 omnino
1156 1609 1373 1677 determinata

226 1715 495 1785 administrandus
504 1715 642 1811 justitisp
658 1736 787 1801 norma,
803 1737 903 1805 quam
917 1715 1005 1804 leges
1018 1714 1239 1784 ecclesiasticas
1252 1737 1373 1783 sanxe-

227 1833 315 1894 runt.
341 1823 383 1894 Et
401 1822 568 1914 quoniam,
585 1829 623 1890 ut
645 1843 746 1912 supra
768 1821 968 1907 monuimus,
990 1822 1212 1912 jurisdicendi
1231 1823 1373 1892 formam

227 1931 366 2000 Romani
394 1930 560 2001 Pontificis
589 1929 806 2000 tribunalibus
835 1938 867 1998 et
892 1929 1057 2022 judicibus
1085 1931 1264 2023 propriam,
1296 1953 1374 2000 nec-

228 2060 295 2108 non
319 2059 390 2106 eam
412 2060 477 2128 qua
494 2045 633 2106 utuntur
654 2037 798 2126 religiosi
819 2035 961 2124 ordines,
983 2037 1025 2104 ad
1044 2037 1125 2105 alios
1145 2045 1299 2106 tractulus
1318 2060 1374 2105 re-

228 2145 378 2213 misimus
391 2142 651 2235 expendendam,
670 2151 814 2233 superest
830 2153 867 2212 ut
882 2143 1020 2211 derecte
1039 2144 1219 2212 exercenda
1233 2145 1274 2212 ab
1290 2145 1375 2237 Epi-

229 2252 335 2345 scopis
351 2253 395 2344 (1)
411 2251 584 2342 judiciaria
599 2259 753 2342 potestate
768 2249 854 2341 juris
869 2251 953 2319 sacri
968 2251 1156 2343 praescripta
1175 2251 1371 2342 pandamus.

230 2359 468 2430 Gravissimum
495 2357 639 2450 profecto
663 2364 1045 2449 argumentum,·utpote
1076 2359 1128 2450 (ex
1156 2359 1375 2427 recentiorum

230 2467 413 2560 praesertim
435 2475 619 2557 temporum
642 2465 903 2554 circumstantiis)
928 2464 1052 2550 multis,
1075 2465 1179 2556 iisque
1201 2488 1266 2534 non
1290 2467 1376 2534 levi-

230 2575 293 2642 bus
317 2573 572 2657 difficultatibus,
600 2571 733 2640 foetnm!
759 2570 812 2640 Ad
835 2573 923 2662 quod
943 2570 1180 2640 enucleandum
1203 2573 1376 2664 inprimis

230 2703 359 2749 necesse
387 2689 436 2748 est
460 2677 660 2770 praenovisse
685 2677 766 2769 quid
792 2677 889 2744 silet
918 2699 983 2768 qua
1005 2678 1111 2745 lorma
1133 2678 1277 2768 legitime
1292 2702 1377 2748 con-

232 2787 322 2856 stitui
344 2789 446 2878 possit
467 2795 524 2854 aut
545 2785 661 2853 debeat
680 2785 870 2876 episcopalis
892 2784 996 2867 cumo,
1022 2782 1057 2852 id
1079 2795 1127 2854 est
1149 2785 1292 2855 tribunal
1316 2809 1377 2855 seu

233 2892 449 2962 tribunalium
470 2891 628 2978 collectio,
651 2893 686 2958 in
706 2891 826 2982 quibus
846 2891 887 2959 eb
911 2891 982 2981 ipso
1005 2892 1176 2983 Episcopo,
1196 2893 1248 2961 vel
1271 2893 1377 2984 ipsius

234 2999 378 3084 nomine,
394 2997 520 3088 justitia
536 2997 695 3066 redditur.
717 2997 798 3066 Eam
822 3007 931 3065 antem
953 2997 994 3064 de
1014 2998 1185 3090 episcopali
1207 3000 1299 3068 curia
1314 3021 1377 3068 no-

235 3107 355 3175 tionem
370 3106 431 3173 sub
445 3105 505 3174 hec
519 3103 658 3172 sectione
673 3103 863 3172 tradendam
880 3104 1084 3195 suscipimus.

712 3399 856 3471 CAPUT
878 3401 905 3469 l.

237 3600 276 3644 nn
302 3595 405 3646 vanus
431 3595 645 3646 reponsurus
671 3593 826 3642 cumsuuu
852 3593 974 3658 rosun,
1003 3595 1043 3644 ss
1070 3595 1205 3644 axosmo
1231 3595 1380 3642 amussis

525 3701 621 3756 uenus
642 3701 732 3766 nuuc,
756 3700 893 3750 eruorsrs
914 3701 1086 3750 mammos.

281 3901 307 3966 l.
328 3937 372 3950 -
393 3901 440 3966 De
458 3896 531 3988 ipso
546 3917 621 3962 voce
635 3893 747 3962 cous.
765 3893 956 3986 -Triplici
975 3917 1072 3964 seusu
1091 3916 1129 3964 ea
1141 3915 1207 3964 vox
1222 3895 1381 3985 usurpari

238 4007 347 4076 solet:
372 4008 403 4072 1⁰
426 4005 536 4074 minus
559 4001 679 4090 stricte,
699 4001 740 4070 ud
762 4001 995 4092 designandum
1019 4002 1243 4071 collectionem
1265 4023 1380 4070 curum

269 4171 301 4235 (¹)
319 4167 506 4234 Episcoporum
520 4163 639 4228 nomina,
657 4165 834 4230 Metropolitas
851 4167 939 4230 edum,
952 4179 1002 4218 uec
1016 4179 1069 4218 non
1091 4167 1216 4217 Primates
1229 4169 1256 4216 et
1270 4164 1383 4217 Patrim-

240 4254 301 4305 ctrss
314 4250 359 4301 hic
373 4246 626 4313 comprehendimus.
