3056 4972
584 476 659 522 rans
680 477 784 524 rarus.
1191 459 1253 522 2:13

120 620 138 660 a
160 595 312 684 consulti,
328 595 387 688 qui
414 595 587 688 propositis
607 596 668 665 sibi
690 597 793 668 titulis
814 617 871 666 seu
892 595 1024 667 motivis
1047 595 1167 689 quibus
1189 619 1256 667 sese

120 701 277 772 «fundat
304 711 506 794 procurator,
532 703 705 796 respondet
734 704 773 774 dc
793 705 897 797 jure,·
923 703 956 772 id
981 710 1041 791 est,
1065 703 1200 795 exponit
1224 713 1256 774 et

118 835 138 876 a
159 811 276 902 probat
297 808 376 902 qnid
401 810 486 903 juris
507 819 662 904 sequatur
680 833 722 880 ex
747 833 853 881 causae
874 810 1048 903 capitibus,
1064 819 1163 903 prout
1184 811 1215 880 ei
1236 836 1255 881 a

119 924 370 1006 «procuratore
397 923 619 1009 exponuntur.
648 917 741 988 Adeo
767 925 804 987 ut
830 917 977 987 advocati
1008 917 1192 987 nullatenus
1220 918 1257 986 in

119 1048 137 1089 c
160 1024 377 1113 cognitionem
389 1023 534 1118 ipsorum
547 1046 769 1116 processuum,
780 1046 884 1116 neque
895 1025 929 1092 in
943 1047 980 1094 ea
993 1045 1066 1116 quae
1080 1022 1122 1092 ad
1133 1023 1254 1094 factum

119 1157 136 1194 α
159 1131 334 1222 pertinent,
354 1153 424 1200 sese
446 1131 614 1222 ingerant5
632 1131 726 1200 etsie
745 1141 839 1202 extra
859 1153 955 1200 omne
981 1130 1139 1200 mendacii
1154 1139 1186 1200 et
1199 1155 1255 1200 ca·

119 1263 137 1302 c
159 1236 293 1307 lumniae
307 1237 488 1329 periculum
503 1245 686 1308 versantur.
702 1238 750 1307 tta
764 1246 800 1308 ut
816 1237 961 1308 officium
977 1237 1162 1328 hujusmodi
1179 1261 1253 1330 pos-

119 1370 135 1409 a
159 1344 201 1412 sit
217 1345 327 1415 forsan
343 1352 408 1413 eta
428 1345 572 1437 quolibet
593 1345 758 1437 religioso,
773 1346 871 1414 etiam
889 1354 922 1414 et
942 1346 1126 1414 reformata
1142 1346 1254 1415 obser-

119 1477 137 1516 «
159 1452 294 1538 vantiae,
312 1449 423 1520 illaesis
448 1452 546 1520 sacris
569 1451 759 1539 canonibus,
780 1451 964 1520 exerceri...
986 1451 1038 1520 Ex
1059 1474 1124 1544 quo
1146 1453 1251 1544 palam

118 1583 135 1624 r
159 1558 208 1646 tit,
226 1581 297 1648 cur,
313 1559 392 1628 dum
407 1559 493 1652 apud
509 1567 640 1630 caeteras
655 1560 762 1629 curias
778 1561 888 1652 plures
902 1568 978 1628 sunt
994 1559 1141 1629 advocati
1154 1557 1262 1653 quam

119 1690 135 1730 a
159 1673 396 1757 procuratores,
418 1667 452 1735 in
476 1666 575 1736 Curia
599 1667 745 1737 Romana
768 1666 871 1735 multo
895 1665 1004 1758 plnres
1029 1675 1253 1758 procuratores

119 1797 135 1837 a
159 1795 259 1863 qnam
281 1771 427 1842 advocati
454 1782 678 1844 numerentur.
696 1773 746 1842 Ex
770 1780 900 1842 centum
923 1795 1039 1865 nempe
1059 1775 1177 1858 causis,
1194 1776 1252 1843 vix

118 1879 268 1949 «decem
294 1889 470 1950 occurrunt
495 1882 528 1948 in
552 1881 670 1974 quibus
686 1880 905 1950 interveniant
918 1879 1081 1966 advocati;
1099 1883 1156 1950 sed
1180 1883 1253 1974 ple-

119 2011 135 2052 α
158 2009 299 2078 rumque
324 1987 544 2078 expediuntur
564 2009 623 2080 per
644 1987 729 2057 solos
751 1995 994 2078 procuratores3
1013 2007 1051 2056 eo
1071 1988 1124 2056 vel
1150 1989 1253 2079 magis

118 2116 135 2153 a
159 2089 247 2182 qnod
262 2090 295 2158 hi
309 2091 405 2182 periti
421 2113 489 2160 esse
505 2092 681 2178 soleant,et
696 2092 794 2162 simul
806 2091 846 2161 ad
863 2092 1089 2181 exercendam,
1099 2093 1127 2160 si
1138 2094 1251 2182 velint,

117 2197 360 2266 «advocatiam
389 2198 522 2268 babilas.
551 2225 569 2265 a
601 2199 709 2290 (Card.
739 2200 779 2268 de
809 2199 910 2288 Luca,
936 2203 1072 2268 Dottora
1106 2199 1248 2292 colqcre,

112 2303 358 2397 libr015,cap.
378 2309 433 2393 ii,
451 2329 483 2374 n.
503 2310 542 2374 13
559 2314 591 2376 et
603 2329 686 2398 seq,
703 2306 821 2376 iactae
838 2328 889 2375 me
902 2306 937 2374 in
952 2305 1090 2376 latinum
1113 2307 1251 2376 transla-

113 2411 228 2502 tione.)

633 2593 736 2686 §ru

362 2763 470 2824 Quinam
491 2765 591 2830 possint
606 2763 725 2816 advocati
741 2763 856 2815 officium
873 2777 1006 2814 exercere.

158 2946 183 3012 1.
204 2971 221 3009 a
235 2945 403 3014 Postulare
420 2944 488 3014 sive
502 2944 661 3014 advocare
675 2967 788 3014 omnes
808 2951 943 3037 possunt
966 2943 1085 3035 quibus
1101 2965 1252 3035 expresse

115 3077 134 3117 a
158 3051 285 3142 injure
303 3051 337 3119 id
358 3075 423 3120 non
440 3051 602 3143 reperitur
615 3051 816 3144 prohibitum
836 3078 844 3119 :
861 3073 937 3118 nam
958 3048 1098 3119 edictum
1119 3049 1158 3118 de
1180 3071 1252 3140 pos-

115 3183 133 3223 «
158 3157 293 3227 tulando
308 3157 561 3249 prohibitorium
578 3167 637 3246 est,
655 3157 737 3226 sicut
752 3164 783 3226 et
798 3155 879 3226 iilud
895 3156 934 3225 de
949 3163 1157 3247 procuratore
1171 3177 1253 3223 con-

116 3288 134 3331 a
159 3265 368 3334 sumendo.»
391 3265 570 3358 (Pirrbing,
589 3266 625 3333 in
650 3266 698 3334 tit.
722 3267 776 3351 37,
792 3263 868 3333 libri
897 3266 910 3331 i
937 3263 1119 3354 Deerat.,§
1143 3263 1190 3353 2.)
1206 3264 1254 3331 lta

112 3372 261 3442 doctores
288 3372 504 3442 communiter
530 3381 685 3464 tanquam
714 3372 847 3440 omnino
876 3378 999 3440 certum
1031 3377 1158 3458 tenent,
1187 3393 1253 3439 non

113 3487 241 3548 tantum
268 3478 375 3570 quoad
398 3480 453 3572 jus
476 3480 675 3567 Romanum,
696 3479 867 3548 sedetiam
889 3478 996 3570 quoad
1019 3478 1126 3548 forum
1152 3479 1254 3547 eccle·

114 3587 294 3656 siasticum.

157 3694 200 3761 Ii.
218 3691 359 3776 Quinam
376 3693 451 3787 jure
473 3695 621 3764 Romano
641 3695 874 3786 prohibeantur
888 3693 929 3762 ab
954 3693 1133 3762 exercendo
1153 3693 1254 3763 adro·

114 3797 178 3866 cati
203 3821 351 3887 munere,
380 3799 536 3870 concinne
563 3800 713 3892 exposuit
742 3799 895 3881 Vinnius,
921 3798 1078 3867 adnotans
1105 3798 1184 3866 alios
1213 3799 1255 3868 ob

113 3927 264 3997 personae
302 3905 536 3994 conditionem,
569 3906 650 3976 alios
678 3929 757 3976 vero
796 3915 927 3998 propter
956 3927 1067 3975 causas
1108 3929 1254 3998 personae

113 4013 312 4081 extrinsecas
337 4015 523 4084 removeri:
545 4015 713 4103 «Eorum,
733 4014 853 4106 inquit,
872 4013 929 4106 qui
949 4012 1164 4104 prohibentur
1178 4037 1256 4084 cou-

120 4147 139 4186 a
164 4144 283 4192 nnroun
310 4145 461 4210 rmsorn,
490 4129 554 4192 tres
579 4123 683 4192 edicto
706 4124 835 4192 ordines
857 4129 978 4216 praetor
1005 4121 1091 4190 iecit.
1121 4125 1255 4192 Primus

119 4253 138 4294 a
163 4229 239 4298 erdo
252 4239 301 4298 est
315 4252 427 4300 eorum
443 4231 500 4325 qui
515 4231 549 4298 in
564 4237 667 4301 totum
682 4230 722 4300 ad
739 4230 969 4324 postulandum
986 4252 1050 4304 non
1070 4231 1255 4302 admittun-
