3030 4980
543 495 618 540 rens
641 494 788 544 securene.
1170 475 1232 540 trs

85 614 232 704 personis
261 613 410 706 publicis.
442 614 519 684 lnde
540 637 619 706 ergo
646 615 848 685 desumendo
877 614 1092 684 differentiam
1116 617 1233 707 proxi-

86 743 187 807 mam,
210 721 341 791 videtur
363 723 410 790 sic
434 723 543 791 stricta
565 721 713 793 delinitio
738 723 926 792 concinnari
946 745 1066 814 posse:
1092 727 1234 791 Persona

20 905 24 912 v
85 826 341 915 odlnnctorr'tate
352 827 488 921 publica
502 830 692 912 constituto,
712 843 749 898 ut
760 830 874 920 scripti
885 829 927 898 od
943 829 1014 920 ἱρεα
1029 841 1121 898 octus
1132 829 1233 920 fidem

82 933 223 1021 famant.

131 1040 186 1108 lll.
203 1041 255 1110 Ex
268 1064 334 1134 qua
350 1042 481 1111 notione
502 1042 595 1111 facile
618 1043 784 1134 introspici
801 1049 917 1134 potest,
932 1065 998 1135 qua
1013 1042 1053 1111 de
1068 1065 1165 1112 causa
1181 1044 1235 1110 in-

85 1147 184 1218 ducta
198 1149 319 1241 ubique
334 1153 481 1242 gentium
497 1151 608 1237 fuerit,
623 1157 655 1219 et
676 1151 791 1242 quanti
811 1151 910 1220 simul
930 1151 1086 1220 momenti
1105 1151 1158 1237 sit,
1175 1173 1235 1220 no·

86 1256 244 1326 tariornm
266 1259 438 1328 institutio.
459 1259 544 1327 Cum
568 1257 687 1326 scilicet
706 1259 861 1350 pleraque
880 1259 966 1328 inter
990 1259 1138 1328 homines
1157 1259 1234 1350 jura

85 1364 248 1452 pendeant
261 1389 281 1434 a
295 1367 395 1435 variis
411 1366 500 1435 initis
515 1367 629 1460 pectis,
647 1389 667 1434 a
682 1366 850 1436 sententiis
861 1365 1082 1458 judicialibus,
1098 1366 1235 1458 aliisque

85 1469 276 1562 hujusmodi
290 1475 400 1563 gestis,
418 1474 552 1544 omnino
567 1475 713 1562 interest,
726 1483 764 1542 ut
776 1472 816 1542 de
837 1474 925 1543 bmce
944 1475 1068 1542 actibus
1088 1483 1235 1543 constare

85 1581 201 1670 possit,
230 1605 295 1650 non
317 1592 445 1654 tantum
471 1607 509 1653 eo
531 1591 694 1653 momento
719 1605 786 1675 quo
816 1591 1030 1674 peraguntur,
1054 1582 1111 1650 sed
1135 1583 1232 1652 etiam

85 1697 206 1776 postea.
237 1691 394 1762 Constare
414 1698 523 1760 subm
551 1691 663 1782 nequit
691 1689 754 1758 nisi
779 1711 837 1780 per
860 1690 990 1780 scripte.
1020 1689 1136 1758 Sedet
1163 1691 1234 1781 ipsa

85 1795 217 1888 scripta,
238 1798 302 1895 nisi
322 1823 341 1865 a
363 1798 509 1890 personis
527 1796 591 1865 fide
609 1796 720 1887 dignis
738 1797 988 1883 conficerentur,
1013 1795 1161 1864 fraudem
1181 1819 1233 1866 re-
1298 1819 1300 1829 ·

85 1901 224 1971 condere
235 1913 378 1994 possent,
391 1927 452 1972 nec
463 1903 599 1995 proinde
613 1903 680 1972 vim
692 1902 733 1970 ad
747 1903 953 1994 probandum
966 1903 1132 1970 haberent.
1149 1903 1234 1973 Hinc

84 2009 282 2098 populorum
315 2011 505 2100 rectoribus,
531 2020 563 2078 et
586 2011 649 2101 ipsi
678 2010 774 2077 etiam
798 2009 981 2079 auctoritati
1012 2010 1233 2089 ecclesiastica.

83 2115 336 2205 excogitandum
352 2117 426 2204 ruit,
443 2139 509 2209 qua
521 2117 645 2184 ratione
660 2126 766 2208 posset
778 2117 1010 2208 predictorum
1035 2119 1230 2208 scriptorum

85 2223 252 2292 sinceritas
267 2225 303 2292 in
319 2232 388 2292 tuto
404 2223 496 2316 poni;
511 2225 555 2291 ita
571 2233 607 2292 ut
621 2246 662 2291 ex
682 2223 774 2315 ipsis,
795 2233 964 2314 gestorum
981 2225 1101 2292 veritas
1117 2226 1231 2294 merito

87 2329 242 2398 aestimari
266 2331 407 2400 deberet.
426 2331 524 2399 Nulla
538 2338 646 2399 nutem
662 2330 726 2398 alia
740 2331 824 2398 ratio
843 2331 948 2421 aptior
967 2332 1037 2400 visa
1058 2341 1116 2420 est,
1134 2355 1232 2424 quem

87 2445 124 2504 ut
148 2447 311 2508 crearetur
339 2449 446 2507 certus
475 2439 622 2507 virorum
649 2438 833 2527 integritate
860 2439 1108 2529 conspicuornm
1137 2440 1231 2526 ordo,

86 2544 206 2634 quibus
237 2545 393 2636 predicta
421 2545 541 2637 scripta
563 2546 778 2614 concinnandi
802 2543 945 2613 officium
968 2545 1231 2635 demandaretur,
1332 2625 1335 2630 ,

86 2661 118 2716 et
132 2673 272 2742 quorum
288 2653 334 2720 sic
346 2655 467 2744 scripto
487 2654 670 2722 testimonio
692 2651 787 2744 plena
810 2651 891 2720 fides
912 2653 1060 2722 habenda
1080 2654 1235 2745 injunge-

87 2768 189 2826 retur.
221 2761 306 2828 Hinc
336 2761 445 2850 palam
474 2763 511 2827 fit
540 2760 717 2852 quomodo,
749 2761 817 2830 sive
852 2765 887 2828 in
915 2761 1070 2848 Ecclesia,
1101 2763 1170 2831 sive
1198 2765 1232 2832 in

87 2867 292 2937 societatibus
316 2869 480 2955 civilibus,
499 2876 565 2937 totu
584 2869 663 2954 lere,
684 2869 769 2936 circa
790 2878 879 2959 gesta
901 2891 976 2961 qum
998 2869 1040 2937 ad
1056 2870 1111 2960 jus
1129 2874 1232 2962 perti-

87 2980 178 3060 nent,
196 2974 276 3043 fides
290 2975 490 3044 notariorum
505 2975 689 3064 integritate
705 2983 736 3042 et
750 2975 912 3066 scriptura
925 2977 1119 3063 nitatur;·ac
1135 2979 1233 3046 simul

88 3080 241 3172 pleraque
255 3082 425 3152 hominum
439 3082 526 3173 jura,
542 3083 805 3174 praecipuusque,
825 3092 892 3150 tum
908 3105 1021 3170 sacrm,
1035 3093 1110 3152 tum
1125 3107 1232 3155 seecu-

87 3189 165 3256 laris
195 3191 354 3258 societatis
383 3191 476 3276 ordo,
507 3191 696 3258 eorumdem
732 3191 934 3258 notariorum
968 3193 1168 3262 institutione
1202 3204 1235 3263 et

88 3293 194 3364 officio
220 3299 403 3366 firmentur.
435 3296 529 3378 Quod
552 3297 689 3389 proinde
715 3319 834 3364 munus
862 3320 961 3389 quam
990 3299 1097 3368 nobile
1128 3303 1233 3370 videri

89 3404 214 3486 debeat,
232 3429 395 3497 quamque
416 3406 525 3496 dignis
552 3415 584 3473 et
602 3407 722 3474 virtute
745 3405 931 3494 insignibus
956 3407 1036 3474 viris
1061 3411 1232 3498 committi,

88 3513 170 3580 adeo
189 3513 282 3582 facile
299 3524 397 3606 patet,
420 3523 456 3582 ut
474 3514 569 3604 plane
590 3533 866 3603 supervacaneum
889 3513 932 3580 sit
954 3514 1115 3584 evolvere.
1142 3517 1234 3586 lllius

89 3641 168 3686 vero
185 3619 393 3688 institutionis
419 3619 554 3688 exordia
577 3640 834 3710 progressusque
857 3629 888 3687 et
909 3621 1016 3688 varias
1041 3622 1138 3707 vices,
1161 3633 1232 3693 tum

88 3726 176 3816 apud
200 3727 438 3816 ecclesiastices,
463 3737 533 3795 tum
562 3725 650 3817 apud
674 3725 846 3794 saeculeres
875 3728 995 3815 curias,
1019 3728 1048 3796 si
1073 3729 1231 3800 vellemus

88 3833 237 3902 historice
267 3835 462 3927 perscrutari
491 3845 522 3901 et
550 3832 742 3919 describere,
773 3843 866 3900 extra
895 3857 1028 3927 scopum
1059 3839 1229 3927 presentis

89 3948 240 4010 tractatus
255 3942 368 4033 procul
383 3941 597 4010 traheremur.
615 3938 708 4008 Unde
722 3939 764 4007 ad
780 3941 936 4028 eruditos,
951 3943 1009 4032 qui
1023 3965 1064 4010 ex
1087 3945 1233 4035 professo

88 4049 302 4139 quaestionem
317 4049 400 4118 hauc
413 4056 569 4119 vocarunt
586 4047 627 4114 ad
642 4048 765 4133 crisim,
792 4048 883 4116 verbi
905 4049 1024 4137 gratia,
1050 4049 1091 4117 ad
1111 4052 1231 4121 Zacca-

88 4157 170 4222 riam
186 4157 325 4248 (dissert.
353 4163 384 4244 9,
404 4157 443 4225 de
462 4155 608 4228 Notarie's
628 4155 870 4246 ecclesiasticis),
894 4156 1023 4224 Maroni
1048 4159 1231 4248 (Dictiorro-

89 4263 192 4354 rium,
211 4265 309 4334 verbo
323 4265 479 4354 Notaro),
496 4272 528 4331 et
543 4264 624 4332 elios
637 4263 678 4331 ab
694 4263 744 4331 bis
755 4264 880 4350 citatos,
898 4265 1107 4335 remittimus.
1130 4349 1133 4356 Ι
1225 4332 1232 4350 ,
