3032 4976
555 467 630 512 rans
653 467 759 514 enrun.
1071 471 1073 476 ·
1164 445 1229 510 uto·

76 609 96 647 ιι
124 583 386 654 circumstantias
416 585 569 678 (exempli
599 585 718 677 gratia,
740 588 895 680 temporis
920 595 952 656 et
982 586 1056 676 loci)
1082 585 1167 655 inter
1194 609 1228 656 se

76 717 97 754 ιι
123 692 308 782 pugnantia
332 692 512 785 deponunt.
538 692 656 777 Quales
678 703 771 763 erant
797 692 863 764 duo
885 693 933 764 illi
958 715 1050 762 senes
1072 692 1229 762 Susanna

77 825 97 864 ιι
123 809 340 889 accusatores,
353 822 495 893 quorum
510 823 597 870 nnus
607 801 760 872 adulterii
773 800 897 870 crimen
910 802 952 870 ab
965 823 1003 869 es
1017 800 1227 873 commissum

76 932 97 970 ιι
124 903 254 976 dicebat
268 907 328 976 sub
340 908 450 1000 prino,
461 907 543 976 alter
554 909 615 978 sub
627 908 751 978 schino.
770 908 984 978 Cumulativa
996 907 1229 1000 riopulart'tote

77 1040 98 1078 ιι
123 1013 310 1105 sinpulnres
338 1022 427 1105 sunt,
454 1015 513 1107 qui
542 1013 582 1084 dc
610 1015 736 1084 solibus
762 1016 895 1109 quidem
925 1014 1075 1102 diversis,
1104 1013 1162 1084 sed
1185 1013 1226 1082 ad

76 1146 95 1184 ιι
125 1117 280 1188 eumdem
310 1119 409 1190 finem
440 1120 661 1210 tendentibus,
689 1144 823 1214 seseque
851 1130 966 1192 mutuo
996 1120 1227 1214 adjuvantibus

77 1255 96 1291 ιι
123 1225 294 1320 deponunt
301 1253 311 1314 ;
327 1237 363 1296 ut
389 1228 418 1296 si
439 1250 525 1297 unus
541 1228 630 1298 testis
654 1237 745 1298 actus
763 1228 903 1321 alicujus
923 1228 1070 1299 anditum
1092 1237 1225 1318 asserat,

77 1361 96 1396 ιι
124 1331 210 1401 alter
226 1333 352 1423 visum;
376 1335 403 1401 si
422 1356 508 1403 unus
529 1343 690 1404 asseveret
713 1334 946 1427 Sempronium
970 1335 1083 1404 citasse
1105 1343 1224 1428 partes,

77 1469 97 1507 ι
124 1441 210 1509 alter
224 1440 309 1510 dicat
328 1441 480 1510 eumdem
503 1441 613 1511 tulisse
636 1443 839 1530 sententiam,
857 1443 971 1512 tertius
995 1443 1103 1534 ipsum
1129 1441 1226 1510 istam

79 1575 98 1614 ιι
124 1535 312 1619 executioni
326 1547 516 1629 mandasse;
533 1549 561 1618 si
576 1572 663 1619 unus
682 1549 777 1620 lundi
792 1551 1025 1644 possessionem
1040 1549 1125 1620 Titio
1141 1572 1227 1618 asse·

79 1682 99 1721 ιι
124 1663 192 1742 rat,
211 1653 299 1748 quod
319 1655 438 1726 viderit
463 1656 557 1725 illum
583 1657 624 1725 eb
647 1680 685 1725 eo
708 1657 782 1744 ooli,
803 1657 885 1726 alter
909 1656 997 1750 quod
1024 1656 1228 1750 conspexerit

79 1789 99 1828 ιι
124 1785 204 1830 eum
218 1763 385 1853 collegisse
397 1785 439 1832 ex
451 1765 521 1858 ipso
537 1786 687 1852 messem,
701 1771 760 1832 etc.
777 1765 1034 1856 Diuersificatioe
1044 1764 1226 1856 singulares

80 1897 98 1934 ιι
125 1877 217 1957 sunt,
233 1869 289 1960 qui
304 1869 471 1963 deponunt
487 1870 526 1939 de
540 1871 632 1940 lactis
647 1871 711 1940 sibi
724 1870 864 1942 invicem
881 1894 947 1941 non
968 1871 1155 1959 contrariis,
1169 1873 1226 1940 sed

78 2005 98 2041 ιι
125 1977 280 2065 diversis,
297 1985 327 2046 et
342 1977 425 2046 nihil
441 2000 475 2046 se
491 1977 629 2046 invicem
649 1978 842 2070 juvantibus
859 2006 867 2046 ι
886 1979 969 2048 siout
988 1978 1110 2047 lactum
1130 1980 1227 2046 estin

80 2113 99 2148 ιι
125 2107 203 2153 casn
218 2084 332 2176 ospitis
349 2086 435 2154 Cum
451 2097 488 2154 tu
509 2086 575 2176 (ld,
593 2085 678 2154 tituli
694 2090 749 2172 20,
767 2085 845 2154 libri
871 2089 890 2152 2
913 2085 1070 2177 Deoret.),
1088 2085 1145 2154 ubi
1160 2084 1227 2154 duo

80 2217 99 2256 ιι
126 2191 349 2283 deposuerunt
363 2191 403 2260 de
418 2191 763 2260 excommunicationis
781 2190 939 2260 sententie
957 2218 965 2258 ι
982 2211 1069 2260 unus
1091 2189 1226 2283 quidem

80 2325 99 2364 ιι
126 2296 266 2386 dicebat,
284 2297 383 2367 latam
405 2297 494 2366 illam
519 2298 620 2366 luisse
644 2305 730 2385 ante,
752 2296 835 2367 nlter
852 2305 925 2390 post
949 2297 1223 2389 appellationem:
1335 2313 1337 2334 ’

79 2432 98 2468 ι
125 2403 213 2472 idem
229 2403 357 2491 cecidit,
373 2426 449 2473 cum
465 2426 551 2472 nnus
566 2401 755 2474 testificetur
768 2403 809 2472 de
822 2402 907 2489 Caii,
923 2402 1005 2471 altar
1017 2400 1058 2469 de
1072 2399 1227 2493 Sempro-

80 2541 99 2576 ιι
126 2512 175 2580 nii
189 2511 277 2581 caede
293 2535 312 2580 a
326 2512 413 2582 Titio
427 2513 524 2599 faeta,
542 2519 602 2580 eto.

130 2646 148 2685 ιι
172 2619 223 2688 Ex
244 2619 309 2708 bis,
319 2620 428 2712 primi
451 2618 577 2712 pennis
597 2627 704 2704 testes,
723 2639 781 2686 nee
804 2616 996 2709 semi-plene
1017 2617 1168 2710 probant,
1186 2614 1227 2683 ob

82 2756 99 2792 ιι
125 2726 387 2796 contrarietatem
417 2735 448 2795 et
477 2725 747 2819 repugnantiam,
779 2748 854 2817 quae
894 2723 1018 2793 redolet
1058 2721 1227 2790 falsitatem

81 2863 99 2898 ιι
127 2835 245 2927 (capite
261 2835 351 2902 Licet
366 2856 501 2902 causam
520 2838 553 2920 9,
571 2831 610 2900 de
635 2832 798 2923 Protea).
818 2831 859 2900 Et
880 2829 941 2902 boc
963 2853 1078 2900 verum
1100 2838 1148 2899 est
1169 2829 1228 2898 etsi

82 2969 100 3006 ιι
126 2940 217 3009 mille
231 2950 338 3010 essent
360 2939 519 3032 ejusmodi
541 2946 638 3008 testes
664 2938 846 3029 singulares
865 2967 874 3006 ι
892 2939 970 3030 quia
992 2937 1080 3006 mille
1100 2945 1228 3006 tantum

81 3075 100 3114 ιι
124 3048 303 3142 probarent
326 3059 486 3140 quantum
510 3069 612 3134 unus3
642 3046 708 3116 imo
736 3047 847 3114 minus
871 3069 970 3138 quam
998 3068 1085 3113 unus
1111 3072 1118 3112 :
1142 3067 1229 3113 unus

84 3184 102 3222 ιι
125 3155 258 3224 enimsi
274 3155 363 3224 solus
382 3162 476 3241 esset,
494 3162 525 3222 et
546 3152 779 3244 impedimento
801 3173 867 3220 non
887 3150 1061 3239 laboraret,
1078 3151 1229 3244 probaret

82 3262 242 3331 «saltem
268 3261 465 3354 semi-plene
490 3289 497 3329 ι
526 3283 601 3329 enm
628 3259 701 3328 eliis
724 3259 910 3352 adjunctus,
927 3258 969 3328 ob
990 3257 1149 3328 dictorum
1176 3281 1229 3326 re-

85 3397 103 3436 ιι
128 3368 355 3462 pugnantiam,
373 3381 540 3461 suspectus
555 3367 715 3436 redditur.

130 3504 148 3542 ι
172 3475 282 3544 Testes
295 3474 428 3544 secundi
449 3475 586 3568 qoem,
604 3474 768 3544 diversam
783 3473 854 3542 vim
878 3473 999 3543 babent
1017 3473 1051 3542 in
1071 3474 1229 3544 crimina-

84 3611 103 3649 ι
125 3583 227 3670 libus,
247 3591 279 3650 et
301 3581 335 3649 in
363 3581 542 3650 civilibus:
569 3580 604 3647 in
628 3579 795 3672 prioribus
818 3579 1013 3672 plerumque
1036 3581 1077 3651 ad
1097 3604 1229 3674 poenarn

84 3717 102 3754 ι
126 3689 326 3760 ordinariam
350 3687 561 3779 infligendam
581 3709 646 3756 non
663 3686 839 3776 sufficiunt,
856 3688 912 3756 sed
935 3687 976 3756 ed
1003 3689 1229 3780 purgationem

84 3825 103 3863 ιι
126 3796 315 3867 canonicam
327 3796 434 3867 solum
444 3794 651 3864 indicendam
665 3794 717 3861 :in
727 3795 960 3886 posterioribus
968 3817 1046 3864 vero
1055 3795 1230 3888 aliquando

84 3931 103 3970 ιι
126 3903 266 3996 probant
282 3903 488 3996 semi-plene,
505 3903 551 3971 ita
571 3909 608 3970 ut
627 3901 719 3970 loeus
735 3900 791 3970 fiet
803 3901 991 3994 juramento
1007 3903 1227 3996 suppletorio;

86 4038 104 4075 ιι
127 4009 303 4103 aliquando
318 4011 415 4079 etiarn
432 4009 567 4103 plene...

133 4117 323 4208 «Denique
344 4124 439 4185 testes
463 4117 554 4186 tertii
576 4116 715 4208 poneris,
733 4117 793 4185 etsi
818 4138 970 4208 magnam
993 4118 1229 4210 praesumptio-

89 4250 107 4290 ι
130 4247 218 4313 nem,
234 4232 266 4292 et
288 4223 461 4317 plusquam
484 4222 711 4316 semi-plenam
740 4223 964 4316 probationem
990 4224 1121 4316 faciant,
1136 4227 1231 4324 plene

646 4336 665 4372 Ο
