3046 4968
253 485 313 552 132
606 503 782 554 rnncrarus
809 505 847 551 nn
871 503 1005 552 runicus.

247 655 278 718 q.
303 629 347 719 7.)
365 627 472 696 citam
492 629 587 695 etiam
603 637 701 718 caput
721 626 772 695 Ad
783 627 993 719 probandum
1015 629 1070 714 tt,
1094 623 1180 694 tituli
1200 627 1254 712 27,
1272 622 1348 696 libri
1369 631 1387 695 2

248 736 477 820 Decretalium,
507 735 562 802 ubi
589 735 794 804 Innocentius
818 737 862 803 Ill
885 734 1031 826 praecipit
1055 734 1173 803 cassari
1197 737 1388 805 sententiam

247 843 417 936 cujusdam
439 841 557 932 judicis
584 842 733 932 delegati,
765 844 792 910 si
821 843 1001 912 constiterit
1031 865 1105 910 eum
1131 841 1232 911 luisse
1260 844 1390 935 publice

248 951 577 1021 excommunicatum.
596 949 712 1039 Igitur,
738 959 880 1040 arguunt
897 973 938 1018 ex
955 951 1015 1018 hac
1031 949 1182 1018 decretali
1198 951 1388 1037 canonistas,

221 1102 226 1116 ι
249 1059 277 1126 si
296 1057 588 1126 excommunicatio
610 1079 675 1126 uon
696 1057 809 1125 fuisset
831 1057 959 1147 publice
980 1065 1068 1143 nota,
1089 1058 1247 1125 sententia
1268 1059 1390 1128 valuis-

249 1176 306 1234 set.
326 1164 494 1255 Quidquid
512 1165 554 1231 sit
567 1163 606 1231 de
624 1164 656 1230 vi
672 1163 790 1232 horum
806 1174 955 1232 textuum
972 1163 1012 1231 ad
1028 1165 1173 1253 rigorose
1189 1165 1392 1256 probandam

250 1272 380 1356 thesim,
404 1271 475 1361 ejus
491 1270 612 1338 veritas
632 1269 758 1338 ostendi
782 1279 903 1360 potest;
924 1275 956 1336 3⁰
976 1293 1016 1338 ex
1035 1270 1109 1360 jure
1125 1271 1264 1339 naturali
1283 1299 1290 1338 ι
1308 1272 1390 1340 Nam

250 1377 367 1448 validae
380 1385 476 1444 erunt
489 1377 656 1444 sententiae
671 1376 710 1444 de
723 1377 842 1468 quihus
853 1377 974 1466 agitur,
993 1377 1020 1444 si
1034 1376 1176 1445 Ecclesia
1189 1377 1222 1444 iu
1238 1377 1300 1446 hoc
1314 1401 1393 1445 casn

246 1484 506 1576 jurisdictionem
526 1483 673 1575 suppleat
693 1511 700 1549 ι
718 1485 869 1575 supplere
888 1493 996 1552 numm
1017 1483 1176 1552 censenda
1200 1493 1259 1570 est,
1283 1485 1310 1553 si
1330 1485 1392 1552 hoc

249 1593 393 1684 requirat
408 1592 530 1658 bouum
548 1613 731 1658 commune.
750 1592 852 1659 Porro
875 1590 1006 1682 quando
1022 1591 1163 1682 populus
1178 1593 1395 1660 communitor

251 1700 416 1767 existimat
429 1698 569 1789 aliquem
588 1696 738 1789 judiciali
760 1705 914 1787 potestate
928 1697 1062 1788 pollere,
1080 1698 1195 1786 ingens
1215 1697 1394 1767 detrimen-

251 1815 320 1872 tum
340 1813 371 1872 et
385 1804 585 1894 perturbatio
603 1811 802 1894 sequeretur,
829 1803 890 1870 nisi
911 1802 1006 1870 firma
1025 1802 1128 1894 ipsius
1144 1803 1269 1894 judicia
1288 1827 1394 1874 rema-

254 1920 378 1980 nerent.

295 2022 394 2089 Noto.
422 2018 533 2110 Aliqui
552 2019 727 2086 canonistas
751 2018 866 2087 volunt
887 2040 951 2086 non
974 2019 1121 2087 sufficere
1144 2039 1286 2108 errorem
1303 2043 1398 2089 coru·¹

254 2149 405 2205 munem;
430 2123 485 2192 sed
513 2125 634 2216 requiri
664 2126 797 2218 iusuper
828 2134 862 2192 ut
889 2127 948 2193 iste
976 2148 1069 2193 error
1099 2148 1164 2192 non
1190 2127 1231 2194 sit
1256 2151 1393 2196 massus.

235 2259 273 2299 u
296 2231 396 2301 Aliud
419 2239 513 2316 esset,
534 2231 640 2322 inquit
660 2230 953 2322 Schmalzgrueher
973 2231 1019 2322 (in
1039 2232 1170 2300 titulum
1190 2232 1229 2301 de
1246 2233 1394 2316 tudiciis,

255 2369 270 2405 u
294 2337 369 2408 libri
382 2342 400 2405 2
418 2337 647 2425 Decretalium,
659 2361 692 2406 n.
710 2339 779 2428 20),
791 2339 818 2406 si
834 2348 923 2428 gesta
934 2349 1040 2406 esseut
1054 2361 1073 2406 a
1086 2338 1195 2431 judice
1209 2339 1397 2410 existimato

257 2473 274 2512 o
298 2469 355 2537 per
375 2466 519 2512 crassum
544 2453 575 2511 at
595 2444 764 2536 supinum,
792 2455 848 2512 aut
870 2468 910 2512 ex
933 2443 1049 2536 liquidi
1073 2453 1105 2513 et
1132 2445 1295 2513 manifesti
1313 2447 1398 2537 juris

258 2582 274 2620 c
299 2552 483 2642 ignorantia
497 2553 752 2641 provenientem,
772 2573 935 2630 errorcm;
952 2552 1058 2644 qualis
1073 2561 1156 2621 esset
1171 2554 1198 2620 si
1211 2553 1238 2620 is
1252 2555 1309 2644 qni
1324 2577 1399 2622 sen-

260 2691 275 2724 «
299 2660 431 2728 tentiam
454 2657 598 2749 protulit,
623 2657 658 2725 in
679 2681 717 2726 eo
733 2659 803 2727 loco
821 2659 878 2727 ubi
899 2659 1048 2750 protulit,
1068 2659 1199 2751 publice
1213 2660 1397 2746 damnatus,

259 2797 275 2833 u
301 2768 351 2836 vel
368 2765 580 2834 denuntiatus
594 2774 676 2832 esset
693 2767 733 2834 de
748 2766 856 2857 aliquo
879 2765 1126 2858 impedimento,
1143 2768 1185 2834 ob
1205 2768 1292 2858 quod
1310 2769 1400 2837 iuca-

260 2902 276 2940 (ι
300 2897 363 2964 pax
379 2879 461 2939 esset
473 2869 572 2938 officii
581 2870 701 2962 judicis
717 2900 724 2939 ε
741 2894 815 2938 narn
831 2872 903 2938 talis
914 2893 1006 2939 error
1019 2871 1069 2941 vol
1083 2871 1279 2961 ignorantia,
1298 2875 1401 2942 scien-

260 3011 277 3048 «
300 2984 354 3049 tiae
362 2979 584 3070 aequiparatur
599 3005 606 3045 :
621 2979 980 3070 consequentervitium
992 2981 1327 3048 senteutiamdicentis
1337 3007 1401 3050 non

262 3117 277 3153 u
303 3087 395 3154 tollit.
409 3112 424 3147 n
438 3085 519 3152 Mihi
536 3094 643 3153 tanim
659 3087 783 3152 inutilis
800 3084 931 3154 videtur
947 3086 1018 3154 haec
1035 3088 1205 3155 restrictio.
1221 3088 1292 3156 Nou
1312 3090 1402 3156 enim

259 3196 328 3262 «lari
345 3215 438 3284 posse
454 3192 583 3260 videtur
598 3215 690 3260 error
705 3193 889 3262 communis
905 3195 960 3286 qui
976 3193 1073 3261 simul
1096 3195 1137 3262 sit
1151 3195 1196 3262 ita
1210 3218 1350 3281 crassus,
1368 3207 1405 3265 ut

260 3299 400 3369 Ecclesia
424 3321 487 3366 non
512 3298 672 3366 censenda
697 3299 738 3366 sit
761 3299 1021 3391 jurisdictionem
1045 3303 1207 3392 supplere.
1237 3302 1404 3372 Sumeudo

259 3407 347 3475 enim
375 3405 561 3495 exemplum
587 3405 709 3496 judicis
738 3406 867 3496 publice
898 3408 1182 3494 excommunicati,
1213 3409 1401 3500 hujusmodi

261 3513 447 3606 ignorantia
458 3533 563 3581 crassa
573 3521 760 3580 versaretur
770 3513 820 3580 vel
831 3514 916 3581 circa
928 3514 1048 3582 factum
1059 3513 1132 3582 talis
1142 3519 1405 3584 excommunica-

262 3622 371 3702 tionis,
390 3619 439 3688 vel
461 3620 546 3686 circa
561 3620 793 3686 consectarium
812 3621 896 3710 juris
911 3643 953 3687 ex
973 3643 1011 3688 eo
1036 3621 1153 3702 fluens,
1178 3625 1407 3691 excommuni-

262 3739 369 3798 catum
397 3747 513 3816 nempe
540 3725 683 3816 judicem
713 3726 772 3792 hoc
797 3727 868 3816 ipso
889 3726 1114 3817 jurisdictione
1143 3751 1263 3797 carere.
1291 3729 1404 3811 Quoad

265 3838 398 3921 lactum,
420 3833 471 3902 vel
492 3834 535 3899 ita
551 3833 612 3900 luit
633 3833 799 3923 publicum
818 3842 854 3900 ut
867 3834 906 3902 ad
924 3835 1072 3902 notitiam
1091 3835 1333 3904 communitatis
1349 3837 1409 3905 de-

264 3944 375 4012 venire
391 3940 551 4026 debuerit,
575 3947 606 4006 ct
621 3946 699 4006 tuuc
721 3938 792 4005 dari
814 3962 879 4007 nou
895 3949 997 4031 potest
1019 3940 1203 4030 ignorantia
1225 3947 1410 4011 communis

265 4052 338 4118 talis
368 4049 460 4135 lacti;
487 4048 538 4116 vel
567 4047 612 4115 itu
639 4045 763 4138 prolata
787 4046 849 4115 luit
870 4049 1182 4136 excommunicatio,
1208 4059 1245 4117 ut
1268 4055 1411 4141 potuerit
1517 4061 1518 4132 ξ

265 4157 529 4228 communitatem
559 4155 670 4239 latere,
694 4162 724 4220 et
751 4163 829 4224 tuuc
854 4155 1038 4244 ignorantia
1062 4179 1128 4223 uon
1152 4165 1200 4223 est
1230 4179 1351 4241 crassa,
1378 4171 1411 4228 et

266 4273 360 4358 urget
384 4262 464 4329 ratio
481 4263 627 4330 utilitatis
642 4260 794 4350 publicae,
814 4271 848 4330 ut
864 4262 1006 4330 Ecclesia
1022 4261 1078 4328 tali
1090 4263 1192 4353 judici
1205 4264 1410 4354 jurisdictio·
1517 4257 1518 4304 t
