3056 4972
277 437 338 504 166
645 459 819 504 mauranus
844 460 882 504 oa
903 459 1036 504 runicus.

273 579 383 648 statuit
404 580 469 648 [eo
490 581 523 648 X
542 581 576 648 in
599 579 690 648 hulla
708 580 890 670 chimtiri;
912 579 1029 648 debere
1056 581 1176 650 seilicet
1202 591 1416 652 conservato-

275 711 342 756 rem
363 711 444 774 esse,
463 687 497 756 in
521 687 677 756 alterutro
705 687 818 755 saltem
839 688 926 778 jure,
943 688 1107 756 doctorem
1128 689 1281 758 :sivero
1303 689 1416 758 doctor

273 818 341 864 non
361 795 415 879 sit,
435 795 477 862 ab
499 817 537 863 eo
560 795 593 862 in
616 794 832 863 consultorem
858 794 1090 862 assumendum
1117 817 1187 864 esse
1204 796 1413 885 graduutum,

274 923 412 993 eumque
429 901 574 992 partibus
588 923 654 969 non
668 911 866 993 suspectum.

320 1014 350 1076 3.
372 1008 544 1078 Praemisso
565 1009 651 1100 juris
675 1008 715 1076 dc
739 1009 1022 1077 conservatoribus
1047 1010 1221 1100 expositio,
1245 1033 1346 1100 usque
1373 1011 1416 1078 ad

274 1117 502 1184 Tridentinum
527 1115 699 1184 concilium
725 1124 789 1184 tota
803 1116 965 1205 viguerat.
988 1116 1099 1183 Patres
1119 1137 1198 1185 vero
1217 1116 1412 1202 Tridentini,

275 1223 316 1290 ad
332 1223 525 1292 coercendos
537 1222 695 1313 quosdam
710 1222 786 1289 hinc
799 1231 931 1291 exortm
945 1222 1080 1306 abusus,
1095 1223 1151 1313 jus
1165 1222 1247 1291 illud
1267 1245 1308 1292 ex
1325 1233 1417 1316 parte

275 1331 502 1400 immutarunt.
525 1329 619 1398 Unde
645 1351 733 1396 nunc
757 1329 892 1398 omnino
913 1327 1109 1396 attendenda
1129 1338 1177 1397 est
1206 1328 1302 1420 hujus
1326 1329 1417 1398 Sacri

275 1437 411 1506 Consilii
430 1435 609 1528 dispositio,
627 1435 668 1503 ad
684 1445 769 1504 recte
792 1437 1019 1504 aestimandum
1043 1437 1277 1505 conservatoris
1297 1437 1418 1528 judicis

276 1543 421 1612 officium
442 1553 473 1612 et
496 1551 696 1634 potestatem.
714 1543 772 1611 Est
796 1551 904 1611 autem
922 1543 1109 1634 hujusmodi
1129 1571 1136 1609 :
1157 1571 1173 1607 a
1190 1543 1320 1612 Nemini
1340 1567 1417 1612 om-

280 1679 297 1716 «
320 1651 401 1720 nino
416 1651 662 1742 (cujuscumque
682 1650 849 1740 dignitatis
872 1673 909 1718 ac
932 1650 1125 1718 conditionis
1144 1651 1199 1736 sit,
1214 1651 1340 1719 etiamsi
1361 1673 1419 1718 ca-

281 1761 460 1850 upitulum
485 1760 598 1850 fuerit)
624 1759 874 1828 conservatoria}
900 1759 1017 1828 litterae
1044 1761 1129 1849 (cum
1154 1759 1420 1852 quibuscumque

281 1893 298 1933 a
321 1865 473 1936 clausulis
486 1875 543 1935 aut
557 1867 707 1953 decretis,
723 1887 1005 1958 quorumcumque
1025 1865 1174 1957 judicum
1198 1867 1416 1958 deputatione,

281 2001 298 2040 c
321 1997 526 2066 quocumque
550 1975 647 2042 etiam
671 1973 736 2041 alio
751 1982 914 2064 pretextu
940 1983 996 2041 aut
1019 1973 1138 2063 colore)
1154 1997 1324 2060 concessae,
1342 1974 1418 2042 sui-

282 2111 298 2148 c
323 2082 493 2170 lragentur
506 2081 548 2149 ad
563 2081 636 2167 hoe,
654 2091 811 2148 uteorum
829 2103 889 2149 suo
905 2080 1064 2172 Episcopo
1079 2081 1148 2150 sive
1170 2080 1234 2148 alio
1251 2083 1419 2172 superiore

282 2217 298 2253 u
322 2189 496 2258 Ordinario
512 2189 547 2255 in
561 2188 785 2256 criminalibus
799 2197 830 2254 et
848 2188 960 2254 mixtis
974 2189 1081 2256 causis
1095 2188 1239 2256 accusari
1254 2195 1286 2256 et
1299 2209 1419 2256 eonve-

283 2325 299 2361 «
323 2298 400 2384 niri,
417 2320 453 2365 ac
468 2305 581 2365 contra
595 2318 669 2365 eum
692 2295 816 2386 inquiri
833 2304 865 2362 et
885 2295 1016 2387 procedi
1037 2317 1103 2362 nun
1128 2296 1248 2386 possit;
1264 2305 1321 2364 aut
1336 2319 1420 2387 qno-

284 2433 300 2470 ιι
325 2404 446 2489 minus,
463 2404 491 2470 si
516 2426 581 2495 qua
599 2404 676 2494 jura
700 2403 730 2470 ei
752 2425 792 2470 ex
813 2403 956 2470 cessione
980 2402 1217 2492 competierint,
1235 2424 1332 2493 super
1354 2403 1419 2470 illis

284 2539 300 2575 (ι
324 2512 424 2580 libere
447 2509 550 2579 valeat
574 2509 659 2599 apud
682 2509 824 2600 judicem
844 2508 1053 2577 Ordinarium
1070 2507 1248 2577 conveniri.
1273 2508 1311 2576 lu
1336 2509 1420 2576 civi-

284 2645 300 2682 o
323 2618 409 2686 libus
430 2617 528 2686 etiam
550 2617 667 2701 causis,
683 2615 710 2683 si
734 2616 802 2706 ipse
817 2627 907 2683 actor
920 2615 1077 2700 extiterit,
1092 2616 1121 2682 ei
1137 2615 1223 2706 apud
1247 2637 1322 2684 suos
1340 2620 1421 2684 con·

285 2755 301 2792 <c
325 2735 505 2794 servatores
522 2723 647 2815 jndices
668 2723 702 2789 in
716 2721 877 2814 judicium
896 2721 1024 2790 trahere
1050 2722 1183 2789 minime
1204 2721 1307 2790 liceat.
1325 2723 1420 2804 Quod

285 2861 302 2900 c
324 2835 365 2919 si,
384 2834 419 2900 in
436 2833 476 2899 iis
491 2830 598 2900 causis
611 2831 645 2897 in
660 2830 779 2920 quibus
794 2829 863 2920 ipse
877 2829 966 2897 Reus
978 2829 1087 2916 fuerit,
1099 2827 1270 2919 contigerit
1285 2840 1321 2897 nt
1335 2831 1422 2898 elec-

285 2969 301 3006 ι(
326 2949 377 3010 tus
402 2940 443 3007 ab
466 2962 504 3006 eo
527 2945 733 3006 conservator
746 2935 788 3004 ab
803 2936 920 3004 Acture
941 2945 1108 3026 suspectus
1123 2959 1192 3004 esse
1212 2935 1349 3022 dicatur,
1365 2948 1423 3004 ant

286 3078 302 3114 ι(
325 3051 432 3140 siqua
450 3047 533 3114 iuter
549 3045 636 3136 ipsos
648 3043 774 3135 judices
787 3053 1044 3111 conservatorem
1061 3051 1092 3110 et
1105 3042 1315 3111 Ordinarinm
1338 3066 1422 3112 oon-

286 3181 302 3218 «
328 3152 483 3223 troversia
507 3173 605 3240 super
628 3149 843 3240 competentia
865 3147 1100 3238 jurisdictionis
1125 3157 1195 3215 orta
1223 3149 1331 3234 luerit,
1358 3172 1423 3216 nc-

287 3290 302 3325 «
326 3281 491 3352 quaquam
515 3258 550 3324 in
572 3279 670 3324 cansa
686 3255 891 3347 procedatur,
908 3253 1011 3324 donec
1026 3277 1084 3346 per
1098 3255 1249 3341 arbitros,
1267 3255 1300 3321 in
1318 3256 1424 3322 torma

288 3395 303 3432 a
324 3367 408 3457 juris
422 3365 549 3451 electos,
566 3385 664 3455 super
678 3361 875 3453 suspicione,
891 3371 948 3429 aut
959 3360 1194 3452 jurisdictionis
1209 3365 1426 3451 competentia

287 3503 304 3539 a
327 3473 425 3542 luerit
436 3469 629 3562 judicatum.
646 3468 874 3537 Familiaribus
888 3491 965 3538 vero
981 3467 1064 3559 ejus,
1082 3468 1139 3559 qui
1161 3467 1351 3558 hujusmodi
1366 3467 1426 3535 lit-

288 3609 304 3646 «
330 3579 406 3649 teris
427 3576 675 3646 conservatoriis
695 3575 780 3643 tueri
803 3598 838 3643 se
859 3573 1158 3661 solent,nil1ilillae
1182 3574 1318 3664 prosint,
1336 3596 1426 3665 prae-

288 3716 305 3754 c
330 3697 476 3778 terquam
492 3683 621 3751 duobus
635 3681 825 3770 dumtaxat3
842 3683 868 3748 si
884 3691 991 3750 umen
1007 3681 1058 3750 illi
1072 3681 1211 3772 propriis
1224 3680 1295 3772 ejus
1310 3703 1425 3772 sump-

288 3824 305 3860 a
329 3796 414 3863 tibus
438 3791 593 3861 vixerint.
624 3789 726 3858 Nemo
751 3789 848 3857 etiam
875 3788 1030 3856 similium
1059 3787 1240 3855 litterarum
1269 3787 1428 3856 beneficio

288 3929 304 3965 α
330 3901 415 3968 ultra
436 3896 701 3990 quinquennium
716 3894 858 3984 gaudere
874 3895 986 3986 possit.
1003 3894 1076 3963 Nun
1093 3893 1186 3962 liceat
1199 3917 1329 3985 quoqne
1342 3917 1428 3964 con·

290 4004 549 4076 «servatoribus
575 4001 740 4093 judicibus
770 3999 875 4069 ndum
904 4001 1022 4069 habere
1049 3999 1192 4068 tribunal
1220 4011 1374 4069 erectum.
1405 4029 1423 4064 o

289 4115 385 4206 (Sese.
406 4115 460 4198 ll,
476 4134 505 4178 c.
527 4108 571 4200 5.)
588 4108 658 4176 Hoc
680 4107 812 4199 quidem
829 4107 1019 4176 Tridentino
1044 4107 1171 4175 decreto
1196 4107 1263 4176 fere
1285 4108 1430 4177 extincta

288 4219 493 4292 remansisset
514 4225 778 4285 conservatorum
802 4213 948 4305 judicum
975 4221 1127 4304 potestas,
1150 4213 1214 4282 nisi
1235 4222 1343 4305 patres
1362 4239 1428 4284 er-
