3030 4980
296 477 357 542 380
667 498 843 546 reserares
865 498 904 546 nn
925 497 1060 546 snmcus.

293 616 436 686 muneris
459 617 510 685 sui
532 617 752 706 amissionem,
772 618 868 710 juxta
890 627 1030 687 mentem
1056 615 1205 710 Episcopi
1225 620 1276 687 sui
1295 617 1440 709 judicet.

291 725 332 792 Et
345 724 523 814 generatim
539 724 670 816 quando
690 725 869 817 Episcopus
884 734 1052 818 suspectus
1069 735 1129 814 est,
1146 746 1258 794 omnes
1272 725 1344 817 ejus
1360 726 1443 794 offi-

290 831 387 901 ciales
411 841 443 900 et
465 833 642 902 familiares
665 855 734 901 esse
760 831 873 902 merito
897 843 1074 925 suspectos,
1098 833 1303 902 communius
1322 841 1444 902 tenent

290 939 447 1008 doctores.
466 941 569 1009 Porro
583 939 735 1009 Vioarius
749 941 911 1030 generalis
922 950 971 1008 est
985 939 1131 1010 officialis
1142 940 1306 1032 Episcopi,
1320 949 1355 1008 et
1368 940 1445 1032 ejus

288 1047 458 1116 familiaris
477 1047 657 1117 censendus
678 1056 737 1116 est.
761 1047 915 1117 Rationes
936 1049 970 1116 in
986 1049 1184 1119 contrarium
1203 1048 1270 1116 vim
1286 1069 1356 1116 non
1375 1048 1445 1116 ba-

288 1156 376 1243 bere,
393 1154 466 1224 vide
479 1155 566 1248 apud
582 1155 794 1244 Laurenium,
812 1156 907 1225 citato
922 1157 1004 1226 loco.

332 1262 477 1345 Qunsrro
501 1266 567 1330 lt'.
585 1301 631 1314 -
651 1265 741 1332 Num
762 1264 1020 1355 recusaripossit
1039 1263 1218 1355 Episcopus
1234 1284 1274 1330 es
1292 1262 1447 1354 eoquod

289 1369 375 1439 adut
396 1372 483 1440 ratio
505 1371 654 1462 lepitr'ma
672 1370 843 1439 recusandi
861 1371 933 1461 ejus
957 1371 1123 1440 Vocarium
1146 1369 1327 1462 pennulam
1352 1382 1445 1438 tun-

287 1501 388 1569 quam
403 1483 609 1570 suspectum?
623 1517 667 1532 -
685 1503 701 1542 s
716 1478 909 1571 Respondes
922 1501 1028 1570 neque
1043 1479 1078 1546 in
1093 1479 1153 1547 boc
1166 1477 1337 1546 convenire
1354 1501 1444 1546 anc-

287 1591 384 1651 tores.
404 1611 420 1648 n
440 1584 643 1674 (Lenremus,
661 1584 731 1652 loco
743 1584 851 1671 citato,
867 1608 899 1675 q.
920 1583 988 1674 sl.)
1007 1583 1087 1652 Mihi
1104 1605 1182 1650 vero
1196 1580 1323 1650 videtur
1336 1603 1387 1649 ex
1402 1605 1444 1650 eo

287 1692 418 1781 praecise
430 1690 519 1782 quod
535 1700 702 1783 suspectus
716 1692 759 1760 sit
773 1691 926 1760 Vicerins
941 1691 1113 1782 generalis,
1131 1713 1190 1782 pro
1205 1697 1354 1780 suspecto
1370 1712 1444 1758 non

288 1823 357 1868 esse
371 1799 558 1869 habendum
574 1801 784 1892 Episcopum.
802 1799 980 1891 Episcopus
996 1799 1084 1868 enim
1097 1821 1163 1867 non
1177 1796 1306 1889 pendet,
1323 1798 1443 1888 quoad
1458 1839 1460 1842 -

288 1906 547 1976 cooservandum
578 1929 698 1976 munus
726 1929 836 1994 suum,
863 1929 882 1974 a
907 1906 1038 1976 Vinaria
1067 1929 1142 1992 suo;
1168 1905 1250 1972 siout
1276 1915 1444 1974 econtra

288 2014 457 2086 Vioarinm
479 2015 522 2082 ab
542 2015 701 2106 Episcopo
720 2013 873 2107 pendere,
895 2037 994 2106 supra
1016 2013 1254 2082 adnotavimus.
1272 2011 1441 2101 Aliunde,

287 2145 383 2190 causa
403 2145 477 2214 quae
497 2122 667 2192 Vicarium
684 2121 790 2190 reddit
812 2130 1009 2214 suspectum,
1027 2128 1130 2214 potest
1150 2143 1219 2189 esse
1234 2119 1371 2187 omnino
1397 2121 1443 2187 ab

286 2228 444 2319 Episcopo
459 2229 575 2298 aliena.
599 2228 680 2311 Quis
702 2251 768 2296 non
792 2228 892 2316 videt,
916 2228 1008 2297 verbi
1023 2228 1140 2318 gratia,
1163 2227 1321 2295 rationem
1336 2247 1442 2296 recu-

286 2336 380 2403 sandi
397 2335 566 2407 Vioarium
591 2345 627 2404 ut
648 2343 846 2428 suspectum,
865 2358 906 2403 ex
922 2335 1063 2426 eoquod
1079 2335 1120 2402 sit
1138 2341 1294 2423 cognatus
1316 2333 1378 2400 oni
1395 2357 1443 2402 ex

284 2443 499 2532 litigantibus,
530 2444 664 2511 minime
693 2442 820 2510 afficere
846 2442 1041 2534 Episcopum
1068 2442 1126 2533 qui
1157 2441 1263 2510 eidem
1291 2440 1442 2530 litiganti

286 2551 472 2620 nullatenus
484 2561 531 2620 est
545 2555 724 2642 cognatns‘t
739 2551 827 2640 Ergo
843 2549 905 2616 nisi
918 2572 1015 2618 causa
1028 2549 1224 2641 suspicionis
1237 2547 1442 2617 extendatur

283 2659 382 2728 etiam
398 2659 439 2726 ad
455 2659 664 2751 Episcopum,
681 2676 889 2748 nequaquam
906 2657 934 2724 is
948 2655 1091 2724 recusari
1106 2656 1224 2746 poterit
1235 2677 1276 2723 ex
1292 2656 1440 2745 eoquod

283 2773 450 2857 suspectus
473 2767 514 2832 sit
534 2765 698 2836 Vinarius.
724 2762 861 2845 Quando
883 2771 991 2831 antem
1011 2785 1108 2830 cansa
1133 2761 1327 2854 suspicionis
1342 2784 1441 2830 com-

284 2872 393 2938 munis
405 2877 452 2939 est
466 2870 624 2962 Episcopo
637 2878 668 2937 et
680 2869 783 2961 ipsius
796 2868 940 2955 vicario,
955 2876 991 2935 ut
1004 2868 1043 2956 si,
1058 2867 1149 2935 verbi
1162 2867 1280 2956 gratia,
1295 2875 1439 2959 uterque

283 2978 375 3046 alteri
389 3001 431 3047 ex
442 2975 651 3067 litigantibus
665 2983 822 3065 cognatus
834 2976 889 3061 sit,
907 2975 1048 3042 recusari
1063 2973 1200 3065 quidem
1214 2974 1333 3064 poterit
1344 2995 1386 3041 ea
1395 2976 1439 3042 de

282 3107 379 3153 causa
391 3084 588 3175 Episcopus;
607 3091 796 3150 nouantem
814 3083 947 3174 praecise
963 3089 994 3149 et
1005 3103 1046 3149 ex
1065 3103 1103 3148 eo
1115 3081 1185 3149 solo
1197 3080 1286 3172 quod
1301 3104 1439 3172 suspec-

283 3199 335 3259 tus
350 3191 391 3259 sit
404 3191 556 3258 Vicarius
570 3188 742 3279 generalis.

327 3298 471 3381 ansuo
486 3300 553 3364 152.
569 3334 614 3347 -
628 3293 769 3380 Quando
783 3294 965 3386 Episcopus
971 3293 1086 3386 plures
1098 3293 1268 3362 constituit
1289 3295 1439 3364 Vicorios

282 3405 455 3496 pectorales,
474 3427 519 3472 aa
535 3403 755 3494 unusquisque
769 3401 890 3470 babeat
897 3401 1164 3492 jurisdictionem
1179 3401 1386 3483 insolidum,
1404 3417 1436 3471 ct

279 3513 383 3605 possit
398 3512 467 3580 siue
480 3512 555 3578 aliis
568 3532 642 3578 eam
658 3513 824 3578 sumcere?
835 3547 880 3560 -
891 3509 1012 3577 Probat
1025 3509 1208 3576 Leurenins
1223 3509 1305 3600 (loco
1320 3509 1434 3598 citato,

284 3643 316 3710 q.
341 3619 395 3710 93)
416 3618 564 3686 Vicarios
588 3616 768 3707 generales,
795 3615 926 3707 quarmo
951 3615 1061 3706 plnres
1080 3616 1339 3702 constituuntur,
1356 3637 1436 3685 een-

284 3725 348 3794 seri
372 3725 563 3793 constitutos
585 3724 621 3789 in
646 3723 807 3809 solidnm3
824 3745 860 3790 ac
884 3745 979 3814 posse
1003 3721 1140 3813 proinde
1164 3744 1438 3816 unumquemque

284 3833 405 3922 absque
428 3831 500 3898 aliis
524 3852 637 3898 causas
666 3852 859 3920 cognoscere
866 3857 875 3917 3
902 3839 933 3896 et
959 3829 1030 3898 dari
1060 3838 1295 3921 consequenter
1324 3831 1437 3901 locum

285 3937 517 4026 praeventioni;
541 3935 737 4022 itascilicet,
759 3945 796 4004 ut
820 3937 847 4004 si
872 3957 957 4005 unus
984 3958 1115 4004 causam
1141 3940 1436 4028 praeoccupaverit,

287 4051 447 4132 nequeant
472 4042 528 4110 alii
553 4042 586 4109 in
609 4065 647 4110 ea
670 4063 738 4110 sese
758 4042 984 4111 intromittere.
1011 4043 1049 4109 In
1073 4045 1169 4133 praxi
1193 4049 1303 4112 autem
1328 4045 1437 4114 solent

284 4148 434 4240 Episcopi
456 4149 583 4240 jubere,
608 4157 644 4216 ut
670 4170 756 4217 unns
780 4171 879 4217 unam
907 4149 1077 4218 dumtaxat
1095 4149 1335 4241 jurisdictionis
1358 4176 1436 4246 spe·

285 4255 382 4344 ciem,
398 4255 489 4324 verbi
509 4255 625 4344 gratia,
648 4254 865 4325 voluntariam
886 4263 1045 4344 exerceat,
1070 4256 1156 4326 alius
1177 4279 1258 4326 vero
1279 4259 1433 4352 alteram,
