3032 4976
1296 15 1502 180 *s

297 483 358 550 lit
670 501 845 551 ursmarus
869 503 908 550 ou
929 503 1063 552 matura.

298 655 314 694 a
338 623 425 720 quod
450 647 484 696 sc
506 625 625 696 referat
647 625 689 695 ad
720 626 953 718 depositionem
977 623 1174 713 invalidam3
1199 623 1443 706 decimotertio,

296 759 313 800 a
336 731 423 827 quod
440 733 474 803 iu
488 754 554 802 erno
569 733 707 802 articulo
721 732 906 824 deposuerit
920 731 1057 818 fulsum3
1075 731 1332 826 decimoquarto,
1349 731 1446 824 qnod

296 840 523 934 «deposuerit
548 839 745 932 inscriptis,
772 846 867 908 etc.»
895 839 1209 932 (Schmulzgrneber,
1241 841 1275 908 in
1298 841 1350 910 tit.
1385 843 1444 926 20,

291 947 367 1018 libri
383 951 402 1016 2
421 945 561 1032 Deerat,
579 969 612 1014 n.
634 945 724 1037 tat.)

337 1060 370 1125 l·
396 1054 611 1147 Exceptioues
633 1063 745 1124 contra
760 1060 856 1124 testes
886 1055 1072 1148 preposite,
1094 1055 1261 1126 ordinarie
1279 1077 1350 1124 uon
1377 1055 1446 1124 im·

292 1161 429 1258 pediunt
456 1183 570 1230 eorum
611 1161 826 1254 receptionem
850 1169 882 1231 et
910 1185 1068 1251 exameu;
1099 1163 1156 1234 scd
1192 1171 1295 1254 potest
1329 1161 1447 1254 judex

291 1269 505 1364 questionem
533 1267 573 1337 de
596 1267 758 1360 ejusmodi
781 1271 1026 1362 exceptionibus
1054 1270 1095 1340 nd
1117 1272 1217 1340 tinem
1237 1269 1305 1338 litis
1328 1291 1446 1339 reser-

292 1399 380 1448 vare.
399 1378 447 1446 lta
460 1385 570 1446 tenant
591 1377 810 1446 communiter
833 1379 1024 1466 canonistae,
1042 1377 1100 1472 qui
1122 1377 1334 1448 adducantin
1360 1400 1446 1470 pro-

291 1485 454 1556 bationem
474 1483 692 1554 authenticam
705 1485 746 1553 Si
766 1483 854 1554 testis
869 1483 920 1578 (de
946 1485 1097 1579 Testidus)
1113 1483 1309 1556 iustinianei
1330 1483 1445 1554 Gudi—

292 1591 351 1662 cis.
373 1617 389 1658 a
412 1591 508 1660 Ratio
532 1597 593 1678 est,
617 1590 662 1658 ait
683 1589 977 1682 Scbmalzgrueber
1002 1591 1048 1685 (in
1072 1592 1120 1660 tit.
1149 1590 1251 1680 20,1.
1280 1593 1299 1658 2
1320 1589 1443 1679 Dect,

296 1725 312 1764 e
336 1721 369 1768 n.
390 1699 480 1790 136),
496 1697 574 1791 quia
594 1697 730 1766 fortasse
745 1697 778 1765 in
801 1720 977 1790 progressu
1000 1699 1065 1768 litis
1080 1697 1205 1792 patebit
1226 1695 1313 1790 quod
1328 1695 1445 1788 judex

295 1833 312 1872 e
335 1805 432 1876 etiam
453 1805 523 1875 sine
544 1827 658 1874 eorum
680 1805 824 1894 estium,
844 1804 884 1876 de
908 1828 1049 1900 quornm
1071 1803 1274 1875 inhabilitate
1294 1805 1444 1896 opponi-

295 1941 311 1980 «
336 1921 401 1999 tur,
418 1911 685 2005 depositionibus,
705 1935 746 1980 ex
770 1911 842 1981 aliis
864 1913 1111 2006 probationibus
1132 1911 1322 1982 sententiam
1350 1911 1445 1982 ferre

295 2021 450 2114 opossit;
477 2017 622 2112 adeoque
649 2018 771 2088 trustra
799 2017 1022 2112 disputaretur
1042 2019 1083 2091 de
1112 2019 1277 2089 habilitate
1299 2017 1444 2090 illorum

296 2155 312 2196 a
337 2127 476 2197 testium.
496 2151 513 2191 a

334 2233 484 2304 Diximus
498 2233 666 2304 ordinarie
683 2261 695 2301 .·
712 2257 786 2303 nam
803 2257 840 2303 ea
856 2236 970 2327 regula
985 2235 1146 2327 generalis
1166 2236 1273 2304 locum
1291 2257 1362 2303 non
1381 2234 1443 2303 ba·
1501 2239 1502 2244 ’

289 2343 343 2416 bet
359 2342 392 2412 in
415 2341 623 2435 sequentibus
641 2341 788 2410 casibus:
807 2341 930 2434 primu
948 2343 976 2412 si
999 2343 1069 2412 testi
1094 2341 1269 2435 objiciatur
1291 2341 1444 2410 defectus
1501 2383 1502 2478 q

289 2447 448 2536 notorius,
474 2446 524 2518 vel
546 2447 689 2518 delectus
707 2449 765 2540 qui
780 2449 994 2519 incontinenti
1014 2449 1147 2542 probari
1169 2458 1288 2542 potest;
1309 2457 1445 2518 constat
1500 2527 1501 2532 ,

289 2557 572 2650 eapiteuepcrce
588 2555 800 2646 (inomao,
818 2555 1070 2625 tibriubeoret.
1088 2558 1120 2648 );
1142 2555 1291 2638 semaco,
1308 2555 1336 2622 a
1354 2557 1444 2648 asp·
1500 2537 1501 2614 l

288 2665 393 2735 cietur
419 2671 532 2734 testem
560 2685 629 2732 esse
655 2661 824 2755 capitalem
849 2663 1020 2733 inimicum
1045 2662 1136 2732 illius
1155 2663 1313 2733 adversus
1334 2685 1444 2755 quem
1499 2661 1500 2750 l

287 2771 500 2866 producitur5
527 2769 600 2840 tulis
621 2767 782 2862 siquidem
809 2771 899 2839 testis
922 2769 1032 2841 audiri
1056 2793 1123 2840 nou
1144 2770 1241 2840 debet
1260 2778 1444 2862 autequam
1498 2791 1499 2886 p

287 2879 328 2948 de
350 2877 516 2948 inimicitia
535 2875 716 2970 judicen1r3
743 2883 868 2945 consut
891 2901 933 2947 ex
957 2878 1145 2948 authentica
1167 2877 1210 2945 Si
1227 2876 1315 2945 tectis
1334 2875 1386 2968 (c.
1406 2878 1445 2948 de

291 2985 442 3066 restitas,
460 2983 482 3076 ἓ
505 2983 546 3053 Si
559 2983 660 3074 oerc);
678 2982 786 3066 tertio,
802 2985 830 3053 si
843 2985 1019 3077 objiciatur
1030 2993 1144 3054 testem
1160 3007 1230 3052 esse
1242 3001 1444 3054 excommu·
1497 2961 1498 3019 l

286 3095 428 3166 uicatum
442 3119 450 3161 ι
466 3099 643 3161 constater
658 3091 762 3183 capite
777 3091 840 3160 Pio
853 3093 900 3185 (2,
918 3091 958 3162 de
969 3091 1238 3184 deceptionibus,
1252 3092 1286 3159 in
1302 3093 1351 3180 6).
1373 3091 1442 3161 Ex·
1496 3107 1497 3155 t

287 3211 337 3272 tra
351 3203 410 3271 bos
423 3222 528 3284 casus,
546 3205 581 3268 nt
589 3197 807 3268 communiter
816 3199 963 3270 doctores
973 3207 1099 3286 nouat,
1115 3199 1150 3267 in
1162 3199 1300 3267 arbitrio
1309 3197 1441 3289 judicis
1495 3238 1496 3291 p

285 3319 346 3396 est,
362 3331 404 3378 au
415 3307 619 3399 exceptiones
633 3315 746 3376 corrtm
761 3313 857 3376 testas
872 3309 1036 3400 oppositas
1058 3329 1225 3376 reservare
1238 3305 1317 3375 velit
1341 3307 1383 3374 in
1401 3307 1441 3376 fi·
1494 3367 1495 3427 q

288 3439 363 3488 uem
377 3415 443 3484 litis
455 3413 506 3484 vel
521 3435 599 3484 nou.

330 3525 474 3608 chsrro
487 3527 534 3590 te.
552 3559 598 3574 —
614 3523 694 3605 Orsa
707 3521 750 3589 sit
762 3543 881 3589 norma
896 3521 1033 3590 tercado
1044 3519 1440 3613 quoodreprcbcticnem
1493 3521 1494 3563 l

286 3635 429 3705 leticum
445 3669 492 3684 -
505 3629 692 3722 Reprobaoe
708 3635 815 3711 testes,
833 3627 916 3698 nibil
935 3629 1025 3698 aliud
1046 3639 1096 3697 est
1116 3652 1216 3721 φιαω
1238 3651 1297 3721 per
1311 3651 1440 3721 excep-
1492 3649 1493 3699 t

286 3743 458 3811 tioneseos
478 3762 499 3806 a
523 3735 707 3806 testimonio
731 3735 865 3804 ferendo
888 3735 1056 3828 sepeliere,
1075 3736 1127 3804 vel
1146 3757 1260 3804 eornm
1285 3737 1441 3806 testimo
1491 3759 1492 3836 p

286 3849 378 3918 nium
398 3845 528 3916 elidere.
553 3843 666 3914 Testes
686 3865 769 3932 quos
789 3845 888 3912 Actor
907 3841 959 3911 vel
984 3843 1073 3912 lleus
1092 3844 1133 3912 ad
1150 3841 1336 3935 probandas
1359 3869 1441 3914 arras

288 3955 480 4024 assertiones
503 3949 648 4031 adducit,
673 3957 831 4018 vocaubrr
846 3951 1044 4042 praedatorii.
1066 3951 1103 4020 Si
1124 3961 1237 4018 contra
1258 3950 1321 4018 bos
1342 3955 1439 4020 exci-

288 4063 410 4157 piaton
432 4071 464 4130 et
484 4057 526 4128 ad
549 4056 750 4150 probandam
778 4059 977 4150 exceptionis
1004 4056 1241 4148 legitimitatem
1260 4057 1316 4126 alii
1336 4067 1439 4127 testes
1489 4037 1490 4107 l

286 4167 502 4251 adducantur,
515 4165 552 4234 bi
562 4161 782 4256 “proletarii
792 4175 1035 4256 nuncupantur.
1049 4165 1086 4232 Si
1098 4187 1178 4233 vero
1192 4175 1307 4233 contra
1316 4187 1438 4257 repro-

287 4275 429 4346 brtcrios
441 4275 527 4365 ipsos
541 4271 736 4362 excipiatur.
754 4271 831 4338 asuri
844 4271 991 4340 testesad
1001 4271 1204 4363 probandam
1216 4270 1302 4340 bane
1311 4293 1436 4366 excep-
