3030 4980
532 507 607 554 vans
634 508 779 554 sacuam.
1162 489 1223 554 tet

124 629 176 697 Ex
192 651 258 718 qua
272 629 402 697 notione
419 629 513 719 plura
529 629 634 698 lluunt
649 628 844 698 attendenda
857 628 1068 698 consectaria.

128 740 158 802 1.
177 735 307 804 Etenim
320 736 468 828 sequitur
483 737 606 807 Vioarii
625 736 751 805 foranei
773 734 1033 828 jurisdictionem
1052 759 1120 804 esse
1136 736 1190 804 del
1206 777 1224 788 -

82 855 212 934 potam,
238 865 303 912 non
331 851 441 912 autem
470 842 680 912 ordinariam.
709 843 792 912 Nam
822 843 987 912 ordinaria
1017 863 1083 910 non
1113 851 1161 910 est
1188 868 1226 914 eo

83 971 193 1037 sensu,
214 949 302 1042 quod
325 949 366 1018 sit
389 951 525 1041 ipsamet
549 948 734 1042 jurisdictio
757 949 921 1042 Episcopi,
945 949 1138 1040 qeneraliter
1163 950 1226 1042 ipsi

82 1057 269 1136 commissa3
287 1056 317 1123 ei
333 1057 454 1150 quippe
475 1057 690 1125 committitur
709 1056 868 1147 particula
888 1065 1016 1124 tantum
1036 1057 1227 1148 episcopalis

79 1162 334 1254 jurisdictionis3
357 1187 432 1254 quae
456 1163 650 1254 jurisdictio,
673 1163 700 1229 si
725 1163 788 1255 ipsi
815 1162 1041 1232 universaliter
1062 1169 1094 1230 et
1118 1163 1225 1254 quoad

85 1277 183 1340 totam
207 1270 370 1339 direcesim
395 1272 662 1357 committeretur,
682 1270 750 1362 jam
774 1293 839 1340 non
864 1269 1017 1338 foraneus
1043 1270 1100 1338 sed
1122 1293 1224 1361 gene-

83 1377 161 1444 ralis
176 1376 327 1447 Vioarius
341 1388 435 1446 esset.
449 1377 515 1446 Nec
531 1386 577 1446 est
593 1377 763 1446 ordinario
779 1399 817 1445 eo
832 1399 943 1464 sensu,
957 1375 1044 1468 quod
1060 1375 1149 1444 illam
1165 1377 1225 1445 ha-

82 1483 157 1552 heat
171 1505 191 1550 a
205 1483 276 1573 lega
296 1493 328 1552 et
343 1484 376 1552 vi
397 1483 495 1552 officii
514 1485 578 1571 sui,
595 1485 677 1552 sicut
700 1483 873 1576 parochus,
887 1482 981 1552 verbi
997 1483 1112 1572 gratia,
1129 1482 1226 1552 habet

83 1613 178 1658 suam
194 1616 200 1658 :
221 1611 298 1658 nam
313 1590 437 1659 nullam
454 1589 551 1659 habet
563 1601 682 1683 praeter
698 1613 769 1659 eam
784 1613 882 1682 quam
897 1589 932 1656 in
947 1598 1050 1658 certos
1062 1613 1155 1659 casus
1169 1590 1225 1658 de-

84 1697 267 1780 terminate,
292 1707 323 1766 et
351 1721 411 1791 pro
434 1697 568 1767 arbitrio
594 1721 666 1785 suo,
688 1699 751 1790 ipsi
777 1695 903 1766 confert
925 1697 1113 1788 Episcopus,
1136 1697 1225 1787 Ergo

84 1827 199 1874 revera
214 1805 338 1875 Vicarii
352 1805 477 1874 foranei
491 1813 642 1898 potestas,
659 1805 728 1874 sive
744 1806 860 1897 major,
878 1804 947 1872 sive
972 1804 1078 1873 minor
1094 1807 1223 1891 existat,

85 1911 168 1979 nihil
183 1911 272 1981 aliud
286 1921 334 1981 est
349 1936 447 2004 quam
463 1935 552 1981 mera
566 1912 736 2002 delegatio.
752 1913 818 1981 Neo
834 1911 971 2004 proinde
991 1911 1060 2001 ipse
1077 1921 1225 1980 censetur

83 2019 198 2088 eadem
222 2042 298 2089 cum
323 2020 482 2113 Episcopo
507 2041 733 2112 personasse
757 2020 845 2088 idem
871 2019 967 2087 habet
992 2017 1149 2106 tribunal,
1166 2042 1225 2087 nec

83 2127 231 2195 eamdem
248 2135 375 2197 exercet
391 2127 665 2219 jurisdictionem,
681 2127 736 2195 sed
756 2128 797 2195 ab
821 2126 995 2219 episcopali
1015 2127 1178 2195 diversam
1194 2139 1226 2195 et

83 2234 235 2304 divisam.

130 2346 162 2410 2.
178 2343 230 2410 Ex
249 2365 287 2412 eo
298 2365 379 2428 vero
400 2343 487 2434 quod
510 2343 613 2435 ipsius
631 2342 815 2436 jurisdictio
837 2343 878 2410 sit
902 2339 1060 2432 delegata,
1079 2341 1225 2435 sequitur

83 2449 156 2519 dari
185 2452 226 2520 ab
252 2451 354 2543 ipsius
383 2453 550 2520 sententiis
578 2451 619 2519 ad
654 2452 850 2544 Episcopum
889 2451 1156 2543 appellationem
1189 2473 1226 2517 ao

83 2558 221 2649 proinde
242 2581 335 2651 posse
360 2559 570 2652 Episcopum,
593 2559 759 2651 ipsiusque
784 2558 969 2649 generalem
991 2557 1173 2645 Vioarium,
1190 2557 1224 2624 iu

84 2665 227 2734 secunda
249 2666 402 2734 instantia
423 2689 615 2756 cognoscere
630 2675 661 2735 et
677 2665 823 2734 decidere
849 2686 974 2752 causas,
992 2663 1159 2734 aVioario
1173 2663 1225 2732 fo-

84 2794 184 2841 raneo
208 2772 377 2864 judicatas.
403 2773 558 2842 Nullitate
588 2782 697 2842 autem
721 2772 881 2842 laboraret
908 2769 1078 2863 appellatio
1104 2794 1125 2838 a
1150 2793 1224 2839 seu-

86 2881 186 2949 tentia
210 2882 334 2952 Vicarii
362 2881 486 2950 foranei
514 2881 555 2948 ad
590 2880 893 2972 Archicpiscopum,
924 2880 1043 2947 omisso
1073 2879 1224 2971 Episcopi

84 2988 227 3079 ipsiusve
240 2989 364 3057 Vioarii
385 2989 546 3077 generalis
569 2987 743 3074 tribunali;
768 3009 826 3054 neo
854 2994 961 3078 posset
985 2985 1144 3076 ejusmodi
1168 3009 1226 3076 op-

84 3095 289 3186 pellationem
317 3096 590 3188 archiepiscopus
621 3095 762 3185 recipere
788 3121 795 3161 :
820 3102 906 3162 certa
929 3094 1016 3162 enim
1039 3101 1088 3161 est
1113 3093 1226 3182 regula

84 3204 260 3292 generalis,
286 3203 410 3272 nullam
436 3203 686 3294 Archiepisoopo
710 3202 745 3270 in
771 3201 916 3270 subditos
945 3200 1225 3290 suffraganeorum

82 3310 343 3400 jurisdictionem
359 3317 551 3401 competere,
567 3310 631 3377 nisi
645 3310 681 3376 in
694 3309 820 3376 casibus
835 3331 856 3376 o
871 3310 953 3399 jore
972 3309 1127 3400 cupressis
1144 3334 1154 3373 :
1171 3309 1226 3398 jus

84 3427 194 3486 autem
209 3419 363 3508 exprimit
378 3419 510 3508 quidem
530 3427 638 3508 patere
662 3417 704 3484 ad
724 3417 1013 3507 Archiepiscopum
1033 3415 1226 3507 appellatio—

86 3549 160 3594 nem
176 3549 197 3594 a
211 3525 387 3595 definitivis
401 3526 552 3617 Episcopi
565 3525 708 3616 ipsiusve
721 3524 848 3594 Vioarii
862 3524 1021 3613 generalis
1040 3524 1222 3610 sententiis;

86 3655 152 3701 nou
170 3642 277 3702 autem
292 3657 311 3700 a
325 3633 491 3701 sententiis
507 3631 728 3721 delegatorum
750 3631 791 3698 ah
812 3631 983 3723 Episcopo,
1002 3631 1144 3723 ipsiusve
1166 3653 1227 3720 ge-

87 3740 190 3808 nerali
206 3740 349 3810 Vioario.

133 3851 163 3914 3.
193 3847 274 3915 Item
304 3869 346 3916 ex
375 3871 413 3916 eo
442 3845 531 3938 quod
560 3845 739 3935 delegatam
770 3845 940 3913 dumtaxat
965 3844 1226 3936 jurisdictionem

87 3955 204 4023 habeat
217 3953 369 4022 Vicarius
390 3954 555 4038 foraneus,
571 3954 718 4042 sequitur
733 3950 895 4043 ejusmodi
910 3950 1146 4042 jurisdictionis
1167 3977 1227 4022 ex-

87 4062 278 4147 tensionem,
295 4082 361 4128 non
385 4083 426 4128 ex
447 4061 535 4152 jure,
553 4059 609 4128 sed
624 4082 665 4126 ex
690 4057 843 4127 mandato
866 4058 1019 4150 Episcopi
1041 4081 1110 4128 esse
1132 4082 1230 4151 repe-

87 4165 219 4234 tendam
243 4175 274 4232 et
294 4163 535 4232 dimetiendam.
552 4165 635 4233 Nam
658 4171 784 4232 tantum
805 4170 909 4254 potest
929 4161 1107 4252 delegatus,
1124 4188 1229 4256 quan·

88 4282 158 4340 tum
174 4272 209 4340 in
225 4271 328 4362 ipsius
352 4271 503 4340 mandato
525 4293 713 4340 concessum
737 4269 911 4362 reperitur,
927 4277 959 4339 et
974 4292 1041 4339 non
1061 4271 1202 4363 amplius
1219 4299 1227 4341 z
