3046 4962
576 445 650 492 enas
673 445 778 491 rama.
1210 423 1250 492 li

108 559 149 631 ad
163 563 328 656 publicam
345 565 396 634 vel
417 572 574 634 secretam
596 566 769 660 culparum
788 585 923 634 suarum
945 565 1194 654 contessionem,
1209 589 1252 635 na

109 669 294 762 alioquinin
305 671 429 764 judicio
440 673 481 742 ab
492 673 735 744 accusatoribus
746 673 911 761 conventi,
926 672 1134 764 gravioribus
1146 674 1252 766 paenis

111 775 354 868 plecterentur:
381 779 459 848 inde
484 779 574 850 enim
600 781 647 851 sic
670 787 783 850 contra
810 780 919 873 ipsum
944 779 1148 870 arguimus:
1173 803 1253 872 ergo

111 889 187 970 erat,
204 893 328 976 praeter
349 887 607 978 poenitentialem
630 887 753 975 lorum,
770 887 861 957 alind
880 887 1056 980 judiciam,
1073 887 1254 980 etquidem
1340 957 1342 960 .

111 992 365 1080 contentiosum,
395 995 438 1064 ad
464 995 551 1087 qnod
578 1018 637 1088 per
669 1003 871 1064 accusatores
898 1017 974 1065 reus
1002 994 1188 1064 vocabatur.
1213 995 1254 1066 Et

111 1121 265 1190 magnum
291 1109 375 1170 certe
397 1101 572 1170 discrimen
599 1101 683 1172 iuter
710 1102 882 1195 utriusque
906 1101 970 1171 tori
992 1101 1198 1190 sententiam,
1220 1109 1253 1170 et

109 1205 303 1298 pmcedendi
318 1207 452 1278 modum
471 1237 479 1278 ι
498 1209 532 1278 in
547 1211 619 1279 toro
639 1209 854 1301 punitentiali
878 1209 1164 1301 pronuntiabatur,
1180 1219 1253 1302 post

110 1322 270 1406 peractam
290 1317 528 1409 peanitentiam,
546 1317 705 1388 sententia
719 1316 931 1388 absolutionis
951 1345 958 1386 :
976 1316 1010 1384 in
1026 1316 1098 1386 foro
1116 1326 1253 1388 conten·-

108 1421 188 1490 tiosn
207 1423 493 1514 pronuntiabatur,
509 1433 582 1516 post
604 1423 778 1517 probatum
801 1425 940 1512 crimen,
955 1424 1008 1492 vel
1026 1425 1253 1494 condemnatio

109 1529 147 1598 ad
174 1551 289 1621 parnas
314 1531 512 1623 peanitentiae
538 1532 699 1625 publiea,
724 1531 778 1600 vel
803 1531 1109 1619 excommunicatio,
1133 1532 1185 1601 vel
1212 1532 1253 1626 (si

109 1659 182 1706 reus
198 1644 282 1706 esset
295 1637 336 1706 de
349 1638 446 1730 clerc)
462 1638 643 1732 suspensio,
661 1637 819 1731 depositio
834 1645 891 1706 aut
906 1637 1105 1728 degradatio.

150 1745 227 1814 Furi
254 1746 483 1838 poeuiteutialis
507 1745 702 1817 exercitium
728 1745 763 1815 in
788 1767 827 1815 en
851 1753 932 1831 erat,
955 1755 992 1814 ut
1016 1744 1196 1838 Episcopus
1209 1747 1254 1838 (et

109 1860 219 1944 postea
244 1853 522 1944 Poenitentiarius)
546 1853 734 1943 invigilaret
758 1860 789 1922 et
815 1860 1016 1944 procuraret,
1041 1853 1253 1944 paenitentem

111 1957 189 2046 (sive
204 1958 290 2029 ultro
311 1959 448 2029 crimina
473 1983 532 2029 sua
551 1961 772 2047 confitentem,
789 1957 859 2027 sive
874 1957 913 2027 dc
930 1957 969 2026 iis
984 1957 1155 2049 injudicio
1170 1981 1253 2030 con-

108 2067 258 2155 victum),
269 2067 375 2158 poenis
386 2089 405 2136 a
418 2067 600 2137 canonibus
613 2065 742 2137 statutis
755 2064 868 2154 subdi;
883 2089 949 2158 quo
965 2074 1107 2158 peracto,
1118 2066 1252 2158 Episco-

109 2194 170 2262 pus
183 2180 241 2240 aut
261 2172 524 2244 Poenitentiarius
543 2171 780 2242 absolutionem
800 2172 1028 2264 impertiendo,
1046 2173 1254 2264 poeniteutem

110 2279 259 2350 Fcclesiee
274 2279 512 2350 reconciliabat.
531 2279 607 2350 Feri
621 2285 732 2349 autem
746 2279 938 2348 contentiosi
957 2278 1149 2348 exercitium
1166 2281 1200 2350 in
1216 2303 1255 2350 eo

109 2394 189 2472 erat,
205 2395 244 2454 ut
261 2385 302 2454 de
323 2385 433 2478 aliquo
459 2385 600 2455 facinore
625 2393 805 2472 accusatus,
822 2384 874 2455 vel
900 2407 960 2478 pro
983 2407 1081 2454 causa
1105 2384 1193 2455 civili
1219 2387 1253 2455 in

106 2491 270 2583 judicium
297 2503 440 2580 vocatus,
456 2515 475 2562 a
491 2492 600 2584 judice
624 2492 837 2562 ecclesiastico
862 2492 902 2560 ad
925 2492 1179 2584 comparendum
1195 2515 1254 2564 vo-

109 2608 251 2687 caretur,
266 2598 450 2692 auditisque
471 2599 665 2669 testimoniis
679 2606 712 2670 et
725 2605 902 2669 contestata
914 2599 986 2685 lita,
1003 2600 1161 2669 sententia
1176 2621 1256 2692 pro·

110 2706 328 2777 nuntiaretur.
342 2707 414 2790 Qun
426 2715 510 2776 certe
522 2715 610 2799 patet
624 2705 795 2798 utriusque
807 2705 870 2776 lori
886 2705 1062 2775 discrimen
1076 2713 1109 2775 ct
1124 2707 1254 2776 diversa

109 2813 261 2882 conditio.
276 2813 342 2882 Nec
355 2814 481 2884 dicatur
492 2813 683 2884 sententiam
694 2813 729 2882 in
741 2813 826 2901 loru,
838 2812 927 2905 quod
941 2835 1002 2881 nos
1016 2813 1252 2882 contentiosum

108 2916 261 3006 dicimus,
276 2918 533 3010 pronuntiatam,
550 2918 634 2988 nibil
648 2918 741 2987 aliud
764 2918 865 2987 inisse
885 2939 985 3009 quem
1010 2916 1254 2986 condemnatio-

108 3047 182 3094 nem
198 3025 239 3094 ad
260 3025 465 3095 subeundam
480 3026 643 3117 publicam
665 3025 890 3116 pmnitentiam
910 3050 917 3090 :
936 3045 1013 3092 nam
1026 3024 1149 3115 primo,
1166 3047 1254 3116 saepc

109 3131 238 3200 diversa
258 3141 343 3219 erat;
370 3139 408 3202 ut
436 3131 580 3225 quaudo,
598 3131 691 3200 verbi
715 3130 835 3222 gratia,
861 3132 950 3200 Reus
976 3130 1094 3222 aliquis
1119 3130 1254 3200 clericus

109 3237 217 3308 officio
231 3238 422 3332 privabatur
437 3247 469 3308 et
490 3238 608 3328 gradu
625 3237 788 3319 Secundo,
806 3237 905 3306 etiam
918 3237 1051 3330 qnando
1071 3235 1255 3307 damnaba-

111 3353 164 3414 tur
175 3346 265 3415 Reus
279 3343 320 3413 ad
336 3345 540 3416 subeundam
563 3345 788 3438 peonitentiam
810 3344 990 3437 publicam,
1007 3343 1097 3413 aliud
1114 3353 1182 3414 erat
1194 3345 1254 3436 ju-

110 3449 231 3520 dicium
260 3450 387 3520 forense
410 3460 442 3520 ct
465 3453 718 3539 contentiosum,
742 3451 830 3543 quod
854 3473 912 3544 per
938 3450 1035 3520 talem
1063 3452 1255 3521 sententiam

112 3557 258 3646 liniebat,
275 3566 307 3626 et
321 3557 411 3628 aliud
428 3559 498 3652 ipsa
520 3557 712 3651 paenitentia
735 3558 865 3650 publica
887 3557 1004 3626 ctiori
1025 3558 1255 3650 peanitentialis

111 3665 315 3752 exercitium,
331 3689 407 3758 quae
430 3674 507 3736 tunc
532 3665 704 3736 dumtaxat
725 3665 936 3758 incipiebant,
953 3663 1085 3757 quando
1107 3665 1255 3735 absoluta

112 3781 143 3842 et
155 3771 290 3842 definita
304 3793 401 3842 causa
415 3773 521 3842 iuerat
534 3771 570 3842 in
584 3773 655 3842 foro
671 3771 884 3842 contentioso.

634 3953 655 4044 ξ
677 3953 735 4022 ιιι.

332 4090 516 4153 Argumentum
532 4101 564 4140 ex
581 4085 660 4138 variis
675 4087 724 4138 bac
740 4085 773 4138 de
789 4099 818 4138 re
834 4085 1037 4138 delinitionibus.

159 4213 317 4296 Quamvis
330 4213 468 4308 alicujus
479 4211 711 4302 universitatis,
722 4211 893 4284 conciliive
905 4209 1110 4310 particularis
1127 4211 1254 4284 decreta
