3032 4976
288 457 350 522 ate
662 479 835 527 reimarus
858 481 897 527 or
919 481 1052 528 inntens.

289 627 306 664 c
329 609 438 670 tamen
455 621 519 669 uon
533 601 689 692 probant;
706 611 803 694 prout
819 609 907 694 patet
921 625 963 672 ex
977 603 1080 696 capite
1094 607 1195 673 sons
1207 605 1263 692 ts,
1278 609 1311 670 et
1324 601 1438 694 capite

290 733 307 772 c
332 709 417 776 Cum
433 707 568 778 dilectus
583 712 637 797 32,
651 708 691 778 de
704 709 808 778 Elect.
832 735 849 775 s

328 815 470 897 Οωπο
486 821 532 886 5⁸.
548 854 592 869 -
609 818 718 901 Οιιαηι
731 817 800 886 vim
811 817 981 910 potandi
1001 818 1146 888 Ιιαῠεαηι
1166 830 1259 887 testes
1272 817 1338 886 sibi
1354 817 1442 908 ipsis

284 921 464 990 contrarii?
485 960 529 974 -
552 922 683 1014 Duplex
708 922 939 1014 distinguenda
964 926 1205 996 contrarietas:
1229 923 1363 992 testium
1395 921 1442 991 ad

285 1031 440 1119 invicem,
457 1039 489 1100 et
504 1032 592 1100 testis
607 1054 681 1101 cum
697 1033 815 1125 seipso,

328 1138 354 1206 Ι.
385 1140 488 1208 Casus
514 1139 757 1209 contrarietatis
785 1141 916 1210 testium
944 1141 992 1211 cd
1018 1141 1167 1211 invicem.
1200 1140 1307 1210 -Si
1339 1140 1442 1233 quod

284 1243 448 1314 affirmant
470 1245 571 1338 aliqui
593 1255 699 1334 testes,
717 1258 836 1338 negent
857 1248 925 1335 alii,
941 1248 1174 1318 attendendum
1198 1256 1245 1316 est
1267 1271 1308 1316 an
1331 1255 1442 1316 testes

283 1352 328 1420 sic
355 1352 562 1424 adinvicem
590 1355 742 1423 contrarii
770 1354 919 1446 producti
946 1356 1011 1424 sint
1039 1356 1080 1424 ab
1105 1356 1236 1445 eodem,
1259 1377 1301 1424 an
1326 1378 1351 1422 a
1380 1354 1442 1422 di-

283 1460 397 1528 versis.

327 1568 368 1634 Si
386 1569 492 1659 prins,
510 1568 605 1638 debet
615 1569 719 1662 judex
736 1593 911 1640 numerum
934 1579 966 1640 et
991 1570 1181 1662 qualitatem
1206 1569 1333 1639 testium
1353 1593 1442 1663 per-

284 1676 435 1768 pendere.
458 1677 496 1745 ln
517 1679 623 1746 causis
647 1685 755 1746 umen
775 1678 1012 1766 criminalibus,
1029 1701 1103 1746 cnm
1123 1679 1331 1770 requirantur
1350 1701 1441 1770 pro-

284 1781 428 1853 bationes
449 1784 649 1872 clarissimae,
663 1785 797 1856 eliditur
820 1785 1040 1855 testimonium
1057 1785 1288 1877 deponentium
1311 1795 1441 1854 contra

283 1889 401 1977 Reum,
425 1892 452 1960 si
477 1893 545 1980 alii,
568 1893 629 1961 etsi
654 1916 790 1962 numero
814 1895 995 1986 pauciores,
1021 1895 1220 1962 contrarium
1247 1892 1436 1985 deponant.

287 2024 304 2062 c
325 1997 399 2066 Non
422 2007 526 2090 potest
551 2007 661 2068 autem
685 2001 798 2090 negari
824 2002 881 2092 (eit
902 2000 1207 2090 Schmalzgrueber,
1231 2003 1265 2067 in
1287 2001 1335 2068 tit.
1373 2005 1438 2087 20,

285 2131 302 2171 c
325 2104 400 2172 libri
421 2109 440 2172 2
461 2107 604 2194 Decret,
622 2129 654 2174 n.
677 2108 765 2199 107),
781 2107 868 2199 quod
895 2108 923 2175 si
946 2115 1009 2176 tres
1033 2107 1196 2199 deponant
1217 2106 1257 2175 de
1274 2106 1437 2194 crimine,

285 2238 301 2276 c
325 2211 390 2281 duo
404 2222 512 2282 autem
527 2215 617 2284 omni
631 2217 820 2308 exceptione
839 2215 977 2308 majores
991 2239 1051 2309 pro
1070 2216 1152 2303 Re0,
1171 2215 1317 2307 priorum
1331 2216 1438 2284 testi-

285 2346 302 2384 c
326 2321 472 2390 monium
493 2321 690 2392 debilitetur.
717 2351 733 2388 s

324 2429 366 2496 Si
385 2431 558 2522 posterius,
582 2431 615 2501 id
631 2440 691 2520 est,
709 2433 736 2500 si
750 2432 791 2501 ab
805 2441 912 2500 actore
938 2456 995 2502 seu
1019 2439 1204 2525 promotore
1226 2429 1326 2499 fiscali
1346 2453 1438 2521 pro·

278 2535 366 2604 ducti
394 2537 459 2606 sint
485 2540 542 2630 qui
570 2538 745 2627 affirmant,
774 2549 807 2608 et
835 2564 854 2608 a
882 2541 950 2609 Reo
981 2539 1041 2632 qui
1070 2546 1203 2629 negant,
1231 2546 1262 2606 et
1290 2537 1438 2630 quidem

280 2642 397 2734 aequali
425 2667 574 2734 numero,
592 2645 687 2715 debet
708 2647 825 2738 judex,
849 2647 972 2716 caeteris
997 2647 1143 2739 paribus,
1165 2643 1297 2714 credere
1321 2644 1438 2737 depo-

279 2751 432 2820 nentibus
457 2753 492 2819 in
514 2753 659 2822 levorem
676 2754 750 2842 Rei3
769 2753 847 2845 quia
862 2777 978 2845 nempe
1000 2754 1095 2822 istius
1114 2761 1272 2821 causaest
1294 2752 1333 2820 de
1346 2753 1436 2842 jure

278 2857 487 2927 favorabilior
504 2861 617 2950 (capite
633 2863 688 2929 Ee
702 2861 819 2930 litteris
836 2865 866 2948 3,
885 2861 924 2929 de
938 2860 1100 2951 Probat).
1117 2861 1165 2928 Ea
1185 2869 1293 2928 tamen
1309 2862 1436 2948 regula

277 2967 499 3058 exceptionem
524 2967 645 3059 patitur
666 2968 773 3061 quoad
799 2991 911 3036 causas
942 2968 1125 3060 specialiter
1145 2966 1356 3058 favorabiles,
1378 2970 1436 3036 uti

277 3087 353 3141 sunt
388 3097 494 3144 causae
529 3075 744 3164 matrimonii,
776 3075 873 3164 dotis,
905 3075 1075 3162 libertatis,
1103 3075 1268 3163 Ecclesim,
1296 3099 1435 3168 paupe-

279 3203 366 3267 rum,
384 3191 444 3251 etc.

323 3291 365 3360 ΙΙ.
387 3295 487 3361 Casus
510 3293 598 3361 testis
620 3292 683 3360 sibi
705 3292 769 3384 ipsi
795 3291 965 3360 contrarii.
989 3329 1032 3341 -
1057 3289 1118 3362 Vel
1144 3290 1206 3358 sibi
1233 3291 1434 3360 contradicit

276 3399 367 3467 testis
381 3407 554 3491 antequam
569 3400 697 3468 recedat
712 3424 731 3469 a
743 3399 865 3491 judice,
884 3398 936 3467 vel
952 3407 1073 3491 postea.
1093 3398 1134 3466 Si
1140 3397 1251 3490 prius,
1269 3396 1430 3468 standum

278 3515 325 3573 est
341 3506 511 3598 posteriori
526 3507 614 3576 testis
632 3506 844 3599 depositioni;
862 3507 938 3597 quia
959 3503 1046 3597 quod
1070 3506 1105 3572 in
1125 3505 1324 3574 contrarium
1339 3504 1432 3574 dixit

278 3613 474 3682 censendum
497 3623 545 3682 est
565 3614 626 3706 ipsi
643 3635 685 3680 ex
707 3611 944 3680 inadverteutia
966 3610 1139 3699 excidisse,
1153 3634 1229 3680 cum
1246 3610 1327 3680 illud
1352 3621 1430 3681 sta—

278 3721 336 3789 tim
363 3723 516 3812 corrigat.
540 3723 581 3790 Si
601 3721 775 3814 posterius,
799 3719 1128 3810 subdistinguendum
1153 3727 1200 3786 est
1226 3747 1233 3788 :
1261 3719 1312 3789 vel
1334 3721 1428 3790 enim

277 3825 472 3918 depositioni
492 3851 560 3896 sum
577 3826 767 3896 contradicit
783 3824 971 3917 injudicio,
989 3848 1064 3893 cum
1081 3846 1197 3917 nempe
1217 3823 1258 3893 ad
1277 3825 1428 3918 judicem

282 3935 428 4023 (notabili
442 3935 609 4026 interjecto
624 3932 806 4024 intervallo)
823 3933 918 4022 redit,
935 3933 985 4003 vel
1001 3945 1095 4000 cetra
1105 3931 1286 4023 judicium.

326 4041 361 4111 Si
383 4055 477 4111 entre
494 4041 678 4135 judicium,
704 4040 889 4110 adhibenda
915 4041 1023 4133 potius
1049 4050 1096 4108 est
1122 4037 1201 4107 fides
1225 4039 1427 4132 depositioni

279 4148 368 4216 testis
383 4149 553 4241 injudicio
569 4149 716 4241 prolatae.

323 4255 359 4325 Si
374 4255 410 4325 in
423 4255 555 4348 judicio
580 4256 722 4348 priorem
749 4279 842 4326 suam
859 4253 1094 4347 depositionem
1110 4261 1224 4344 mutet,
1241 4253 1424 4324 videndum
