3046 4962
295 427 331 493 ll
664 454 838 502 rescrnrus
862 455 900 500 ns
922 455 1056 502 romeus.

290 571 384 656 ritus,
411 573 469 662 qui
492 574 630 663 postulet
655 574 778 666 aliquid
799 575 968 667 descripta
989 577 1105 668 J'udioii
1126 578 1241 652 forme
1264 577 1372 669 adjici,
1395 583 1431 646 ut
1512 569 1513 578 ¹

288 678 450 769 judicium
465 682 596 773 proprie
610 682 731 751 dictum
747 683 812 752 dici
829 685 944 753 merito
959 685 1060 776 possit
1075 694 1108 754 et
1121 683 1246 754 debeat.
1262 686 1331 754 Nisi
1352 709 1431 776 ergo

291 785 429 856 velimus
445 788 586 856 indebite
602 789 704 882 loqui,
720 799 752 860 et
766 791 937 861 arbitrarie
950 814 1082 861 sensum
1096 791 1183 861 illius
1196 793 1285 861 vocis
1299 815 1431 884 perver-

291 903 356 961 tere
368 903 399 962 et
412 895 597 983 immutare,
608 920 783 988 agnoscere
796 900 965 986 debemus,
978 901 1013 969 in
1027 900 1185 970 sententia
1196 900 1341 991 prefatis
1353 923 1431 969 con-
1513 901 1514 914 ³

289 998 467 1069 ditionibus
483 1004 609 1092 vestite,
625 1011 725 1075 totam
741 1005 877 1098 reperiri
896 1006 1036 1074 forensis
1047 1005 1162 1098 judicii
1177 1006 1348 1075 essentiam
1363 1006 1432 1076 sive

191 1141 194 1149 ·
289 1115 451 1176 naturam.
477 1109 571 1192 Quod
591 1111 722 1202 quidem
745 1135 810 1181 non
830 1112 965 1206 impedit
986 1113 1067 1206 quin
1087 1114 1194 1203 alege
1217 1113 1340 1204 possint
1357 1113 1431 1181 aliae

290 1221 386 1305 atque
408 1215 481 1286 eliae
504 1240 563 1309 pro
584 1219 685 1287 variis
707 1221 849 1288 msoeriis
875 1220 1043 1310 praescribi
1063 1220 1287 1306 formalitates,
1311 1219 1433 1311 quibus
1514 1247 1515 1286 i

289 1321 417 1391 omissis
428 1323 558 1392 irritum
574 1333 607 1393 et
625 1327 748 1395 nullius
764 1327 897 1396 effectus
909 1328 1074 1419 judicium
1088 1327 1270 1396 declaretur
1286 1353 1293 1394 :
1307 1336 1340 1395 at
1354 1349 1433 1397 vero

290 1436 380 1514 tuuc,
398 1429 571 1520 judicium,
594 1435 805 1525 quantumvis
824 1435 934 1526 ajure
954 1435 1094 1526 positivo
1114 1434 1278 1520 irritetur,
1298 1433 1433 1503 minime

288 1558 309 1602 a
328 1544 445 1605 nature
464 1546 496 1606 et
513 1540 674 1608 essentiali
699 1541 883 1611 conditione
901 1541 1016 1634 judicii
1038 1541 1158 1612 deficit.
1177 1541 1218 1609 Et
1238 1548 1323 1610 certe
1337 1541 1430 1632 judi-

287 1642 337 1710 cia
362 1643 458 1712 etiam
486 1645 520 1713 in
547 1647 667 1738 quibus
695 1671 808 1716 omncs
831 1649 915 1740 juris
943 1649 1072 1740 positivi
1097 1648 1307 1718 formalitates
1331 1670 1433 1716 accu-

289 1758 357 1816 rate
377 1757 512 1820 servetae
527 1751 677 1840 fuerunt,
700 1755 875 1846 aliquando
890 1779 909 1823 e
922 1756 1084 1825 tribunali
1099 1755 1263 1846 superiori
1278 1763 1433 1845 tanquam

290 1857 408 1949 injuste
427 1869 458 1927 et
480 1881 522 1928 ex
542 1883 652 1930 errore
670 1861 792 1954 judicis
805 1862 930 1954 prolata
947 1863 1199 1932 rescinduntur:
1213 1885 1310 1930 uerno
1324 1869 1434 1930 tamen

290 1973 338 2032 est
358 1966 414 2057 qui
431 1974 526 2058 neget
541 1991 580 2037 ea
593 1989 670 2038 vere
684 1969 785 2039 luisse
798 1968 934 2062 judicia,
950 1978 1007 2039 aut
1020 1970 1078 2061 qui
1091 1969 1202 2038 eadem
1220 1969 1285 2038 alio
1301 1969 1432 2037 nomine
1516 2061 1517 2068 ἵ

289 2081 393 2140 vocet.
1014 2125 1017 2132 ‚

336 2185 366 2247 9.
384 2180 434 2249 Ex
446 2181 626 2273 praemissis
640 2191 749 2251 autem
762 2185 865 2252 facilis
876 2184 1014 2254 efficitur
1025 2183 1067 2252 ed
1079 2189 1242 2251 reclamet
1256 2181 1432 2272 genuinam

290 2286 427 2354 forensis
447 2288 565 2379 judieii
587 2289 810 2360 definitionem
830 2313 973 2382 gressus.
997 2291 1044 2358 Ea
1065 2310 1182 2380 nempe
1200 2309 1260 2380 pro
1284 2295 1433 2356 accurata

289 2393 389 2485 recipi
410 2394 543 2464 debebit
565 2395 723 2483 definitio,
744 2421 819 2490 quea
840 2419 953 2466 omnes
978 2407 1010 2465 et
1032 2397 1115 2466 solas
1140 2417 1240 2486 supra
1261 2394 1433 2464 recensitas

288 2499 433 2594 quinque
445 2503 646 2572 conditiones
657 2503 742 2573 clare
754 2504 928 2597 exprimet.
939 2503 1046 2589 Quod,
1061 2505 1146 2572 inter
1157 2503 1237 2570 alias
1249 2524 1323 2593 quae
1334 2523 1433 2570 exco·
1517 2553 1518 2558 η

289 2607 385 2694 giteri
404 2618 546 2700 possent,
566 2619 722 2701 praestare
737 2611 814 2678 setis
828 2610 958 2678 videtur
980 2610 1049 2678 haec
1063 2609 1204 2679 formula
1219 2635 1227 2675 ι
1238 2607 1376 2699 judicis,
1393 2607 1434 2675 dc

283 2713 365 2803 jure
379 2715 421 2782 ad
439 2717 553 2783 Actore
567 2729 680 2785 contra
694 2720 797 2785 licum
810 2729 985 2808 pretereo,
998 2717 1173 2808 premissa
1190 2714 1431 2806 deceptatione,

289 2823 459 2888 sententia.
478 2821 540 2890 Per
554 2845 609 2892 ees
624 2845 718 2892 voces
732 2824 894 2892 sententia
909 2822 1038 2914 dejure
1046 2823 1243 2916 exprimitur
1254 2821 1367 2914 prima
1381 2843 1434 2888 es·

289 2927 432 2996 scutiolis
450 2929 606 3015 conditio,
624 2939 660 2997 ut
682 2952 797 3021 nempe
817 2930 975 2998 sententia
993 2931 1036 2998 sit
1049 2929 1091 2998 de
1111 2951 1149 2998 eo
1167 2927 1254 3020 quod
1274 2927 1371 2996 alicui
1391 2949 1433 2994 ax

285 3032 360 3124 jure
375 3033 521 3104 debetur.
536 3035 612 3105 Vox
619 3034 757 3127 judicis,
773 3035 918 3104 secunde
933 3034 1110 3104 conditioni
1127 3033 1292 3118 satisfacit,
1303 3055 1368 3124 qua
1382 3053 1435 3100 ra-

289 3140 431 3230 quiritur
450 3150 485 3210 ut
502 3143 659 3212 sententia
673 3141 797 3211 feratur
810 3166 831 3210 a
845 3164 984 3234 persona
998 3141 1040 3211 ed
1055 3141 1254 3211 reddendam
1274 3139 1434 3232 justitiam

290 3248 437 3337 legitime
459 3251 633 3318 constituta
662 3277 670 3317 ε
701 3251 877 3318 nonenim
901 3259 1036 3319 vocatur
1053 3249 1155 3341 judex
1180 3249 1248 3317 nisi
1270 3249 1312 3316 ed
1338 3268 1435 3317 exer-

290 3354 425 3422 cendem
439 3355 599 3447 justitiam
613 3356 756 3444 legitime
771 3358 894 3448 positus
911 3365 968 3425 eut
981 3355 1165 3448 deputatus.
1185 3355 1292 3423 Tertia
1310 3377 1387 3422 vero
1404 3363 1435 3421 et

293 3474 413 3552 gerarte
436 3461 577 3532 conditio
597 3463 718 3555 pariter
740 3463 977 3555 adimplentur,
1001 3461 1081 3531 dum
1104 3463 1236 3530 edditur
1257 3461 1300 3530 ab
1323 3462 1436 3529 Actor-c

292 3582 406 3638 contra
420 3573 524 3639 Reum
533 3583 708 3662 pretence.
736 3571 859 3654 Quinta
877 3569 1020 3655 tandem,
1045 3569 1124 3638 dum
1145 3567 1328 3661 subjicitur,
1345 3591 1436 3660 pree·

294 3675 392 3744 mism
412 3675 653 3768 disceptatione.

340 3786 391 3852 10.
408 3784 570 3854 Caeterum
579 3783 725 3876 exposita
739 3783 780 3853 de
794 3793 912 3854 natura
921 3783 1036 3875 judicii
1047 3782 1207 3870 doctrina,
1222 3803 1296 3851 oum
1309 3805 1347 3850 ea
1357 3805 1436 3850 con-

293 3898 386 3960 sonat
408 3913 484 3983 qum
505 3914 525 3959 a
548 3891 691 3983 probatis
711 3891 900 3961 doctoribus
915 3890 1131 3960 communiter
1152 3889 1237 3958 tradi
1260 3889 1356 3977 solet;
1380 3890 1438 3980 qui

293 3998 394 4067 variis
404 3999 477 4067 licet
489 3999 639 4068 formulis
651 4007 796 4088 utantur,
807 3999 893 4068 idem
907 4009 1013 4068 temen
1027 3997 1135 4090 quoad
1146 4021 1218 4066 rem
1228 3997 1436 4089 exprimunt3

295 4116 331 4176 ut
344 4107 420 4175 satis
434 4107 556 4197 patebit
566 4129 608 4174 ex
622 4107 733 4197 paucis
747 4128 830 4197 quas
845 4106 1037 4199 subjicimus
1049 4103 1165 4196 judicii
1177 4103 1436 4190 definitionibus,

293 4213 412 4306 passim
428 4213 462 4282 in
478 4235 591 4283 eorum
608 4213 736 4304 scriptis
754 4213 998 4284 occurrentibus
1018 4239 1025 4280 :
1044 4211 1198 4302 legitime
1212 4211 1437 4280 controversie
