<?xml version="1.0" encoding="UTF-8"?>
<!DOCTYPE html PUBLIC "-//W3C//DTD XHTML 1.0 Transitional//EN"
    "http://www.w3.org/TR/xhtml1/DTD/xhtml1-transitional.dtd">
<html xmlns="http://www.w3.org/1999/xhtml" xml:lang="en" lang="en">
 <head>
  <title>
</title>
<meta http-equiv="Content-Type" content="text/html;charset=utf-8" />
  <meta name='ocr-system' content='tesseract 3.04.00' />
  <meta name='ocr-capabilities' content='ocr_page ocr_carea ocr_par ocr_line ocrx_word'/>
</head>
<body>
  <div class='ocr_page' id='page_1' title='image "./tractatusdejudi01goog_0301.png"; bbox 0 0 3032 4976; ppageno 0'>
   <div class='ocr_carea' id='block_1_1' title="bbox 283 427 1047 494">
    <p class='ocr_par' dir='ltr' id='par_1_1' title="bbox 283 427 1047 494">
     <span class='ocr_line' id='line_1_1' title="bbox 283 427 1047 494; baseline -0.001 -2"><span class='ocrx_word' id='word_1_1' title='bbox 283 427 346 492; x_wconf 81' lang='lat'><strong>290</strong></span> <span class='ocrx_word' id='word_1_2' title='bbox 654 445 829 492; x_wconf 75' lang='lat' dir='ltr'><strong>macrinus</strong></span> <span class='ocrx_word' id='word_1_3' title='bbox 853 447 891 493; x_wconf 85' lang='lat' dir='ltr'><strong>nr.</strong></span> <span class='ocrx_word' id='word_1_4' title='bbox 912 447 1047 494; x_wconf 79' lang='lat' dir='ltr'><strong>runicus.</strong></span> 
     </span>
    </p>
   </div>
   <div class='ocr_carea' id='block_1_2' title="bbox 276 566 1509 984">
    <p class='ocr_par' dir='ltr' id='par_1_2' title="bbox 276 566 1509 984">
     <span class='ocr_line' id='line_1_2' title="bbox 278 566 1422 659; baseline -0.003 -21"><span class='ocrx_word' id='word_1_5' title='bbox 278 569 403 638; x_wconf 90' lang='lat' dir='ltr'><strong>ratione</strong></span> <span class='ocrx_word' id='word_1_6' title='bbox 418 566 587 656; x_wconf 81' lang='lat' dir='ltr'><strong>domicilii,</strong></span> <span class='ocrx_word' id='word_1_7' title='bbox 597 566 648 636; x_wconf 84' lang='lat' dir='ltr'><strong>vel</strong></span> <span class='ocrx_word' id='word_1_8' title='bbox 663 590 772 637; x_wconf 90' lang='lat' dir='ltr'><strong>coram</strong></span> <span class='ocrx_word' id='word_1_9' title='bbox 783 567 951 636; x_wconf 89' lang='lat' dir='ltr'><strong>ordinario</strong></span> <span class='ocrx_word' id='word_1_10' title='bbox 966 566 1028 636; x_wconf 88' lang='lat' dir='ltr'><strong>loci</strong></span> <span class='ocrx_word' id='word_1_11' title='bbox 1040 567 1074 634; x_wconf 95' lang='lat' dir='ltr'><strong>in</strong></span> <span class='ocrx_word' id='word_1_12' title='bbox 1085 589 1151 659; x_wconf 87' lang='lat' dir='ltr'><strong>quo</strong></span> <span class='ocrx_word' id='word_1_13' title='bbox 1166 568 1265 636; x_wconf 89' lang='lat' dir='ltr'><strong>initus</strong></span> <span class='ocrx_word' id='word_1_14' title='bbox 1277 575 1324 636; x_wconf 84' lang='lat' dir='ltr'><strong>est</strong></span> <span class='ocrx_word' id='word_1_15' title='bbox 1340 589 1422 635; x_wconf 89' lang='lat' dir='ltr'><strong>con-</strong></span> 
     </span>
     <span class='ocr_line' id='line_1_3' title="bbox 279 673 1509 767; baseline -0.001 -20"><span class='ocrx_word' id='word_1_16' title='bbox 279 685 409 747; x_wconf 89' lang='lat' dir='ltr'><strong>tractus.</strong></span> <span class='ocrx_word' id='word_1_17' title='bbox 430 675 534 744; x_wconf 87' lang='lat' dir='ltr'><strong>Datur</strong></span> <span class='ocrx_word' id='word_1_18' title='bbox 548 673 685 767; x_wconf 86' lang='lat' dir='ltr'><strong>proinde</strong></span> <span class='ocrx_word' id='word_1_19' title='bbox 700 677 785 744; x_wconf 88' lang='lat' dir='ltr'><strong>inter</strong></span> <span class='ocrx_word' id='word_1_20' title='bbox 805 673 887 745; x_wconf 91' lang='lat' dir='ltr'><strong>dnos</strong></span> <span class='ocrx_word' id='word_1_21' title='bbox 906 675 978 744; x_wconf 86' lang='lat' dir='ltr'><strong>illos</strong></span> <span class='ocrx_word' id='word_1_22' title='bbox 996 673 1182 745; x_wconf 85' lang='lat' dir='ltr'><strong>ordinarios</strong></span> <span class='ocrx_word' id='word_1_23' title='bbox 1203 675 1421 766; x_wconf 80' lang='lat' dir='ltr'><strong>praeventioni</strong></span> <span class='ocrx_word' id='word_1_24' title='bbox 1508 709 1509 746; x_wconf 75' lang='lat' dir='ltr'><strong>t</strong></span> 
     </span>
     <span class='ocr_line' id='line_1_4' title="bbox 277 779 1421 874; baseline -0.003 -20"><span class='ocrx_word' id='word_1_25' title='bbox 277 785 383 870; x_wconf 92' lang='lat' dir='ltr'><strong>locus;</strong></span> <span class='ocrx_word' id='word_1_26' title='bbox 401 782 447 850; x_wconf 86' lang='lat' dir='ltr'><strong>itu</strong></span> <span class='ocrx_word' id='word_1_27' title='bbox 460 803 577 874; x_wconf 80' lang='lat' dir='ltr'>nempe</span> <span class='ocrx_word' id='word_1_28' title='bbox 597 790 634 850; x_wconf 90' lang='lat' dir='ltr'><strong>ut</strong></span> <span class='ocrx_word' id='word_1_29' title='bbox 648 789 819 874; x_wconf 77' lang='lat' dir='ltr'><strong>postquam</strong></span> <span class='ocrx_word' id='word_1_30' title='bbox 835 783 916 852; x_wconf 86' lang='lat' dir='ltr'><strong>ulter</strong></span> <span class='ocrx_word' id='word_1_31' title='bbox 931 805 1060 852; x_wconf 71' lang='lat' dir='ltr'><strong>caumm</strong></span> <span class='ocrx_word' id='word_1_32' title='bbox 1081 781 1335 874; x_wconf 75' lang='lat' dir='ltr'><strong>preoccupavit,</strong></span> <span class='ocrx_word' id='word_1_33' title='bbox 1350 779 1421 871; x_wconf 88' lang='lat' dir='ltr'><strong>jam</strong></span> 
     </span>
     <span class='ocr_line' id='line_1_5' title="bbox 276 887 1018 984; baseline -0.003 -22"><span class='ocrx_word' id='word_1_34' title='bbox 276 891 388 963; x_wconf 86' lang='lat' dir='ltr'><strong>eadem</strong></span> <span class='ocrx_word' id='word_1_35' title='bbox 404 911 502 958; x_wconf 89' lang='lat' dir='ltr'><strong>causa</strong></span> <span class='ocrx_word' id='word_1_36' title='bbox 516 888 557 958; x_wconf 92' lang='lat' dir='ltr'><strong>ad</strong></span> <span class='ocrx_word' id='word_1_37' title='bbox 572 887 713 960; x_wconf 84' lang='lat' dir='ltr'><strong>alterum</strong></span> <span class='ocrx_word' id='word_1_38' title='bbox 727 887 846 960; x_wconf 81' lang='lat' dir='ltr'><strong>deterri</strong></span> <span class='ocrx_word' id='word_1_39' title='bbox 867 899 1018 984; x_wconf 86' lang='lat' dir='ltr'><strong>nequsct.</strong></span> 
     </span>
    </p>
   </div>
   <div class='ocr_carea' id='block_1_3' title="bbox 796 1185 900 1278">
    <p class='ocr_par' dir='ltr' id='par_1_3' title="bbox 796 1185 900 1278">
     <span class='ocr_line' id='line_1_6' title="bbox 796 1185 900 1278; baseline -0.01 -21"><span class='ocrx_word' id='word_1_40' title='bbox 796 1185 900 1278; x_wconf 67' lang='lat' dir='ltr'><strong>ani.</strong></span> 
     </span>
    </p>
   </div>
   <div class='ocr_carea' id='block_1_4' title="bbox 441 1355 1252 1423">
    <p class='ocr_par' dir='ltr' id='par_1_4' title="bbox 441 1355 1252 1423">
     <span class='ocr_line' id='line_1_7' title="bbox 441 1355 1252 1423; baseline -0.004 -13"><span class='ocrx_word' id='word_1_41' title='bbox 441 1359 477 1410; x_wconf 85' lang='lat' dir='ltr'><strong>De</strong></span> <span class='ocrx_word' id='word_1_42' title='bbox 492 1357 668 1423; x_wconf 69' lang='lat' dir='ltr'><strong>competentia</strong></span> <span class='ocrx_word' id='word_1_43' title='bbox 677 1355 794 1422; x_wconf 78' lang='lat' dir='ltr'><strong>indicum</strong></span> <span class='ocrx_word' id='word_1_44' title='bbox 809 1356 1002 1410; x_wconf 86' lang='lat' dir='ltr'><strong>territoriatlum</strong></span> <span class='ocrx_word' id='word_1_45' title='bbox 1017 1357 1118 1410; x_wconf 77' lang='lat' dir='ltr'><strong>mttone</strong></span> <span class='ocrx_word' id='word_1_46' title='bbox 1135 1356 1176 1409; x_wconf 87' lang='lat' dir='ltr'><strong>rei</strong></span> <span class='ocrx_word' id='word_1_47' title='bbox 1188 1355 1252 1409; x_wconf 79' lang='lat' dir='ltr'><strong>sitas.</strong></span> 
     </span>
    </p>
   </div>
   <div class='ocr_carea' id='block_1_5' title="bbox 267 1533 1513 4300">
    <p class='ocr_par' dir='ltr' id='par_1_5' title="bbox 271 1533 1512 2568">
     <span class='ocr_line' id='line_1_8' title="bbox 318 1533 1421 1630; baseline -0.003 -24"><span class='ocrx_word' id='word_1_48' title='bbox 318 1536 391 1606; x_wconf 89' lang='lat' dir='ltr'><strong>Non</strong></span> <span class='ocrx_word' id='word_1_49' title='bbox 405 1559 479 1606; x_wconf 90' lang='lat' dir='ltr'><strong>raro</strong></span> <span class='ocrx_word' id='word_1_50' title='bbox 493 1535 653 1627; x_wconf 80' lang='lat' dir='ltr'><strong>contingit</strong></span> <span class='ocrx_word' id='word_1_51' title='bbox 660 1543 696 1606; x_wconf 91' lang='lat' dir='ltr'><strong>ut</strong></span> <span class='ocrx_word' id='word_1_52' title='bbox 706 1559 758 1606; x_wconf 88' lang='lat' dir='ltr'><strong>res</strong></span> <span class='ocrx_word' id='word_1_53' title='bbox 772 1535 812 1607; x_wconf 86' lang='lat' dir='ltr'><strong>de</strong></span> <span class='ocrx_word' id='word_1_54' title='bbox 827 1559 893 1630; x_wconf 88' lang='lat' dir='ltr'><strong>qua</strong></span> <span class='ocrx_word' id='word_1_55' title='bbox 907 1535 949 1604; x_wconf 89' lang='lat' dir='ltr'><strong>lis</strong></span> <span class='ocrx_word' id='word_1_56' title='bbox 963 1546 1114 1608; x_wconf 84' lang='lat' dir='ltr'><strong>movetur</strong></span> <span class='ocrx_word' id='word_1_57' title='bbox 1126 1535 1161 1605; x_wconf 88' lang='lat' dir='ltr'><strong>in</strong></span> <span class='ocrx_word' id='word_1_58' title='bbox 1174 1557 1241 1604; x_wconf 90' lang='lat' dir='ltr'><strong>uno</strong></span> <span class='ocrx_word' id='word_1_59' title='bbox 1254 1533 1421 1604; x_wconf 86' lang='lat' dir='ltr'><strong>territorio</strong></span> 
     </span>
     <span class='ocr_line' id='line_1_9' title="bbox 273 1640 1511 1732; baseline -0.004 -18"><span class='ocrx_word' id='word_1_60' title='bbox 273 1644 333 1714; x_wconf 90' lang='lat' dir='ltr'><strong>sita</strong></span> <span class='ocrx_word' id='word_1_61' title='bbox 347 1645 400 1732; x_wconf 91' lang='lat' dir='ltr'><strong>sit,</strong></span> <span class='ocrx_word' id='word_1_62' title='bbox 418 1643 506 1712; x_wconf 83' lang='lat' dir='ltr'><strong>Reus</strong></span> <span class='ocrx_word' id='word_1_63' title='bbox 518 1652 628 1713; x_wconf 90' lang='lat' dir='ltr'><strong>autem</strong></span> <span class='ocrx_word' id='word_1_64' title='bbox 642 1642 886 1714; x_wconf 84' lang='lat' dir='ltr'><strong>conveniendus</strong></span> <span class='ocrx_word' id='word_1_65' title='bbox 903 1645 939 1712; x_wconf 92' lang='lat' dir='ltr'><strong>in</strong></span> <span class='ocrx_word' id='word_1_66' title='bbox 952 1643 1017 1712; x_wconf 88' lang='lat' dir='ltr'><strong>alio</strong></span> <span class='ocrx_word' id='word_1_67' title='bbox 1036 1643 1201 1712; x_wconf 87' lang='lat' dir='ltr'><strong>territorio</strong></span> <span class='ocrx_word' id='word_1_68' title='bbox 1216 1640 1420 1712; x_wconf 85' lang='lat' dir='ltr'><strong>domicilium</strong></span> <span class='ocrx_word' id='word_1_69' title='bbox 1510 1691 1511 1698; x_wconf 17' lang='grc' dir='ltr'><strong>κ</strong></span> 
     </span>
     <span class='ocr_line' id='line_1_10' title="bbox 273 1741 1511 1842; baseline -0.004 -22"><span class='ocrx_word' id='word_1_70' title='bbox 273 1751 400 1822; x_wconf 86' lang='lat' dir='ltr'><strong>babeat.</strong></span> <span class='ocrx_word' id='word_1_71' title='bbox 421 1751 523 1820; x_wconf 89' lang='lat' dir='ltr'><strong>Porro</strong></span> <span class='ocrx_word' id='word_1_72' title='bbox 540 1759 618 1820; x_wconf 88' lang='lat' dir='ltr'><strong>tunc</strong></span> <span class='ocrx_word' id='word_1_73' title='bbox 639 1751 675 1819; x_wconf 95' lang='lat' dir='ltr'><strong>in</strong></span> <span class='ocrx_word' id='word_1_74' title='bbox 689 1772 845 1842; x_wconf 81' lang='lat' dir='ltr'><strong>magnum</strong></span> <span class='ocrx_word' id='word_1_75' title='bbox 860 1749 988 1820; x_wconf 89' lang='lat' dir='ltr'><strong>cederet</strong></span> <span class='ocrx_word' id='word_1_76' title='bbox 1002 1750 1080 1820; x_wconf 92' lang='lat' dir='ltr'><strong>boni</strong></span> <span class='ocrx_word' id='word_1_77' title='bbox 1097 1748 1218 1842; x_wconf 90' lang='lat' dir='ltr'><strong>publici</strong></span> <span class='ocrx_word' id='word_1_78' title='bbox 1239 1747 1420 1818; x_wconf 87' lang='lat' dir='ltr'><strong>detrimen·</strong></span> <span class='ocrx_word' id='word_1_79' title='bbox 1510 1741 1511 1744; x_wconf 61' lang='grc'>’</span> 
     </span>
     <span class='ocr_line' id='line_1_11' title="bbox 273 1855 1420 1949; baseline -0.004 -20"><span class='ocrx_word' id='word_1_80' title='bbox 273 1869 359 1948; x_wconf 89' lang='lat' dir='ltr'><strong>tum,</strong></span> <span class='ocrx_word' id='word_1_81' title='bbox 376 1858 404 1926; x_wconf 89' lang='lat' dir='ltr'><strong>si</strong></span> <span class='ocrx_word' id='word_1_82' title='bbox 418 1858 506 1927; x_wconf 87' lang='lat' dir='ltr'><strong>Reus</strong></span> <span class='ocrx_word' id='word_1_83' title='bbox 517 1857 685 1928; x_wconf 80' lang='lat' dir='ltr'><strong>conveniri</strong></span> <span class='ocrx_word' id='word_1_84' title='bbox 696 1881 763 1928; x_wconf 91' lang='lat' dir='ltr'><strong>non</strong></span> <span class='ocrx_word' id='word_1_85' title='bbox 773 1865 880 1949; x_wconf 89' lang='lat' dir='ltr'><strong>posset</strong></span> <span class='ocrx_word' id='word_1_86' title='bbox 890 1879 999 1928; x_wconf 90' lang='lat' dir='ltr'><strong>coram</strong></span> <span class='ocrx_word' id='word_1_87' title='bbox 1011 1857 1120 1949; x_wconf 86' lang='lat' dir='ltr'><strong>judice</strong></span> <span class='ocrx_word' id='word_1_88' title='bbox 1133 1855 1289 1926; x_wconf 90' lang='lat' dir='ltr'><strong>territorii</strong></span> <span class='ocrx_word' id='word_1_89' title='bbox 1303 1857 1340 1923; x_wconf 91' lang='lat' dir='ltr'><strong>in</strong></span> <span class='ocrx_word' id='word_1_90' title='bbox 1353 1877 1420 1947; x_wconf 89' lang='lat' dir='ltr'><strong>quo</strong></span> 
     </span>
     <span class='ocr_line' id='line_1_12' title="bbox 272 1960 1420 2036; baseline -0.003 -2"><span class='ocrx_word' id='word_1_91' title='bbox 272 1988 326 2036; x_wconf 87' lang='lat' dir='ltr'><strong>res</strong></span> <span class='ocrx_word' id='word_1_92' title='bbox 339 1975 546 2034; x_wconf 89' lang='lat' dir='ltr'><strong>controversa</strong></span> <span class='ocrx_word' id='word_1_93' title='bbox 560 1963 680 2034; x_wconf 75' lang='lat' dir='ltr'><strong>existit.</strong></span> <span class='ocrx_word' id='word_1_94' title='bbox 696 1965 782 2034; x_wconf 90' lang='lat' dir='ltr'><strong>Nam</strong></span> <span class='ocrx_word' id='word_1_95' title='bbox 794 1967 830 2033; x_wconf 94' lang='lat' dir='ltr'><strong>in</strong></span> <span class='ocrx_word' id='word_1_96' title='bbox 844 1965 906 2034; x_wconf 90' lang='lat' dir='ltr'><strong>hoo</strong></span> <span class='ocrx_word' id='word_1_97' title='bbox 917 1965 1081 2034; x_wconf 89' lang='lat' dir='ltr'><strong>territorio</strong></span> <span class='ocrx_word' id='word_1_98' title='bbox 1098 1963 1200 2033; x_wconf 91' lang='lat' dir='ltr'><strong>multo</strong></span> <span class='ocrx_word' id='word_1_99' title='bbox 1214 1961 1342 2032; x_wconf 83' lang='lat' dir='ltr'><strong>lacibus</strong></span> <span class='ocrx_word' id='word_1_100' title='bbox 1359 1960 1420 2031; x_wconf 92' lang='lat' dir='ltr'><strong>dc—</strong></span> 
     </span>
     <span class='ocr_line' id='line_1_13' title="bbox 272 2068 1512 2174; baseline -0.003 -32"><span class='ocrx_word' id='word_1_101' title='bbox 272 2081 424 2142; x_wconf 87' lang='lat' dir='ltr'><strong>cumenta</strong></span> <span class='ocrx_word' id='word_1_102' title='bbox 445 2070 623 2140; x_wconf 88' lang='lat' dir='ltr'><strong>necessaria</strong></span> <span class='ocrx_word' id='word_1_103' title='bbox 645 2080 676 2140; x_wconf 88' lang='lat' dir='ltr'><strong>et</strong></span> <span class='ocrx_word' id='word_1_104' title='bbox 697 2071 906 2164; x_wconf 76' lang='lat' dir='ltr'><strong>probationes</strong></span> <span class='ocrx_word' id='word_1_105' title='bbox 929 2071 1042 2140; x_wconf 88' lang='lat' dir='ltr'><strong>haberi</strong></span> <span class='ocrx_word' id='word_1_106' title='bbox 1068 2078 1220 2162; x_wconf 87' lang='lat' dir='ltr'><strong>possunt,</strong></span> <span class='ocrx_word' id='word_1_107' title='bbox 1242 2077 1273 2137; x_wconf 91' lang='lat' dir='ltr'><strong>et</strong></span> <span class='ocrx_word' id='word_1_108' title='bbox 1293 2068 1421 2138; x_wconf 84' lang='lat' dir='ltr'><strong>fecilior</strong></span> <span class='ocrx_word' id='word_1_109' title='bbox 1511 2155 1512 2174; x_wconf 21' lang='lat'>¹</span> 
     </span>
     <span class='ocr_line' id='line_1_14' title="bbox 273 2176 1512 2264; baseline -0.004 -15"><span class='ocrx_word' id='word_1_110' title='bbox 273 2181 352 2249; x_wconf 89' lang='lat' dir='ltr'><strong>item</strong></span> <span class='ocrx_word' id='word_1_111' title='bbox 367 2187 415 2248; x_wconf 88' lang='lat' dir='ltr'><strong>est</strong></span> <span class='ocrx_word' id='word_1_112' title='bbox 424 2178 590 2247; x_wconf 74' lang='lat' dir='ltr'><strong>sententia</strong></span> <span class='ocrx_word' id='word_1_113' title='bbox 602 2181 761 2248; x_wconf 87' lang='lat' dir='ltr'><strong>executio.</strong></span> <span class='ocrx_word' id='word_1_114' title='bbox 776 2179 862 2248; x_wconf 88' lang='lat' dir='ltr'><strong>Hinc</strong></span> <span class='ocrx_word' id='word_1_115' title='bbox 872 2180 1002 2248; x_wconf 89' lang='lat' dir='ltr'><strong>evenire</strong></span> <span class='ocrx_word' id='word_1_116' title='bbox 1013 2178 1138 2264; x_wconf 88' lang='lat' dir='ltr'><strong>debuit,</strong></span> <span class='ocrx_word' id='word_1_117' title='bbox 1149 2189 1181 2246; x_wconf 88' lang='lat' dir='ltr'><strong>et</strong></span> <span class='ocrx_word' id='word_1_118' title='bbox 1190 2177 1231 2246; x_wconf 90' lang='lat' dir='ltr'><strong>de</strong></span> <span class='ocrx_word' id='word_1_119' title='bbox 1244 2176 1328 2246; x_wconf 86' lang='lat' dir='ltr'><strong>lacto</strong></span> <span class='ocrx_word' id='word_1_120' title='bbox 1342 2199 1420 2245; x_wconf 89' lang='lat' dir='ltr'><strong>eve·</strong></span> <span class='ocrx_word' id='word_1_121' title='bbox 1511 2189 1512 2206; x_wconf 65' lang='lat'>¹</span> 
     </span>
     <span class='ocr_line' id='line_1_15' title="bbox 272 2281 1419 2377; baseline -0.003 -21"><span class='ocrx_word' id='word_1_122' title='bbox 272 2287 333 2374; x_wconf 91' lang='lat' dir='ltr'><strong>nit,</strong></span> <span class='ocrx_word' id='word_1_123' title='bbox 350 2295 387 2355; x_wconf 93' lang='lat' dir='ltr'><strong>ut</strong></span> <span class='ocrx_word' id='word_1_124' title='bbox 402 2284 600 2376; x_wconf 82' lang='lat' dir='ltr'><strong>legislatores</strong></span> <span class='ocrx_word' id='word_1_125' title='bbox 613 2285 873 2376; x_wconf 85' lang='lat' dir='ltr'><strong>jurisdictionem</strong></span> <span class='ocrx_word' id='word_1_126' title='bbox 888 2284 929 2355; x_wconf 93' lang='lat' dir='ltr'><strong>ad</strong></span> <span class='ocrx_word' id='word_1_127' title='bbox 943 2285 1104 2377; x_wconf 85' lang='lat' dir='ltr'><strong>ejusmodi</strong></span> <span class='ocrx_word' id='word_1_128' title='bbox 1125 2284 1199 2353; x_wconf 90' lang='lat' dir='ltr'><strong>lites</strong></span> <span class='ocrx_word' id='word_1_129' title='bbox 1213 2281 1419 2352; x_wconf 86' lang='lat' dir='ltr'><strong>dirimendas</strong></span> 
     </span>
     <span class='ocr_line' id='line_1_16' title="bbox 271 2391 1418 2484; baseline -0.003 -22"><span class='ocrx_word' id='word_1_130' title='bbox 271 2393 451 2462; x_wconf 84' lang='lat' dir='ltr'><strong>tribuerent</strong></span> <span class='ocrx_word' id='word_1_131' title='bbox 462 2391 565 2483; x_wconf 88' lang='lat' dir='ltr'><strong>judici</strong></span> <span class='ocrx_word' id='word_1_132' title='bbox 580 2391 746 2461; x_wconf 90' lang='lat' dir='ltr'><strong>ordinario</strong></span> <span class='ocrx_word' id='word_1_133' title='bbox 760 2392 930 2479; x_wconf 88' lang='lat' dir='ltr'><strong>territorii,</strong></span> <span class='ocrx_word' id='word_1_134' title='bbox 948 2393 983 2461; x_wconf 94' lang='lat' dir='ltr'><strong>in</strong></span> <span class='ocrx_word' id='word_1_135' title='bbox 996 2415 1063 2484; x_wconf 90' lang='lat' dir='ltr'><strong>quo</strong></span> <span class='ocrx_word' id='word_1_136' title='bbox 1078 2392 1140 2460; x_wconf 90' lang='lat' dir='ltr'><strong>sita</strong></span> <span class='ocrx_word' id='word_1_137' title='bbox 1155 2391 1355 2482; x_wconf 86' lang='lat' dir='ltr'><strong>reperiretur</strong></span> <span class='ocrx_word' id='word_1_138' title='bbox 1368 2413 1418 2459; x_wconf 84' lang='lat' dir='ltr'><strong>res</strong></span> 
     </span>
     <span class='ocr_line' id='line_1_17' title="bbox 271 2497 744 2568; baseline 0 0"><span class='ocrx_word' id='word_1_139' title='bbox 271 2500 306 2568; x_wconf 95' lang='lat' dir='ltr'><strong>in</strong></span> <span class='ocrx_word' id='word_1_140' title='bbox 320 2497 577 2568; x_wconf 84' lang='lat' dir='ltr'><strong>controversiam</strong></span> <span class='ocrx_word' id='word_1_141' title='bbox 592 2497 744 2568; x_wconf 91' lang='lat' dir='ltr'><strong>adducta.</strong></span> 
     </span>
    </p>

    <p class='ocr_par' dir='ltr' id='par_1_6' title="bbox 271 2603 1513 2805">
     <span class='ocr_line' id='line_1_18' title="bbox 316 2603 1513 2698; baseline -0.002 -22"><span class='ocrx_word' id='word_1_142' title='bbox 316 2609 396 2690; x_wconf 79' lang='lat' dir='ltr'><strong>Quas</strong></span> <span class='ocrx_word' id='word_1_143' title='bbox 419 2605 601 2696; x_wconf 83' lang='lat' dir='ltr'><strong>legislativu</strong></span> <span class='ocrx_word' id='word_1_144' title='bbox 625 2604 805 2697; x_wconf 88' lang='lat' dir='ltr'><strong>dispositio,</strong></span> <span class='ocrx_word' id='word_1_145' title='bbox 831 2629 875 2675; x_wconf 90' lang='lat' dir='ltr'><strong>an</strong></span> <span class='ocrx_word' id='word_1_146' title='bbox 897 2615 929 2675; x_wconf 87' lang='lat' dir='ltr'><strong>et</strong></span> <span class='ocrx_word' id='word_1_147' title='bbox 947 2606 1087 2698; x_wconf 84' lang='lat' dir='ltr'><strong>qualiter</strong></span> <span class='ocrx_word' id='word_1_148' title='bbox 1109 2605 1143 2674; x_wconf 90' lang='lat' dir='ltr'><strong>in</strong></span> <span class='ocrx_word' id='word_1_149' title='bbox 1166 2603 1241 2697; x_wconf 86' lang='lat' dir='ltr'><strong>jure</strong></span> <span class='ocrx_word' id='word_1_150' title='bbox 1262 2607 1417 2674; x_wconf 89' lang='lat' dir='ltr'><strong>canonico</strong></span> <span class='ocrx_word' id='word_1_151' title='bbox 1512 2641 1513 2686; x_wconf 59' lang='lat'>3</span> 
     </span>
     <span class='ocr_line' id='line_1_19' title="bbox 271 2710 1188 2805; baseline -0.007 -21"><span class='ocrx_word' id='word_1_152' title='bbox 271 2714 485 2784; x_wconf 85' lang='lat' dir='ltr'><strong>determinate</strong></span> <span class='ocrx_word' id='word_1_153' title='bbox 499 2721 658 2798; x_wconf 86' lang='lat' dir='ltr'><strong>occurrat,</strong></span> <span class='ocrx_word' id='word_1_154' title='bbox 676 2713 737 2781; x_wconf 89' lang='lat' dir='ltr'><strong>huc</strong></span> <span class='ocrx_word' id='word_1_155' title='bbox 750 2712 957 2805; x_wconf 80' lang='lat' dir='ltr'><strong>paragrapho</strong></span> <span class='ocrx_word' id='word_1_156' title='bbox 980 2710 1188 2803; x_wconf 85' lang='lat' dir='ltr'><strong>expenditur.</strong></span> 
     </span>
    </p>

    <p class='ocr_par' dir='ltr' id='par_1_7' title="bbox 267 2819 1433 4300">
     <span class='ocr_line' id='line_1_20' title="bbox 315 2819 1419 2912; baseline -0.004 -22"><span class='ocrx_word' id='word_1_157' title='bbox 315 2823 444 2890; x_wconf 73' lang='lat' dir='ltr'><strong>anunu</strong></span> <span class='ocrx_word' id='word_1_158' title='bbox 460 2823 506 2887; x_wconf 70' lang='lat'><strong>1⁸.</strong></span> <span class='ocrx_word' id='word_1_159' title='bbox 521 2857 565 2871; x_wconf 97' lang='lat'>-</span> <span class='ocrx_word' id='word_1_160' title='bbox 580 2821 664 2888; x_wconf 82' lang='lat' dir='ltr'><strong>Reus</strong></span> <span class='ocrx_word' id='word_1_161' title='bbox 678 2819 841 2888; x_wconf 72' lang='lat' dir='ltr'><strong>conveniri</strong></span> <span class='ocrx_word' id='word_1_162' title='bbox 853 2819 1053 2911; x_wconf 77' lang='lat' dir='ltr'><strong>requieriter</strong></span> <span class='ocrx_word' id='word_1_163' title='bbox 1063 2831 1171 2912; x_wconf 84' lang='lat' dir='ltr'><strong>potest</strong></span> <span class='ocrx_word' id='word_1_164' title='bbox 1186 2841 1299 2888; x_wconf 86' lang='lat' dir='ltr'><strong>coram</strong></span> <span class='ocrx_word' id='word_1_165' title='bbox 1317 2819 1419 2889; x_wconf 84' lang='lat' dir='ltr'><strong>Ordi-</strong></span> 
     </span>
     <span class='ocr_line' id='line_1_21' title="bbox 270 2925 1419 3018; baseline -0.003 -20"><span class='ocrx_word' id='word_1_166' title='bbox 270 2929 367 2999; x_wconf 86' lang='lat' dir='ltr'><strong>nurio</strong></span> <span class='ocrx_word' id='word_1_167' title='bbox 382 2927 445 2996; x_wconf 87' lang='lat' dir='ltr'><strong>toci</strong></span> <span class='ocrx_word' id='word_1_168' title='bbox 458 2925 494 2994; x_wconf 89' lang='lat' dir='ltr'><strong>in</strong></span> <span class='ocrx_word' id='word_1_169' title='bbox 508 2949 573 3018; x_wconf 83' lang='lat' dir='ltr'><strong>quo</strong></span> <span class='ocrx_word' id='word_1_170' title='bbox 589 2949 638 2995; x_wconf 82' lang='lat' dir='ltr'><strong>res</strong></span> <span class='ocrx_word' id='word_1_171' title='bbox 651 2940 857 2996; x_wconf 81' lang='lat' dir='ltr'><strong>controversa</strong></span> <span class='ocrx_word' id='word_1_172' title='bbox 872 2926 937 2996; x_wconf 85' lang='lat' dir='ltr'><strong>aito</strong></span> <span class='ocrx_word' id='word_1_173' title='bbox 952 2940 1010 2996; x_wconf 86' lang='lat' dir='ltr'><strong>est.</strong></span> <span class='ocrx_word' id='word_1_174' title='bbox 1027 2926 1218 2997; x_wconf 87' lang='lat' dir='ltr'><strong>-Constat</strong></span> <span class='ocrx_word' id='word_1_175' title='bbox 1232 2925 1304 2995; x_wconf 76' lang='lat' dir='ltr'><strong>haec</strong></span> <span class='ocrx_word' id='word_1_176' title='bbox 1318 2949 1419 3017; x_wconf 81' lang='lat' dir='ltr'><strong>gene·</strong></span> 
     </span>
     <span class='ocr_line' id='line_1_22' title="bbox 270 3032 1419 3126; baseline -0.006 -18"><span class='ocrx_word' id='word_1_177' title='bbox 270 3038 348 3108; x_wconf 88' lang='lat' dir='ltr'><strong>ralis</strong></span> <span class='ocrx_word' id='word_1_178' title='bbox 363 3035 476 3126; x_wconf 81' lang='lat' dir='ltr'><strong>regula</strong></span> <span class='ocrx_word' id='word_1_179' title='bbox 488 3057 530 3103; x_wconf 86' lang='lat' dir='ltr'><strong>ex</strong></span> <span class='ocrx_word' id='word_1_180' title='bbox 542 3035 645 3126; x_wconf 91' lang='lat' dir='ltr'><strong>capite</strong></span> <span class='ocrx_word' id='word_1_181' title='bbox 661 3034 750 3102; x_wconf 81' lang='lat' dir='ltr'><strong>Licet</strong></span> <span class='ocrx_word' id='word_1_182' title='bbox 765 3035 833 3126; x_wconf 77' lang='lat'><strong>(20,</strong></span> <span class='ocrx_word' id='word_1_183' title='bbox 851 3032 900 3102; x_wconf 91' lang='lat' dir='ltr'><strong>tit.</strong></span> <span class='ocrx_word' id='word_1_184' title='bbox 921 3037 954 3122; x_wconf 82' lang='lat'><strong>2,</strong></span> <span class='ocrx_word' id='word_1_185' title='bbox 971 3035 1029 3103; x_wconf 92' lang='lat' dir='ltr'><strong>lib.</strong></span> <span class='ocrx_word' id='word_1_186' title='bbox 1048 3037 1068 3102; x_wconf 81' lang='lat'><strong>2</strong></span> <span class='ocrx_word' id='word_1_187' title='bbox 1085 3033 1225 3125; x_wconf 79' lang='lat' dir='ltr'><strong>liceret.)</strong></span> <span class='ocrx_word' id='word_1_188' title='bbox 1246 3060 1254 3102; x_wconf 74' lang='grc' dir='ltr'><strong>ε</strong></span> <span class='ocrx_word' id='word_1_189' title='bbox 1272 3033 1318 3102; x_wconf 93' lang='lat' dir='ltr'><strong>ibi</strong></span> <span class='ocrx_word' id='word_1_190' title='bbox 1330 3035 1419 3102; x_wconf 90' lang='lat' dir='ltr'><strong>enim</strong></span> 
     </span>
     <span class='ocr_line' id='line_1_23' title="bbox 271 3138 1422 3234; baseline -0.005 -20"><span class='ocrx_word' id='word_1_191' title='bbox 271 3146 357 3214; x_wconf 91' lang='lat' dir='ltr'><strong>inter</strong></span> <span class='ocrx_word' id='word_1_192' title='bbox 381 3142 488 3210; x_wconf 88' lang='lat' dir='ltr'><strong>varios</strong></span> <span class='ocrx_word' id='word_1_193' title='bbox 519 3138 632 3210; x_wconf 91' lang='lat' dir='ltr'><strong>modos</strong></span> <span class='ocrx_word' id='word_1_194' title='bbox 663 3140 772 3210; x_wconf 89' lang='lat' dir='ltr'><strong>lorum</strong></span> <span class='ocrx_word' id='word_1_195' title='bbox 801 3141 998 3234; x_wconf 77' lang='lat' dir='ltr'><strong>requieriter</strong></span> <span class='ocrx_word' id='word_1_196' title='bbox 1028 3140 1186 3211; x_wconf 88' lang='lat' dir='ltr'><strong>sortiendi</strong></span> <span class='ocrx_word' id='word_1_197' title='bbox 1208 3149 1422 3210; x_wconf 87' lang='lat' dir='ltr'><strong>enumeratur</strong></span> 
     </span>
     <span class='ocr_line' id='line_1_24' title="bbox 272 3247 1420 3342; baseline -0.006 -21"><span class='ocrx_word' id='word_1_198' title='bbox 272 3251 368 3322; x_wconf 89' lang='lat' dir='ltr'><strong>etiam</strong></span> <span class='ocrx_word' id='word_1_199' title='bbox 384 3249 465 3318; x_wconf 92' lang='lat' dir='ltr'><strong>ratio</strong></span> <span class='ocrx_word' id='word_1_200' title='bbox 481 3248 529 3317; x_wconf 87' lang='lat' dir='ltr'><strong>rei</strong></span> <span class='ocrx_word' id='word_1_201' title='bbox 543 3247 625 3318; x_wconf 78' lang='lat' dir='ltr'><strong>sitae.</strong></span> <span class='ocrx_word' id='word_1_202' title='bbox 644 3248 726 3316; x_wconf 91' lang='lat' dir='ltr'><strong>ltem</strong></span> <span class='ocrx_word' id='word_1_203' title='bbox 740 3257 864 3318; x_wconf 86' lang='lat' dir='ltr'><strong>constat</strong></span> <span class='ocrx_word' id='word_1_204' title='bbox 879 3271 921 3317; x_wconf 89' lang='lat' dir='ltr'><strong>ox</strong></span> <span class='ocrx_word' id='word_1_205' title='bbox 937 3249 1040 3342; x_wconf 88' lang='lat' dir='ltr'><strong>capite</strong></span> <span class='ocrx_word' id='word_1_206' title='bbox 1062 3249 1205 3318; x_wconf 84' lang='lat' dir='ltr'><strong>Volentes</strong></span> <span class='ocrx_word' id='word_1_207' title='bbox 1219 3249 1266 3340; x_wconf 90' lang='lat' dir='ltr'><strong>(l,</strong></span> <span class='ocrx_word' id='word_1_208' title='bbox 1283 3247 1367 3316; x_wconf 90' lang='lat' dir='ltr'><strong>tituli</strong></span> <span class='ocrx_word' id='word_1_209' title='bbox 1382 3251 1420 3335; x_wconf 85' lang='grc'><strong>7,</strong></span> 
     </span>
     <span class='ocr_line' id='line_1_25' title="bbox 271 3354 1423 3447; baseline -0.005 -19"><span class='ocrx_word' id='word_1_210' title='bbox 271 3359 347 3428; x_wconf 92' lang='lat' dir='ltr'><strong>libri</strong></span> <span class='ocrx_word' id='word_1_211' title='bbox 370 3361 400 3444; x_wconf 82' lang='lat' dir='ltr'><strong>b,</strong></span> <span class='ocrx_word' id='word_1_212' title='bbox 419 3356 456 3424; x_wconf 92' lang='lat' dir='ltr'><strong>in</strong></span> <span class='ocrx_word' id='word_1_213' title='bbox 469 3355 513 3446; x_wconf 87' lang='grc'><strong>6),</strong></span> <span class='ocrx_word' id='word_1_214' title='bbox 529 3356 564 3423; x_wconf 91' lang='lat' dir='ltr'><strong>in</strong></span> <span class='ocrx_word' id='word_1_215' title='bbox 580 3377 645 3447; x_wconf 91' lang='lat' dir='ltr'><strong>quo</strong></span> <span class='ocrx_word' id='word_1_216' title='bbox 657 3355 767 3424; x_wconf 87' lang='lat' dir='ltr'><strong>forum</strong></span> <span class='ocrx_word' id='word_1_217' title='bbox 787 3357 836 3424; x_wconf 91' lang='lat' dir='ltr'><strong>rei</strong></span> <span class='ocrx_word' id='word_1_218' title='bbox 851 3355 923 3425; x_wconf 82' lang='lat' dir='ltr'><strong>sitae</strong></span> <span class='ocrx_word' id='word_1_219' title='bbox 937 3365 1063 3426; x_wconf 88' lang='lat' dir='ltr'><strong>sartum</strong></span> <span class='ocrx_word' id='word_1_220' title='bbox 1078 3364 1199 3425; x_wconf 89' lang='lat' dir='ltr'><strong>tectum</strong></span> <span class='ocrx_word' id='word_1_221' title='bbox 1213 3372 1343 3424; x_wconf 81' lang='lat' dir='ltr'><strong>manere</strong></span> <span class='ocrx_word' id='word_1_222' title='bbox 1357 3354 1423 3423; x_wconf 86' lang='lat' dir='ltr'><strong>de-</strong></span> 
     </span>
     <span class='ocr_line' id='line_1_26' title="bbox 272 3459 1424 3554; baseline -0.003 -20"><span class='ocrx_word' id='word_1_223' title='bbox 272 3464 415 3534; x_wconf 89' lang='lat' dir='ltr'><strong>cernitur</strong></span> <span class='ocrx_word' id='word_1_224' title='bbox 435 3462 532 3532; x_wconf 89' lang='lat' dir='ltr'><strong>ctiam</strong></span> <span class='ocrx_word' id='word_1_225' title='bbox 547 3459 654 3553; x_wconf 88' lang='lat' dir='ltr'><strong>quoad</strong></span> <span class='ocrx_word' id='word_1_226' title='bbox 668 3483 723 3530; x_wconf 89' lang='lat' dir='ltr'><strong>eos</strong></span> <span class='ocrx_word' id='word_1_227' title='bbox 738 3463 796 3554; x_wconf 86' lang='lat' dir='ltr'><strong>qui</strong></span> <span class='ocrx_word' id='word_1_228' title='bbox 811 3463 1022 3554; x_wconf 83' lang='lat' dir='ltr'><strong>privilegium</strong></span> <span class='ocrx_word' id='word_1_229' title='bbox 1041 3462 1258 3531; x_wconf 87' lang='lat' dir='ltr'><strong>obtinuissent</strong></span> <span class='ocrx_word' id='word_1_230' title='bbox 1273 3483 1337 3530; x_wconf 91' lang='lat' dir='ltr'><strong>non</strong></span> <span class='ocrx_word' id='word_1_231' title='bbox 1351 3461 1424 3530; x_wconf 89' lang='lat' dir='ltr'><strong>uisi</strong></span> 
     </span>
     <span class='ocr_line' id='line_1_27' title="bbox 271 3566 1423 3661; baseline -0.006 -18"><span class='ocrx_word' id='word_1_232' title='bbox 271 3594 381 3643; x_wconf 88' lang='lat' dir='ltr'><strong>coram</strong></span> <span class='ocrx_word' id='word_1_233' title='bbox 396 3577 482 3638; x_wconf 90' lang='lat' dir='ltr'><strong>certo</strong></span> <span class='ocrx_word' id='word_1_234' title='bbox 499 3567 607 3659; x_wconf 86' lang='lat' dir='ltr'><strong>judice</strong></span> <span class='ocrx_word' id='word_1_235' title='bbox 624 3568 863 3660; x_wconf 87' lang='lat' dir='ltr'><strong>respondendi:</strong></span> <span class='ocrx_word' id='word_1_236' title='bbox 883 3569 1110 3638; x_wconf 84' lang='lat' dir='ltr'><strong>Declarotione</strong></span> <span class='ocrx_word' id='word_1_237' title='bbox 1122 3567 1345 3661; x_wconf 74' lang='lat' dir='ltr'><strong>irrefraqadili</strong></span> <span class='ocrx_word' id='word_1_238' title='bbox 1356 3566 1423 3636; x_wconf 82' lang='lat' dir='ltr'><strong>de-</strong></span> 
     </span>
     <span class='ocr_line' id='line_1_28' title="bbox 270 3674 1422 3772; baseline -0.004 -23"><span class='ocrx_word' id='word_1_239' title='bbox 270 3680 417 3772; x_wconf 75' lang='lat' dir='ltr'><strong>finimus,</strong></span> <span class='ocrx_word' id='word_1_240' title='bbox 435 3674 524 3768; x_wconf 85' lang='lat' dir='ltr'><strong>quod</strong></span> <span class='ocrx_word' id='word_1_241' title='bbox 537 3688 837 3767; x_wconf 80' lang='lat' dir='ltr'><strong>quantumcumque</strong></span> <span class='ocrx_word' id='word_1_242' title='bbox 849 3677 895 3745; x_wconf 84' lang='lat' dir='ltr'><strong>cic</strong></span> <span class='ocrx_word' id='word_1_243' title='bbox 906 3677 1051 3769; x_wconf 76' lang='lat' dir='ltr'><strong>exempti</strong></span> <span class='ocrx_word' id='word_1_244' title='bbox 1064 3675 1232 3767; x_wconf 75' lang='lat' dir='ltr'><strong>pendeant</strong></span> <span class='ocrx_word' id='word_1_245' title='bbox 1254 3675 1422 3759; x_wconf 80' lang='lat' dir='ltr'><strong>libertate,</strong></span> 
     </span>
     <span class='ocr_line' id='line_1_29' title="bbox 272 3781 1428 3870; baseline -0.002 -16"><span class='ocrx_word' id='word_1_246' title='bbox 272 3785 486 3870; x_wconf 74' lang='lat' dir='ltr'><strong>nibilominus</strong></span> <span class='ocrx_word' id='word_1_247' title='bbox 510 3797 620 3850; x_wconf 86' lang='lat' dir='ltr'><strong>tamen</strong></span> <span class='ocrx_word' id='word_1_248' title='bbox 642 3783 769 3850; x_wconf 84' lang='lat' dir='ltr'><strong>ratione</strong></span> <span class='ocrx_word' id='word_1_249' title='bbox 792 3783 912 3868; x_wconf 84' lang='lat' dir='ltr'><strong>delicti,</strong></span> <span class='ocrx_word' id='word_1_250' title='bbox 933 3785 999 3852; x_wconf 87' lang='lat' dir='ltr'><strong>sice</strong></span> <span class='ocrx_word' id='word_1_251' title='bbox 1017 3795 1212 3866; x_wconf 85' lang='lat' dir='ltr'><strong>contractus,</strong></span> <span class='ocrx_word' id='word_1_252' title='bbox 1237 3797 1295 3852; x_wconf 85' lang='lat' dir='ltr'><strong>cut</strong></span> <span class='ocrx_word' id='word_1_253' title='bbox 1314 3781 1428 3852; x_wconf 82' lang='lat' dir='ltr'><strong>reida</strong></span> 
     </span>
     <span class='ocr_line' id='line_1_30' title="bbox 272 3888 1428 3984; baseline -0.002 -24"><span class='ocrx_word' id='word_1_254' title='bbox 272 3915 339 3984; x_wconf 80' lang='lat' dir='ltr'><strong>qua</strong></span> <span class='ocrx_word' id='word_1_255' title='bbox 352 3904 465 3960; x_wconf 83' lang='lat' dir='ltr'><strong>contra</strong></span> <span class='ocrx_word' id='word_1_256' title='bbox 480 3890 566 3981; x_wconf 82' lang='lat' dir='ltr'><strong>ipsos</strong></span> <span class='ocrx_word' id='word_1_257' title='bbox 581 3889 705 3981; x_wconf 74' lang='lat' dir='ltr'><strong>uqitur,</strong></span> <span class='ocrx_word' id='word_1_258' title='bbox 723 3890 785 3958; x_wconf 85' lang='lat' dir='ltr'><strong>rite</strong></span> <span class='ocrx_word' id='word_1_259' title='bbox 796 3903 931 3981; x_wconf 80' lang='lat' dir='ltr'><strong>pararint</strong></span> <span class='ocrx_word' id='word_1_260' title='bbox 945 3913 1059 3959; x_wconf 83' lang='lat' dir='ltr'><strong>corum</strong></span> <span class='ocrx_word' id='word_1_261' title='bbox 1082 3890 1228 3960; x_wconf 85' lang='lat' dir='ltr'><strong>locorum</strong></span> <span class='ocrx_word' id='word_1_262' title='bbox 1243 3888 1428 3958; x_wconf 81' lang='lat' dir='ltr'><strong>ordinariis</strong></span> 
     </span>
     <span class='ocr_line' id='line_1_31' title="bbox 274 3995 1429 4089; baseline -0.001 -23"><span class='ocrx_word' id='word_1_263' title='bbox 274 3997 449 4079; x_wconf 79' lang='lat' dir='ltr'><strong>conveniri,</strong></span> <span class='ocrx_word' id='word_1_264' title='bbox 468 4010 498 4065; x_wconf 90' lang='lat' dir='ltr'><strong>et</strong></span> <span class='ocrx_word' id='word_1_265' title='bbox 513 3995 563 4065; x_wconf 89' lang='lat' dir='ltr'><strong>illi</strong></span> <span class='ocrx_word' id='word_1_266' title='bbox 576 3995 688 4088; x_wconf 85' lang='lat' dir='ltr'><strong>quoad</strong></span> <span class='ocrx_word' id='word_1_267' title='bbox 700 3995 761 4065; x_wconf 82' lang='lat' dir='ltr'><strong>boc</strong></span> <span class='ocrx_word' id='word_1_268' title='bbox 774 4020 869 4065; x_wconf 84' lang='lat' dir='ltr'><strong>snam</strong></span> <span class='ocrx_word' id='word_1_269' title='bbox 886 3998 920 4065; x_wconf 87' lang='lat' dir='ltr'><strong>in</strong></span> <span class='ocrx_word' id='word_1_270' title='bbox 933 3998 1019 4089; x_wconf 82' lang='lat' dir='ltr'><strong>ipsos</strong></span> <span class='ocrx_word' id='word_1_271' title='bbox 1027 3997 1303 4089; x_wconf 79' lang='lat' dir='ltr'><strong>jurisdictionem,</strong></span> <span class='ocrx_word' id='word_1_272' title='bbox 1313 4013 1429 4087; x_wconf 75' lang='lat' dir='ltr'><strong>prom</strong></span> 
     </span>
     <span class='ocr_line' id='line_1_32' title="bbox 267 4100 1429 4194; baseline -0.001 -24"><span class='ocrx_word' id='word_1_273' title='bbox 267 4104 328 4194; x_wconf 86' lang='lat' dir='ltr'><strong>jus</strong></span> <span class='ocrx_word' id='word_1_274' title='bbox 351 4102 462 4191; x_wconf 65' lang='lat' dir='ltr'><strong>euicit,</strong></span> <span class='ocrx_word' id='word_1_275' title='bbox 492 4121 647 4168; x_wconf 66' lang='lat' dir='ltr'><strong>ermom.</strong></span> <span class='ocrx_word' id='word_1_276' title='bbox 682 4101 763 4168; x_wconf 88' lang='lat' dir='ltr'><strong>Item</strong></span> <span class='ocrx_word' id='word_1_277' title='bbox 786 4112 910 4171; x_wconf 86' lang='lat' dir='ltr'><strong>constat</strong></span> <span class='ocrx_word' id='word_1_278' title='bbox 933 4125 973 4172; x_wconf 86' lang='lat' dir='ltr'><strong>ex</strong></span> <span class='ocrx_word' id='word_1_279' title='bbox 1000 4104 1103 4194; x_wconf 90' lang='lat' dir='ltr'><strong>capite</strong></span> <span class='ocrx_word' id='word_1_280' title='bbox 1123 4105 1213 4171; x_wconf 85' lang='lat' dir='ltr'><strong>Sane</strong></span> <span class='ocrx_word' id='word_1_281' title='bbox 1239 4103 1284 4193; x_wconf 85' lang='lat'><strong>(3,</strong></span> <span class='ocrx_word' id='word_1_282' title='bbox 1306 4100 1351 4168; x_wconf 90' lang='lat' dir='ltr'><strong>tit.</strong></span> <span class='ocrx_word' id='word_1_283' title='bbox 1388 4107 1429 4192; x_wconf 83' lang='lat'><strong>2,</strong></span> 
     </span>
     <span class='ocr_line' id='line_1_33' title="bbox 274 4206 1433 4300; baseline -0.003 -18"><span class='ocrx_word' id='word_1_284' title='bbox 274 4209 349 4282; x_wconf 91' lang='lat' dir='ltr'><strong>libri</strong></span> <span class='ocrx_word' id='word_1_285' title='bbox 366 4211 385 4274; x_wconf 83' lang='lat'>2</span> <span class='ocrx_word' id='word_1_286' title='bbox 403 4207 557 4298; x_wconf 80' lang='lat' dir='ltr'><strong>Deerat),</strong></span> <span class='ocrx_word' id='word_1_287' title='bbox 575 4229 640 4298; x_wconf 90' lang='lat' dir='ltr'><strong>quo</strong></span> <span class='ocrx_word' id='word_1_288' title='bbox 652 4207 697 4276; x_wconf 92' lang='lat' dir='ltr'><strong>sic</strong></span> <span class='ocrx_word' id='word_1_289' title='bbox 711 4206 895 4277; x_wconf 88' lang='lat' dir='ltr'><strong>decernitur</strong></span> <span class='ocrx_word' id='word_1_290' title='bbox 912 4237 919 4278; x_wconf 79' lang='grc' dir='ltr'><strong>ι</strong></span> <span class='ocrx_word' id='word_1_291' title='bbox 934 4211 1023 4279; x_wconf 87' lang='lat' dir='ltr'><strong>Sane</strong></span> <span class='ocrx_word' id='word_1_292' title='bbox 1037 4209 1066 4277; x_wconf 85' lang='lat' dir='ltr'><strong>ri</strong></span> <span class='ocrx_word' id='word_1_293' title='bbox 1079 4209 1235 4300; x_wconf 84' lang='lat' dir='ltr'><strong>Episcopi</strong></span> <span class='ocrx_word' id='word_1_294' title='bbox 1247 4209 1433 4298; x_wconf 81' lang='lat' dir='ltr'><strong>intorques</strong></span> 
     </span>
    </p>
   </div>
   <div class='ocr_carea' id='block_1_6' title="bbox 0 0 1520 4976">
    <p class='ocr_par' dir='ltr' id='par_1_8' title="bbox 0 0 1520 4976">
     <span class='ocr_line' id='line_1_34' title="bbox 0 0 1520 4976; baseline 0 1"><span class='ocrx_word' id='word_1_295' title='bbox 0 0 1520 4976; x_wconf 95' lang='lat' dir='ltr'><strong> </strong></span> 
     </span>
    </p>
   </div>
  </div>
 </body>
</html>
