3046 4962
275 455 294 522 2
691 473 800 522 rorms
822 473 996 522 rescissus

268 596 400 688 judiciis
420 597 641 665 ecclesiasticis
658 599 856 666 intervenire
870 595 992 685 solent,
1002 608 1033 667 et
1047 598 1088 666 dc
1101 595 1185 689 juris
1201 597 1284 667 sacri
1308 596 1427 692 quoad'
1518 643 1519 672 .

271 705 416 794 singulas
432 705 558 772 statutis
573 704 915 797 legibusdisceptatio.

315 813 398 882 Cum
418 833 496 880 vero
517 820 655 903 nequeat
676 834 881 904 uuaquaeque
900 836 998 883 cause
1013 815 1076 882 uisi
1097 837 1117 882 s
1135 824 1335 907 competente
1353 815 1411 906 ju·

270 921 341 988 dice
356 918 498 1008 legitime
511 916 634 1006 dirimi,
652 942 717 1010 qus
731 919 856 988 ratione
868 919 971 1011 judex
987 920 1042 988 ille
1057 929 1244 1012 competens
1265 921 1413 1012 dignosci
1518 917 1519 988 i

270 1026 387 1114 valeat,
405 1033 453 1093 est
466 1026 562 1094 etiam
578 1023 833 1114 indigitandum.

312 1135 349 1201 iu
372 1154 568 1224 unoquoque
589 1140 745 1223 praeterea
761 1132 885 1224 judicio
907 1135 1111 1224 praecipuum
1132 1141 1180 1202 est
1197 1142 1235 1221 ut
1258 1133 1413 1225 probetur

271 1241 358 1331 quod
381 1238 572 1326 intenditur,
595 1263 672 1307 cum
692 1239 796 1331 judex
817 1249 955 1331 nequeat
973 1241 1037 1309 nisi
1057 1264 1099 1309 ex
1121 1241 1264 1332 probatis
1283 1251 1413 1311 senten·
1518 1231 1519 1312 i

270 1351 351 1416 tiam
366 1346 532 1436 proferre3
548 1345 680 1416 undeet
695 1345 735 1413 de
751 1347 997 1437 probationibus
1013 1345 1200 1416 dicendum.

312 1454 375 1522 His
393 1474 472 1542 ergo
485 1451 838 1541 notionibus,.totidem
855 1453 1035 1522 sectionum
1052 1461 1158 1521 tractu
1173 1453 1411 1545 expendendis,
1518 1433 1519 1512 Ῐ

268 1565 392 1627 constat
415 1557 514 1649 hujus
535 1557 642 1647 operis
661 1558 762 1625 nostri
787 1561 871 1626 Pars
887 1557 993 1649 prior,
1019 1557 1060 1627 dc
1077 1557 1213 1626 Iudiciis
1236 1558 1272 1625 in
1291 1579 1406 1648 genere
1518 1568 1519 1596 ³

272 1666 436 1755 inscripta.

312 1775 391 1840 Pars
411 1794 488 1846 vero
514 1773 615 1840 alters
637 1771 676 1840 dc
700 1772 837 1841 Iudiciis
861 1773 1079 1842 ecclesiasticis
1099 1773 1136 1842 in
1156 1774 1270 1864 specie,
1298 1783 1411 1864 suapte

268 1881 368 1950 veluti
381 1885 496 1947 natura
508 1879 661 1969 postulet,
675 1887 711 1947 ut
722 1903 759 1948 ea
772 1881 881 1948 omnis
893 1903 967 1970 quae
978 1880 1127 1968 siugulis,
1146 1888 1217 1948 tum
1230 1879 1408 1964 curiorum,
1518 1883 1519 1910 ³

268 1996 337 2055 tum
351 1985 549 2077 judiciorum
569 1986 857 2055 ecclesiasticorum
877 1986 1044 2076 speciebus
1062 1987 1193 2078 propria
1208 1996 1296 2074 sunt,
1320 1987 1412 2076 sigil-

266 2095 356 2163 latim
380 2092 603 2183 expendemus
629 2120 637 2160 ι
663 2102 760 2183 atque
788 2093 864 2160 hinc
897 2094 1077 2161 immensus
1107 2093 1250 2184 profecto
1279 2114 1412 2183 csmpus

267 2201 433 2292 penditur.
451 2198 600 2268 Occurrit
614 2200 702 2267 enim
718 2199 890 2268 dicendum
911 2225 919 2266 ι

314 2348 346 2411 1ο
366 2345 413 2411 De
429 2345 520 2412 curia
536 2364 683 2428 romana,
700 2342 741 2410 de
757 2343 860 2433 ipsius
877 2365 993 2433 nempe
1012 2344 1331 2434 congregationibus,
1354 2345 1411 2410 tri·

269 2451 455 2536 bunalibus,
471 2450 649 2542 judicibus,
666 2471 845 2541 eorumque
862 2473 988 2519 norme.

312 2563 346 2627 2⁰
361 2559 407 2625 De
423 2559 514 2625 curia
530 2556 702 2648 episcopali
717 2565 805 2624 recte
821 2556 1032 2647 intelligendo
1045 2566 1076 2625 et
1092 2556 1286 2626 ordinando.

314 2669 347 2730 3⁰
360 2665 406 2731 De
422 2685 573 2755 processu
590 2663 755 2731 criminali
771 2662 948 2733 ordinario.

278 2803 280 2808 ·
314 2777 346 2840 4⁰
362 2772 411 2838 De
424 2793 576 2862 processu
592 2769 753 2838 criminali
769 2770 1040 2840 extraordinario.

316 2883 347 2946 5⁰
362 2879 409 2947 De
424 2899 575 2969 processu
592 2877 679 2945 civili
694 2876 918 2946 ecclesiastico.

312 2991 346 3053 6ο
360 2986 406 3052 Dc
425 2985 472 3054 rei
489 2984 670 3076 judiciariae
689 2984 760 3073 lege
784 2982 872 3075 opud
892 2983 1059 3074 religiosos
1081 2985 1212 3053 ordines
1235 2987 1409 3055 obtinente.
1518 3051 1519 3062 .

314 3098 346 3160 7ο
361 3091 507 3160 Tandem
522 3090 767 3182 suppeditaudae
782 3091 888 3182 quoad
905 3091 1004 3159 totius
1023 3092 1071 3159 rei
1082 3090 1266 3183 judiciarie
1283 3095 1412 3184 proxim

270 3207 462 3290 opportunae
479 3197 643 3266 formulae.

316 3359 355 3426 Et
376 3358 461 3426 dicto
480 3356 613 3450 quidem
635 3357 761 3445 ordine,
789 3357 923 3426 totidem
947 3357 1099 3426 adhibitis
1122 3359 1332 3447 sectionibus,
1361 3382 1413 3426 se·
1518 3381 1519 3450 i

270 3467 409 3536 cundem
429 3475 554 3557 portem
573 3465 794 3555 expediemus.
817 3463 1050 3532 Gravissimum
1069 3474 1178 3534 temen
1194 3465 1234 3534 de
1246 3465 1340 3534 curia
1354 3489 1413 3532 ro-

272 3597 374 3642 massa
393 3571 616 3640 tractationem
633 3594 692 3639 suo
711 3571 781 3640 loco
802 3570 1054 3639 memorabimus
1071 3581 1212 3658 tentum,
1231 3571 1272 3639 ad
1292 3572 1415 3662 specie·

271 3681 334 3750 lem
357 3681 396 3747 de
418 3679 477 3748 boc
499 3701 534 3746 re
555 3686 726 3746 tractatum
743 3679 852 3768 (quem
877 3677 945 3745 Deo
964 3676 1060 3746 doute
1079 3677 1149 3768 jam
1175 3677 1349 3767 edidimus)
1369 3679 1415 3767 (1)

274 3788 482 3874 remittentes.
515 3785 626 3875 Neque
655 3785 742 3852 cuim
768 3783 900 3852 decebst
925 3785 1006 3852 tanti
1023 3784 1191 3872 momenti,
1215 3792 1324 3875 totque
1345 3807 1417 3852 ma·

272 3895 361 3962 teriis
374 3891 543 3960 abundans
557 3899 788 3980 argumentum
803 3889 1037 3959 subdivisionis
1055 3888 1131 3958 sede
1150 3889 1203 3957 bic
1224 3890 1413 3976 intercludi,
1518 3979 1519 3984 ἵ

305 4055 339 4146 Ι(ἱ)
353 4083 382 4133 lu
393 4083 501 4130 troctatu
512 4078 544 4128 de
557 4078 637 4128 Curta
648 4082 755 4128 romano
767 4077 917 4130 disserimus
928 4078 960 4129 de
974 4079 1157 4140 cardinalibus,
1170 4077 1202 4129 dc
1217 4078 1330 4129 romanis
1352 4094 1416 4128 con·
1518 4090 1519 4154 ζ

273 4161 475 4228 gregationibus,
487 4173 518 4209 ae
532 4157 718 4222 tribunalibus;
732 4163 758 4209 et
776 4159 808 4210 de
822 4159 971 4224 spostolicis
992 4159 1091 4224 legetis,
1108 4159 1216 4221 nuntiis,
1229 4157 1342 4220 vicariis,
1355 4160 1418 4210 visi·

272 4243 396 4296 tutoribus
409 4245 441 4304 et
451 4239 710 4300 administratoribus.
