3030 4980
292 439 351 502 528
806 461 911 510 innan.

380 579 466 644 putem
482 578 539 630 vice
561 579 693 646 Episcopi,
706 583 732 630 et
748 582 784 631 ita
802 585 830 632 ut
850 585 923 634 sotus
936 584 993 648 ejus
1013 583 1045 636 ab
1064 585 1193 652 Episcopo
1212 588 1277 652 gesti
1292 603 1357 640 cen·

379 664 483 712 mentm
515 695 1353 721 .....................
1387 673 1431 718 358

315 769 378 834 §ll
393 769 525 820 Evolvitur
539 769 612 819 nollo
626 768 761 820 donatore
774 769 911 822 vicariatus
925 773 1052 836 generalis
1065 774 1187 840 Episcopi
1218 815 1225 827 .
1259 815 1265 826 .
1302 817 1310 828 .
1346 817 1352 827 .
1389 783 1431 828 tsi
1505 792 1510 804 ·

348 850 457 913 Quaestio
475 852 511 898 1⁸.
526 849 615 899 Utrum
630 848 749 900 vicarius
763 853 892 914 generetis
902 852 1024 918 Episcopi
1032 853 1239 918 jurisdictionem
1252 857 1350 909 haben
1504 844 1509 869 ¹

377 931 474 994 alege,
487 942 520 978 an
533 942 596 978 vero
610 929 642 979 ab
657 927 787 994 Episcopo
806 967 1351 987 ..............
1388 941 1432 987 ³⁵9

347 1011 457 1072 Quaestio
470 1011 507 1058 2¹.
521 1008 610 1059 Utrum
619 1008 739 1060 Vicarius
751 1010 880 1074 generalis
893 1011 1016 1077 Episcopi
1029 1014 1189 1066 ordinariam
1202 1017 1295 1067 habeat
1309 1019 1354 1082 ju·

376 1089 567 1153 risdictionem,
579 1103 613 1140 an
626 1103 689 1139 vero
704 1089 849 1154 delegatam
883 1129 1350 1148 ............
1386 1104 1429 1148 sol

347 1173 456 1236 Quaestio
469 1174 505 1220 ³⁸.
519 1173 559 1220 An
571 1171 656 1220 valeat
670 1170 814 1236 Episcopus
828 1171 925 1224 vicarii
940 1174 980 1224 sui
998 1177 1128 1239 generalis
1142 1177 1351 1242 jurisdictionem

375 1265 423 1315 pro
440 1249 546 1301 orbiuio
561 1251 715 1314 restringere
718 1287 1350 1308 ................
1386 1265 1433 1308 :tes

347 1332 456 1393 Quaestio
471 1333 505 1378 rs,
519 1329 608 1380 Utrum
628 1329 809 1381 revocabilitas
823 1331 857 1381 sit
874 1332 907 1382 ds
926 1335 1038 1385 essentie
1054 1335 1192 1386 vicariatus
1212 1338 1350 1402 generalis.
1386 1343 1432 1387 tit

346 1412 456 1474 Quaestio
470 1414 505 1459 δι.
517 1409 653 1468 Quomodo
673 1410 790 1462 Vicarius
810 1408 940 1476 generalis
960 1413 1062 1467 diderat
1082 1417 1114 1467 sls
1133 1417 1238 1481 anduno
1261 1417 1353 1468 archi-

375 1491 487 1543 diacono
512 1525 1347 1548 .....................
1385 1503 1430 1549 stt
1500 1496 1505 1521 ¹

346 1571 456 1635 Quaestio
469 1575 504 1620 te.
518 1569 655 1629 Quomodo
667 1569 785 1621 vicarius
805 1572 933 1635 generalis
947 1573 1046 1625 discret
1066 1589 1082 1626 a
1101 1575 1221 1642 delegato
1239 1581 1265 1627 et
1281 1577 1351 1627 avi·

374 1651 445 1701 cario
458 1650 563 1700 loraneo
587 1687 592 1698 .
624 1655 627 1662 '
628 1686 1346 1706 ..................
1384 1661 1431 1705 sii
1499 1684 1504 1717 3

344 1731 453 1795 Quaestio
465 1733 500 1779 in.
511 1727 647 1788 Quomodo
660 1727 857 1792 intelligendum
869 1731 901 1780 sit
912 1745 967 1783 non
981 1732 1037 1783 dari
1049 1734 1249 1798 appelletionsm
1260 1749 1276 1785 a
1288 1750 1351 1786 sen·

373 1809 452 1862 tentia
463 1809 560 1860 Vicerii
573 1809 700 1872 generalis
713 1809 746 1858 ed
760 1809 919 1874 Episcopum
922 1848 1346 1865 ...........
1384 1821 1432 1868 sis

344 1893 454 1954 Qumrtio
466 1894 502 1940 8³.
514 1892 551 1940 An
564 1888 708 1953 Episcopus
721 1890 803 1953 possit
813 1891 959 1942 concedere
974 1894 1161 1944 restitutionem
1175 1895 1202 1945 in
1215 1895 1350 1961 integrum

374 1975 464 2022 contra
475 1969 629 2020 sententiam
643 1969 739 2019 vicarii
754 1970 792 2019 sui
804 1970 948 2034 generalis:
962 1975 986 2022 et
998 1987 1030 2023 an
1044 1973 1162 2025 vicarius
1173 1975 1241 2026 idem
1255 1977 1350 2041 possit,

371 2058 426 2103 tum
438 2055 529 2102 coutrs
541 2063 624 2110 suam,
638 2054 692 2100 tum
707 2053 797 2100 contra
811 2051 931 2116 Episcopi
942 2053 1097 2104 sententiam
1123 2091 1341 2106 ......
1381 2063 1426 2107 ott

343 2133 451 2196 Quaestio
465 2136 501 2181 9⁰.
514 2135 580 2181 Ana
596 2130 723 2180 sententia
736 2130 833 2180 vicarii
851 2126 989 2195 generalis
999 2134 1089 2196 possit,
1101 2136 1141 2185 sin
1156 2135 1242 2186 minus
1255 2139 1349 2201 eppei-

372 2215 428 2278 lari,
442 2219 468 2265 at
481 2214 572 2264 sellem
585 2211 725 2276 supplicari
738 2212 772 2262 ud
787 2213 942 2278 Episcopum
961 2252 1298 2268 .........
1338 2258 1345 2268 .
1382 2225 1429 2270 tis

342 2296 452 2360 Quaestio
466 2297 516 2344 tos.
532 2295 571 2344 An
584 2293 729 2358 Episcopus
740 2307 844 2344 causam
858 2295 1015 2358 pendentem
1030 2310 1118 2347 coram
1134 2297 1235 2348 Vicerio
1249 2312 1297 2348 suo
1310 2301 1348 2348 ad

371 2390 398 2426 sa
413 2387 536 2424 revocare
548 2373 638 2438 possit,
650 2376 694 2423 aut
707 2373 785 2422 elium
798 2373 819 2422 ei
832 2372 950 2424 inhibere
964 2387 998 2424 ne
1013 2374 1114 2438 judicet
1126 2375 1154 2426 in
1168 2379 1238 2426 certe
1256 2389 1347 2426 causa.
1383 2381 1427 2425 tii

342 2457 450 2522 Quaestio
468 2458 519 2503 lle.
532 2455 598 2504 Num
611 2453 736 2518 appellari
754 2452 834 2516 possit
855 2468 870 2503 n
890 2453 1009 2519 delegato
1023 2455 1144 2521 Episcopi
1165 2456 1198 2506 ed
1213 2456 1347 2506 Vicerium

370 2535 518 2602 generalem
540 2569 1344 2586 ....................
1381 2541 1427 2584 sut

341 2616 452 2681 Quaestio
466 2619 516 2664 lit.
532 2615 598 2663 Num
619 2613 736 2664 vicarius
757 2613 895 2678 generalis,
908 2613 1038 2678 Episcopo
1061 2629 1186 2680 suspenso
1201 2615 1241 2665 vci
1263 2616 1347 2666 inter-

370 2697 449 2756 dioto,
459 2695 501 2744 vel
513 2693 750 2754 excommunicato,
761 2693 970 2757 jurisdictionem
985 2709 1107 2747 exercere
1123 2697 1213 2760 possit.
1249 2733 1254 2745 .
1292 2733 1297 2746 .
1335 2735 1343 2746 .
1380 2701 1426 2746 319
1507 2688 1511 2697 “

340 2778 450 2842 Quaeslio
464 2777 567 2826 1311111
580 2774 695 2825 recusari
705 2774 787 2837 possit
796 2774 912 2824 Vicerius
921 2776 1048 2839 generalis
1061 2779 1183 2841 tanquam
1195 2782 1346 2840 suspectus,

371 2875 401 2910 ea
417 2872 448 2908 eo
463 2856 533 2921 quod
544 2855 611 2905 adsit
624 2855 688 2904 ratio
701 2853 814 2918 legitimo
824 2855 962 2906 recusandi
979 2856 1138 2922 Episcopum
1152 2861 1275 2922 tanquam
1288 2871 1347 2908 sus-
1513 2901 1514 2918 ,

368 2943 472 3006 pscium
506 2970 1343 2987 .....................
1379 2942 1427 2988 379
1513 2939 1514 2942 ’

339 3021 448 3084 Quaestio
460 3021 511 3067 lit.
523 3017 590 3068 lium
603 3016 718 3066 recusari
730 3016 810 3079 possit
823 3016 967 3080 Episcopus
979 3031 1011 3066 ex
1021 3031 1052 3067 eo
1066 3019 1135 3082 quod
1145 3017 1213 3068 adsit
1224 3017 1291 3067 ratio
1305 3019 1345 3068 le·
1513 3033 1514 3046 ¹

368 3101 458 3167 giiima
471 3097 609 3148 recusandi
623 3097 678 3161 ejus
691 3096 824 3146 vicarium
838 3098 986 3159 generalem
1002 3105 1124 3162 tanquam
1138 3105 1297 3162 suspectum.
1335 3137 1342 3148 .
1379 3103 1424 3148 ssi

338 3184 446 3246 Quaestio
467 3183 515 3230 tlt.
530 3177 637 3237 Quando
652 3176 795 3240 Episcopus
814 3177 901 3239 plures
916 3177 1049 3228 constituit
1063 3177 1180 3228 Viosrios
1194 3179 1345 3242 generales,

365 3277 399 3313 an
411 3259 585 3323 unusquisque
597 3257 691 3306 haheat
702 3256 908 3320 jurisdictionem
919 3257 946 3306 iu
956 3256 1078 3318 solidum,
1087 3262 1113 3307 et
1124 3257 1205 3322 possit
1217 3258 1272 3308 sine
1284 3258 1345 3308 ollis

366 3353 424 3390 enm
438 3349 561 3388 exercere
579 3371 1295 3386 ..................
1332 3372 1342 3387 .
1378 3343 1425 3386 880
1512 3366 1513 3375 t

305 3459 378 3522 §lli
394 3457 428 3505 De
442 3454 579 3504 vicariatus
592 3451 720 3516 generalis
736 3451 937 3502 etoidcialitatis
951 3453 1080 3503 essentiali
1094 3453 1251 3503 identitate.
1288 3491 1293 3502 .
1334 3493 1340 3502 .
1377 3459 1422 3506 ssi

335 3537 479 3600 Propositio
495 3536 527 3583 1⁸.
539 3534 575 3582 De
587 3535 644 3596 iure
659 3534 801 3593 communi,
810 3532 907 3582 i'icarii
921 3534 1050 3597 generetis
1061 3537 1087 3583 et
1099 3533 1216 3583 ollicialls
1229 3534 1342 3584 nomina

365 3629 509 3682 synonyma
520 3619 588 3674 sunt,
603 3613 705 3662 elidem
721 3615 827 3663 omnino
842 3613 957 3663 officium
970 3614 1120 3678 exprimunt
1123 3650 1342 3664 ......
1377 3621 1420 3664 ist

333 3697 478 3762 Propositic
489 3696 533 3744 lla.
545 3695 601 3743 Non
616 3696 700 3756 potest
710 3692 796 3742 iecere
811 3692 962 3756 Episcopus,
977 3693 1064 3756 utqui
1079 3693 1249 3744 voluntariam
1264 3692 1344 3744 dum-

364 3780 434 3829 taxat
451 3773 657 3839 jurisdictionem
675 3774 744 3822 valet
763 3785 884 3822 exercere
903 3775 936 3822 sit
948 3787 1025 3823 uerus
1040 3773 1156 3824 Vicarius
1169 3775 1300 3837 generalis
1314 3775 1346 3826 in

364 3872 440 3909 sensu
451 3855 516 3920 juris
542 3889 1340 3903 ....................
1377 3859 1421 3902 383

333 3939 474 4000 Propositr'o
495 3936 551 3986 111¹.
566 3937 622 3984 Non
645 3937 732 3997 potest
755 3935 840 3983 lucere
861 3933 1013 3997 Episcopus,
1030 3938 1058 3983 ut
1077 3935 1121 3997 qui
1149 3934 1343 3984 contentiosam

364 4019 496 4069 dumtaxat
505 4015 713 4079 jurisdictionem
724 4015 794 4064 valet
807 4027 941 4075 exercerc,
956 4014 990 4063 sit
1000 4027 1078 4064 verus
1091 4013 1208 4064 officialis
1222 4014 1343 4064 insensu
1512 4063 1513 4074 ,

360 4100 425 4164 juris
457 4128 1339 4146 ......................
1375 4101 1420 4146 sss
1512 4113 1513 4128 r

332 4181 475 4242 Pmpositr'o
489 4179 543 4227 lus,
557 4177 643 4226 Potest
662 4175 808 4240 Episcopus
827 4174 980 4238 Officialem,
992 4189 1038 4226 sou
1053 4175 1131 4239 (quod
1148 4175 1218 4226 idem
1233 4179 1282 4242 esi)
1297 4177 1343 4228 Vi-

362 4259 459 4312 carium
473 4271 548 4307 suum
569 4258 728 4321 generalem,
740 4256 787 4306 suh
809 4269 886 4320 prens
904 4255 1087 4318 revocationis,
1106 4270 1160 4308 non
1177 4261 1264 4308 antem
1286 4258 1337 4309 sub
