3056 4972
273 497 334 563 238
641 515 817 564 rrrcrrrna
839 517 877 562 na
899 514 1032 563 motura.

271 634 449 707 exercendo
464 657 599 704 munere
613 635 744 704 inerunt
765 637 935 729 approbati
952 645 985 706 ct
998 636 1032 704 in
1046 634 1156 704 album
1171 632 1409 704 causidicorum

269 745 373 814 relati.
390 743 473 812 Hinc
488 764 562 811 cum
576 751 701 810 certum
715 743 756 810 sit
770 744 983 835 principium,
994 743 1168 835 postulare
1182 765 1278 834 pocae
1296 763 1409 810 omma

271 852 330 944 qui
346 851 514 943 jeracon
530 849 761 940 prohibeatur,
786 851 933 941 sequitur
955 872 1015 942 pro
1035 849 1191 918 advocato
1214 848 1292 938 eligi
1313 869 1409 939 posse

269 959 365 1027 etiam
379 980 454 1027 cum
468 957 525 1049 qui
538 979 604 1025 non
617 955 659 1024 sit
671 957 711 1025 dc
726 957 973 1045 advocatorum,
988 958 1184 1027 authoritate
1198 955 1325 1047 publice
1345 975 1408 1044 ap-

269 1065 490 1156 probatorum,
501 1062 589 1150 albo;
608 1061 704 1132 modo
718 1063 852 1132 aliunde
862 1087 928 1132 non
942 1064 1066 1132 laboret
1077 1064 1146 1132 ullo
1156 1086 1197 1132 ex
1207 1059 1407 1130 enumeratis

267 1171 454 1256 defectibus,
473 1171 530 1262 qui
542 1170 637 1260 juxta
649 1169 734 1260 juria
753 1171 837 1238 sacri
858 1168 987 1240 decreta
1005 1193 1025 1240 a
1045 1169 1132 1240 dicto
1156 1169 1262 1239 officio
1281 1176 1405 1236 arceat.

266 1275 487 1347 Nihilominus
511 1283 618 1344 tamen
649 1281 757 1366 posset
778 1275 887 1367 alique
910 1277 1001 1345 curia
1022 1277 1237 1345 ecclesiastica
1264 1274 1296 1342 id
1322 1274 1408 1364 legis

267 1384 386 1453 babere
404 1383 483 1474 (aive
498 1404 540 1450 ex
554 1383 680 1452 statutio
695 1383 757 1474 ipai
771 1383 925 1475 propriis,
941 1385 1010 1454 sira
1023 1407 1065 1454 ex
1075 1382 1220 1474 legitima
1231 1389 1407 1450 consuetu-

267 1491 367 1584 dine),
383 1498 420 1558 ut
434 1489 476 1559 ad
491 1489 703 1558 exercendam
724 1489 923 1559 advocatiam
939 1490 1026 1582 apnd
1046 1491 1150 1583 ipaam
1169 1511 1236 1558 non
1254 1487 1406 1556 admitte-

265 1607 379 1666 rentur
404 1596 467 1664 uisi
490 1595 637 1664 advocati
662 1595 794 1690 publici.
820 1596 914 1665 Tunc
939 1605 1047 1666 autem
1073 1595 1235 1688 ejusmodi
1258 1593 1406 1665 advocati

266 1705 419 1774 deberent
432 1703 620 1773 auctoritate
638 1703 847 1774 ecclesiastica
866 1713 904 1773 ut
922 1704 1001 1773 tales
1021 1705 1212 1796 approbari3
1227 1700 1316 1794 quod
1337 1723 1405 1770 uon

266 1813 331 1880 nisi
344 1811 469 1904 praevio
479 1809 602 1902 judicio
619 1809 660 1879 de
673 1811 859 1900 idoneitate,
875 1818 907 1881 et
919 1811 1037 1880 emmau
1053 1811 1094 1880 ab
1110 1811 1189 1902 ipaia
1203 1809 1404 1902 professione

267 1918 342 1988 fidei
359 1919 525 1988 catholice
547 1919 619 1986 fieri
640 1918 743 1986 debet.
767 1918 879 1986 Posset
896 1927 1021 2007 auum,
1040 1927 1078 1988 ut
1099 1918 1241 2004 videtur,
1266 1915 1405 2008 quilibet

265 2027 455 2118 Episcopus,
476 2025 503 2092 si
524 2025 586 2116 ipsi
609 2024 689 2093 utile
713 2025 892 2112 videretur,
917 2025 1079 2118 ejusmodi
1105 2025 1335 2094 advocatorum
1360 2023 1403 2091 ab

263 2133 335 2224 ipso
350 2129 600 2224 approbatorum
617 2130 727 2200 album
742 2131 915 2219 conficere,
931 2140 1024 2201 extra
1038 2132 1126 2225 quod
1146 2130 1330 2200 defensores
1345 2151 1402 2197 au-

140 2321 143 2328 ,
264 2261 352 2308 mere
367 2261 433 2307 non
447 2238 558 2306 liceret
572 2237 626 2325 iis,
645 2238 702 2330 qni
721 2238 808 2329 apud
828 2237 974 2329 ejusdem
993 2238 1143 2331 Episcopi
1166 2235 1309 2306 tribunal
1330 2235 1403 2304 lites

265 2348 394 2416 babent.
416 2346 481 2414 Res
495 2355 603 2413 tamen
621 2343 714 2413 valde
732 2345 836 2414 ardua
856 2352 916 2434 est,
930 2357 962 2413 et
977 2344 1069 2415 facilc
1087 2344 1243 2414 invidiam
1260 2345 1403 2412 Praelato

262 2454 446 2539 concitaret,
462 2473 500 2520 eo
514 2450 602 2542 qnod
624 2450 822 2540 litigantium
843 2450 1024 2520 libertatem
1040 2462 1200 2521 coarctare
1215 2450 1399 2536 videretur;

261 2561 441 2654 presertim
466 2559 493 2625 si
513 2579 634 2649 parvus
656 2557 699 2624 sit
712 2557 964 2649 approbatorum
986 2557 1147 2650 ejusmodi
1170 2557 1402 2628 advocatorum

264 2689 430 2738 numellis.

785 2910 879 3000 av.

658 3089 698 3139 De
710 3088 896 3140 advocatorum
909 3086 1006 3138 officio.

311 3323 340 3389 l.
369 3345 386 3385 a
407 3318 540 3386 Certum
563 3324 700 3384 estnon
723 3335 815 3405 posse
833 3313 874 3381 ab
900 3312 980 3404 ipsis
1000 3311 1119 3404 suscipi
1142 3331 1273 3380 eausam
1295 3309 1401 3402 injus-

268 3457 285 3496 a
308 3437 391 3514 tam;
409 3423 554 3515 alioquin
569 3422 596 3489 si
615 3422 719 3490 sciens
734 3420 767 3488 id
782 3419 903 3506 lecerit,
920 3419 1084 3489 tenebitur
1104 3428 1173 3487 tum
1195 3417 1279 3510 parti
1295 3417 1398 3505 laeeae,

267 3562 284 3600 a
306 3544 375 3604 tum
395 3531 503 3600 clienti
521 3529 561 3619 (si
582 3551 660 3597 eum
679 3526 814 3618 decepit,
835 3525 946 3594 dicens
964 3547 1034 3594 ease
1052 3547 1181 3595 musam
1193 3525 1341 3615 justam),
1358 3521 1400 3590 ad

265 3668 283 3709 a
306 3637 542 3710 restitutionem
559 3635 670 3704 damni
691 3633 783 3702 illati.
806 3632 927 3701 Dixiac'
945 3632 1057 3715 aciens,
1074 3638 1150 3718 ctc.;
1168 3653 1244 3700 nam
1260 3631 1289 3698 si
1303 3632 1402 3720 iguo-

267 3777 283 3816 α
307 3755 416 3816 ranter
444 3765 573 3813 causam
597 3740 749 3831 injustam
770 3739 927 3826 defendit,
951 3738 1130 3808 videndum
1153 3761 1196 3806 au
1216 3737 1402 3828 ignorantia

268 3884 284 3922 a
308 3855 377 3924 haec
393 3853 490 3922 luerit
509 3847 691 3941 culpabilia,
712 3870 755 3916 an
770 3845 986 3938 inculpabilis.
1005 3845 1041 3914 Si
1061 3847 1165 3937 prius,
1188 3845 1293 3913 solum
1311 3854 1402 3914 tene·

267 3991 284 4030 c
306 3963 394 4030 bitur
409 3959 504 4050 juxta
530 3955 663 4025 modum
684 3954 798 4045 culpae.
822 3953 858 4022 Si
882 3953 1054 4045 posteriue,
1079 3951 1121 4021 ad
1148 3949 1399 4020 nihilomnino.

268 4099 285 4138 a
307 4071 345 4137 ln
361 4075 498 4157 utroque
517 4073 626 4132 tamen
641 4083 730 4147 casn,
752 4082 862 4130 errore
882 4061 1023 4150 cognito,
1045 4059 1140 4127 debet
1159 4079 1288 4126 causam
1309 4057 1404 4126 deae·

269 4205 286 4244 a
309 4197 393 4261 rere,
409 4173 460 4242 vel
474 4171 581 4262 potius
601 4168 750 4237 clientem
772 4168 943 4260 disponere
957 4175 993 4234 ut
1014 4165 1150 4256 ipsemet
1169 4164 1261 4233 cedat
1277 4165 1348 4252 lite,
1370 4176 1403 4234 et

268 4313 285 4356 a
308 4305 382 4352 cunt
396 4277 582 4348 adversario
596 4298 657 4346 suo
669 4281 840 4365 componat
858 4273 904 4364 (S.
923 4273 1078 4362 Thomas,
1094 4275 1127 4340 2.
1145 4275 1179 4359 2,
1192 4295 1224 4364 q.
1243 4274 1297 4357 71,
1315 4293 1345 4340 a.
1366 4275 1398 4362 3,
