3032 4976
296 461 358 528 288
665 479 842 528 micrnms
864 479 903 527 nn
926 479 1060 528 rnorcns.

289 603 359 694 jem
373 601 455 670 leotn
465 623 486 670 e
496 601 643 694 pertibm
657 613 840 672 contractus
850 603 1040 672 rescissione
1051 625 1108 674 sen
1118 603 1340 692 emulatione,
1351 625 1432 672 con-
1507 569 1508 584 l

291 709 397 778 veniri
412 709 528 801 poterit
549 709 638 779 liene
653 710 688 778 in
707 711 777 780 loco
800 711 856 780 ubi
881 710 953 780 hmo
972 713 1141 782 annulatio
1161 712 1245 780 lectu
1267 721 1330 797 est,
1344 711 1372 778 si
1388 713 1432 778 ibi

290 817 486 909 reperietur;
504 816 581 908 quie
603 817 665 884 isto
684 840 725 886 ex
749 825 866 888 mutuo
888 841 1049 888 consensu
1073 820 1233 906 rescissio,
1250 827 1347 888 estet
1363 819 1432 909 ipso

292 924 410 1016 aliquis
420 930 615 994 contractus.

336 1031 493 1124 Eeceptio
508 1029 555 1098 ad
567 1030 719 1120 reputant
735 1033 804 1098 am,
821 1068 867 1082 -
881 1029 918 1100 Si
932 1037 1044 1100 tomen
1062 1039 1179 1123 egetur
1193 1032 1233 1100 de
1251 1040 1430 1116 contractu,

291 1159 357 1208 non
374 1139 443 1230 jem
464 1137 610 1220 rescisso,
631 1135 688 1204 sed
709 1135 934 1225 rescindendo,
956 1137 1061 1206 oritur
1081 1139 1167 1206 inter
1188 1135 1335 1205 doctores
1350 1158 1432 1204 con-
1508 1133 1509 1194 ἴ

293 1247 462 1315 troversia.
480 1244 549 1313 Alii
562 1242 727 1312 affirmant
748 1267 841 1337 posse
863 1253 941 1314 tunc
962 1245 1061 1314 ouem
1075 1245 1182 1314 Reum
1206 1243 1374 1313 conveniri
1399 1245 1432 1312 in

291 1353 362 1422 loco
377 1353 435 1421 nbi
453 1359 635 1422 contractus
656 1351 756 1419 initus
779 1350 854 1438 luit,
874 1353 902 1420 si
921 1351 966 1420 ibi
987 1374 1134 1443 presens
1151 1352 1335 1444 reperietur
1353 1378 1361 1419 :
1378 1351 1432 1419 elii

292 1468 425 1552 negent,
450 1468 483 1530 et
504 1459 701 1528 contendunt
725 1481 802 1526 enm
827 1481 895 1528 non
918 1483 1011 1552 posse
1032 1459 1201 1530 conveniri
1225 1459 1289 1528 nisi
1307 1459 1344 1526 in
1363 1459 1433 1528 loco

293 1569 396 1663 ipsius
422 1566 596 1654 domicilii;
619 1567 699 1659 quia
721 1567 894 1658 (inquiunt)
923 1567 1034 1636 forum
1059 1567 1183 1637 ratione
1205 1577 1391 1638 contractus
1415 1591 1433 1635 a

292 1675 365 1767 lege
386 1675 449 1744 luit
471 1695 659 1744 concessum
683 1682 720 1742 ut
741 1674 965 1744 consuleretur
988 1684 1214 1744 contractuum
1233 1674 1430 1766 impletioni,
1509 1739 1510 1754 ,

293 1806 360 1854 non
377 1804 490 1852 eorum
514 1780 708 1852 rescissioni.
736 1781 803 1849 Alii
830 1804 906 1850 cum
933 1781 1225 1873 Schmnlegrueber
1250 1783 1296 1874 lin
1318 1783 1368 1851 tit.
1398 1787 1430 1870 2,
1509 1769 1510 1778 ἵ

292 1890 350 1960 lib.
369 1891 543 1977 inerret,
566 1911 599 1956 n.
624 1888 693 1978 37),
715 1888 923 1978 distinguunt
943 1887 1004 1958 hoc
1031 1889 1129 1959 modo
1150 1917 1157 1958 :
1178 1888 1230 1958 vel
1250 1897 1433 1958 contractus

292 1997 374 2068 vitio
397 1998 506 2089 aliquo
533 1995 705 2064 intrinseco
730 1995 891 2065 laboravit
924 1995 1027 2085 (verbi
1049 1997 1155 2086 gretie
1179 1997 1340 2066 usureriae
1368 1997 1432 2064 ini-

292 2104 452 2198 qnitatis),
473 2103 525 2172 vel
542 2125 625 2190 non3
649 2110 681 2170 et
702 2102 753 2172 vel
770 2103 841 2192 jem
858 2103 1092 2194 impletusiuit,
1117 2103 1251 2172 velcon
1270 2131 1278 2172 ι
1297 2104 1324 2171 si
1341 2103 1432 2172 utillo

292 2213 374 2282 vitio
389 2211 563 2280 intrinseco
576 2207 733 2278 loboravit
744 2218 776 2278 et
788 2209 857 2299 jum
875 2208 1031 2300 impletus
1045 2209 1121 2299 luit,
1143 2232 1209 2280 non
1225 2218 1330 2302 polest
1344 2211 1432 2278 Reus

291 2316 460 2388 conveniri
484 2315 550 2384 nisi
573 2337 682 2384 comm
700 2314 810 2406 judice
833 2315 1002 2384 domicilii.
1030 2316 1065 2385 Si
1085 2317 1136 2385 vel
1162 2316 1317 2409 impletus
1344 2339 1432 2386 non·
1510 2319 1511 2330 ’

292 2425 373 2497 dum
389 2426 442 2513 sit,
464 2424 515 2494 vel
534 2422 686 2515 quemvis
706 2423 862 2514 impletus
880 2422 960 2492 vitio
978 2423 1088 2515 aliquo
1109 2425 1283 2494 intrinseco
1302 2423 1432 2493 labors-

292 2535 352 2623 vit‚
375 2529 541 2602 conveniri
560 2529 647 2599 lleus
664 2530 781 2620 poterit
802 2529 837 2596 in
859 2528 929 2598 loco
951 2538 1147 2620 contractus,
1171 2531 1198 2598 si
1219 2531 1265 2599 ibi
1287 2533 1433 2622 reperis-

292 2651 356 2714 tur.

335 2750 464 2818 lincunt
489 2752 536 2815 4⁸.
563 2781 608 2798 -
630 2746 671 2814 Si
693 2745 917 2814 contrahentes
939 2745 1152 2814 comesenim
1179 2757 1216 2813 nt
1243 2758 1433 2814 contractus
1511 2831 1512 2838 ἵ

290 2859 408 2950 scripto
419 2857 494 2947 fiat,
508 2855 598 2922 loccis
612 2864 796 2921 contractus
812 2851 1040 2942 intellipendus
1052 2865 1099 2920 est
1113 2849 1178 2932 ille,
1196 2853 1309 2943 inquo
1324 2853 1433 2945 serip-
1511 2847 1512 2850 '

291 2965 379 3034 tione
387 2964 551 3056 perfectus
564 2973 621 3044 est,
638 2982 705 3028 non
720 2960 756 3027 in
771 2981 837 3051 quo
849 2961 941 3051 sacta
950 2959 1101 3050 primum
1113 2958 1279 3028 conventio
1293 2960 1375 3050 snit.
1388 2999 1434 3012 -

291 3071 375 3142 Nem
391 3080 468 3140 tunc
478 3089 576 3138 verus
589 3074 771 3135 contractus
783 3071 856 3134 onte
870 3065 1080 3157 scriptionem
1095 3064 1243 3134 nondum
1256 3066 1383 3154 existit3
1396 3091 1435 3134 no

290 3177 426 3272 proinde
443 3178 534 3248 locus
550 3181 732 3246 contractus
751 3182 799 3241 est
821 3179 948 3242 tontum
971 3172 1061 3242 locus
1082 3173 1119 3239 in
1137 3193 1203 3263 quo
1217 3171 1339 3263 scripto
1358 3195 1434 3264 per·

290 3287 408 3356 licitur.
423 3285 535 3377 Neque
550 3282 617 3352 ulle
629 3291 678 3350 est
694 3279 734 3349 de
749 3280 808 3348 hnc
822 3303 858 3348 re
872 3280 960 3348 inter
974 3279 1121 3348 doctores
1135 3278 1305 3347 dissensio.

336 3393 464 3461 liscum
487 3394 532 3458 δι.
548 3426 594 3440 -
611 3387 651 3455 Si
665 3386 888 3456 contradentes
903 3409 966 3477 pro
980 3385 1168 3477 impletione
1182 3385 1235 3454 uel
1251 3385 1437 3454 rescissione

290 3511 475 3571 contractus
485 3493 697 3564 determinent
706 3507 830 3562 certum
838 3493 983 3584 aliquem
992 3493 1113 3575 locam,
1126 3493 1226 3560 eloco
1235 3493 1270 3560 in
1278 3515 1344 3584 qno
1355 3514 1436 3560 con-

291 3608 431 3678 tradunt
449 3603 623 3683 diversum,
646 3601 733 3670 loeus
755 3601 800 3668 sic
824 3598 1061 3668 determinatus
1075 3621 1140 3692 pro
1154 3599 1223 3667 loco
1247 3611 1437 3668 contractus

291 3714 459 3786 habendas
474 3725 530 3781 est.
547 3747 590 3763 -
606 3709 698 3778 Tunc
712 3708 832 3778 scilicet
846 3707 934 3776 Reus
947 3707 1113 3777 conveniri
1129 3707 1258 3798 poterit,
1274 3729 1339 3776 non
1352 3707 1437 3800 qui-

292 3825 366 3896 dem
383 3823 417 3890 in
431 3821 500 3891 loco
522 3817 578 3886 ubi
596 3817 702 3884 fectus
715 3816 777 3884 luit
792 3821 988 3900 contractus,
1005 3813 1112 3882 sedin
1131 3815 1202 3882 loco
1216 3813 1258 3881 sd
1274 3815 1435 3884 eumdem

291 3936 491 4001 contractum
511 3923 709 4017 explendum
727 3921 779 3990 vel
795 3920 1046 3991 rescindendum
1069 3931 1185 3990 mutuo
1200 3943 1362 3989 consensu
1375 3921 1436 3988 de-

288 4036 487 4121 terminatop
495 4033 571 4126 quie
584 4053 702 4123 nempe
717 4031 915 4098 contraxisse
928 4029 1145 4120 unusquisqne
1156 4029 1193 4097 in
1201 4051 1238 4097 eo
1249 4029 1318 4097 loco
1332 4029 1437 4095 intel·-

287 4145 390 4240 qitnr‚
406 4143 441 4210 in
453 4163 516 4233 qno
529 4154 567 4210 ut
579 4141 714 4210 solveret
724 4159 758 4206 se
769 4137 936 4228 obliquent,
952 4144 988 4204 ut
999 4135 1119 4204 dicitur
1133 4135 1204 4225 lege
1220 4135 1437 4204 Contranisse

291 4255 357 4348 (et,
376 4249 410 4318 ll.
432 4247 471 4318 de
487 4251 527 4318 Ο.
548 4261 579 4316 et
592 4250 664 4338 A.);
682 4255 714 4316 et
728 4244 817 4314 idem
839 4243 993 4312 firmetur
1010 4243 1082 4310 oliis
1096 4242 1197 4310 etism
1216 4242 1436 4311 Justinianeis
