3056 4972
562 491 635 534 rsus
658 489 760 535 aurun.
1173 469 1231 536 173

109 618 274 700 praeservat
295 607 481 678 Bonilacins
496 609 573 678 Vlll
588 609 666 678 dum
683 609 773 696 dicit,
789 621 849 677 unt
871 608 938 676 olio
953 610 1096 702 qualibet
1112 634 1184 702 qua
1198 614 1233 680 in

101 717 173 806 jure
185 738 249 784 non
263 717 472 808 caprimitur.

147 825 198 894 Vl.
227 828 275 892 Dc
303 825 600 894 excommunicatis.
629 825 738 894 -Ut
764 833 849 892 recte
874 825 1071 914 intelligatur
1097 827 1234 918 questio

108 931 180 1016 hec,
205 940 315 1000 utrum
340 932 610 1001 excommunicati
641 931 764 1023 possint
793 932 827 999 in
856 931 987 1022 judiciis
1016 933 1234 1002 ecclesiasticis

107 1039 293 1106 intervenire
310 1046 464 1130 tanquam
477 1047 601 1109 actores
617 1038 670 1106 vel
690 1037 749 1124 rei,
767 1037 989 1128 multipliciter
1004 1037 1234 1128 distinguenda

106 1151 149 1212 est
164 1146 305 1214 materia.
326 1147 372 1214 De
392 1169 458 1238 quo
477 1156 647 1238 sequentes
662 1145 794 1234 regulas
809 1153 948 1214 statuere
971 1155 1002 1214 et
1022 1146 1159 1236 probare
1174 1171 1235 1239 op·

106 1259 275 1342 portunum
292 1251 399 1321 visum
417 1260 477 1322 cst.

146 1359 272 1428 Renum
289 1363 334 1428 1².
347 1399 390 1412 -
405 1359 717 1430 Encommwricotus
731 1359 885 1428 vitandus
900 1381 954 1428 seu
965 1360 1095 1452 publice
1110 1361 1235 1430 demm-

105 1467 213 1548 tiotus‚
229 1490 295 1536 non
312 1481 496 1559 potestesse
516 1481 619 1537 octor.
639 1505 683 1522 -
697 1467 860 1537 Probatur
875 1468 978 1559 capite
1000 1468 1235 1560 Exceptionem

109 1579 157 1660 ¹²5
174 1575 258 1643 tituli
273 1580 329 1663 25,
346 1575 421 1644 libri
447 1579 466 1644 2
490 1577 717 1661 Decretalium,
737 1577 770 1643 in
793 1599 859 1667 qno
882 1575 927 1644 sic
951 1575 1097 1643 decernit
1112 1576 1236 1666 Grego-

105 1683 170 1750 rius
194 1681 241 1750 lX
269 1710 275 1750 :
304 1685 617 1752 &communicatus
647 1695 760 1752 autem
786 1682 926 1774 publice,
959 1683 1018 1750 etsi
1044 1683 1237 1774 hujusmodi

105 1791 243 1881 exceptio
265 1813 331 1860 nun
350 1790 560 1882 proponitur,
578 1789 791 1859 nibilominus
806 1802 852 1858 cst
867 1789 974 1880 officio
991 1789 1117 1880 judicis
1132 1792 1238 1882 repel-

105 1895 226 1966 lendus.
236 1896 273 1966 ld
282 1897 477 1989 caeoeroquin
490 1896 636 1990 sequitur
645 1920 686 1966 ax
699 1906 816 1966 natura
826 1897 895 1988 ipsa
909 1895 1096 1987 hujusmodi
1107 1919 1239 1966 excom-

106 2004 334 2074 municationis
348 2004 483 2096 majoris
500 2031 507 2072 :
524 2027 598 2073 cum
613 2003 700 2072 enim
716 2005 1014 2073 excommunicatus
1030 2003 1239 2075 denuntiatus

104 2110 163 2179 boc
176 2111 247 2202 ipso
264 2110 306 2179 ab
327 2111 479 2180 omnihus
492 2111 595 2180 nitori
607 2111 831 2203 precipiatur,
848 2133 1048 2202 consequens
1061 2120 1110 2180 est
1123 2122 1157 2180 ut
1173 2135 1239 2183 non

103 2219 202 2309 possit
225 2227 379 2310 tanquam
410 2227 498 2288 actor
524 2217 662 2288 admitti.
688 2219 755 2288 Nec
782 2219 887 2287 obstat
915 2215 1001 2310 quod
1036 2218 1084 2308 (ut
1115 2218 1239 2290 dicetur

104 2326 224 2416 modo),
240 2326 341 2418 possit
356 2327 396 2395 ad
418 2325 578 2417 judicium
595 2334 748 2418 tanquam
766 2348 841 2394 reus
855 2325 940 2394 trabi
960 2352 967 2392 ε
986 2325 1018 2392 id
1034 2326 1121 2393 enim
1146 2326 1183 2394 fit
1199 2349 1240 2396 ne

102 2455 140 2500 ex
157 2441 287 2524 peoomo
308 2455 366 2502 suo
381 2432 526 2524 alioquin
547 2432 753 2502 commodum
776 2441 807 2500 et
831 2431 1057 2522 impunitatem
1078 2442 1237 2526 reportet;

102 2563 176 2632 quae
200 2542 283 2609 ratio
304 2539 441 2608 minime
466 2551 560 2630 urget
583 2548 620 2609 ut
646 2539 835 2608 admittatur
861 2547 1017 2630 tanquam
1042 2548 1140 2607 actor.
1170 2541 1239 2608 lmo

100 2647 253 2739 praesenti
275 2647 389 2738 regula
409 2648 614 2736 attinguntur
633 2648 730 2715 etiam
754 2646 929 2716 tribunalia
952 2646 1143 2714 secularia:
1163 2669 1239 2715 nam

100 2767 130 2825 et
154 2757 307 2846 princeps
330 2763 361 2822 et
386 2757 595 2844 magistratus
620 2756 792 2824 saculares
820 2763 969 2822 tenentur
988 2755 1085 2822 etiam
1111 2753 1240 2845 publice

99 2863 396 2932 excommunicatos
414 2862 572 2948 devitare3
589 2885 625 2930 ac
641 2861 779 2953 proinde
795 2885 849 2930 eos
864 2871 899 2930 ut
918 2871 1040 2930 actores
1059 2861 1094 2928 in
1107 2860 1241 2952 judiciis

98 2971 272 3038 admittere
284 2979 460 3062 nequeunt.
471 2969 565 3052 Quod
577 2969 773 3062 ceteroquin
785 2991 935 3062 expresse
947 2968 1088 3037 decrevit
1096 2969 1240 3040 Alexan-

99 3083 161 3145 der
175 3078 223 3148 lV
244 3077 296 3146 bis
310 3077 419 3146 verbis
437 3105 443 3146 :
462 3078 680 3158 Decernimus,
699 3089 736 3146 ut
749 3077 880 3169 judiees
898 3076 1066 3144 saculares
1085 3099 1148 3168 per
1163 3101 1242 3146 crn-

99 3207 216 3252 surum
232 3185 477 3254 ecclcumticam
498 3185 540 3252 ob
560 3184 776 3254 oculatoriae
791 3183 961 3274 judicibus
977 3183 1146 3274 (corronicc
1169 3208 1242 3253 mo-

99 3291 227 3360 uitione
260 3291 463 3384 promissa),
495 3292 647 3384 repellere
687 3291 982 3358 excommunicatos
1019 3291 1062 3358 ab
1101 3292 1240 3382 aprutio,

95 3399 343 3487 patrocinando
358 3413 390 3466 ct
413 3399 611 3490 testificando
634 3400 669 3468 io
695 3399 761 3467 suis
784 3399 883 3466 curib
898 3413 928 3466 et
941 3397 1081 3489 judiciis
1096 3400 1242 3490 compel-

99 3506 218 3573 luntur
234 3507 274 3595 (c.
291 3511 324 3590 l,
342 3506 428 3576 tituli
445 3508 497 3592 11,
515 3507 594 3574 libri
612 3511 642 3594 5,
660 3508 694 3574 iu
711 3507 755 3596 b).

146 3615 411 3706 acceptionum
431 3613 627 3704 pradictum
646 3614 806 3704 rapulam.
825 3650 866 3666 -
887 3613 1032 3696 «Quivis
1055 3635 1244 3682 excommu-

103 3747 119 3782 α
147 3721 275 3790 nicetus
289 3719 330 3790 ad
353 3720 516 3810 agendum
531 3719 714 3789 admittitur
730 3749 737 3789 :
760 3726 790 3788 1⁰
804 3722 838 3788 in
854 3743 951 3790 rausa
967 3743 1035 3789 sure
1052 3745 1243 3792 excommn—

105 3855 122 3889 ιι
148 3827 331 3914 nicationis,
348 3829 375 3895 si
390 3829 526 3920 probare
542 3828 688 3898 intendat
703 3829 1070 3897 excommunicationem
1084 3839 1195 3897 eontra
1210 3854 1252 3906 se,

106 3961 122 3996 a
148 3933 246 4004 latam
273 3937 372 4004 inissa
396 3937 464 4026 ipso
485 3935 559 4025 jure
575 3936 698 4004 nnllam
718 3963 725 4002 2
742 3959 833 4004 secus
858 3937 884 4002 si
908 3935 1046 4027 probare
1073 3936 1148 4003 velit
1174 3959 1244 4006 eam

108 4067 125 4102 u
151 4041 249 4110 inisse
275 4042 429 4132 injustam
437 4067 446 4128 3
468 4049 547 4110 tnnc
569 4046 656 4111 enirn
679 4043 769 4132 prins
789 4043 913 4111 absolvi
938 4041 1080 4129 deberet,
1098 4043 1245 4111 cautione

108 4175 125 4208 c
151 4151 292 4238 praestita
314 4148 473 4218 mandatis
495 4149 645 4217 Ecclesiae
667 4172 700 4217 se
721 4151 924 4240 pariturnm;
951 4153 984 4214 2⁰
1004 4150 1059 4217 ubi
1079 4151 1188 4238 agit-ru·
1207 4151 1246 4218 de

109 4281 126 4318 o
154 4257 295 4350 periculo
318 4257 421 4350 ipsius
443 4259 573 4347 animae,
591 4256 732 4347 exempli
759 4259 875 4348 gratia,
900 4258 933 4324 in
958 4280 1054 4326 causa
1080 4260 1246 4354 matrimo-⁸
