3032 4976
576 505 650 552 PARS
673 498 778 552 rltltlt.

578 847 722 919 CAPUT
744 849 785 918 ll.

539 1054 584 1100 DE
617 1051 808 1102 neribus.

147 1273 291 1356 ansrro
303 1272 343 1341 1².
356 1311 401 1326 -
419 1268 564 1358 Quium
577 1271 624 1342 ad
633 1271 806 1364 fermdum
827 1273 863 1341 in
880 1272 1011 1364 judicio
1028 1274 1248 1343 testimonium

102 1382 178 1474 opti
201 1382 277 1450 sint.
306 1419 350 1434 -
376 1383 407 1448 1θ
434 1381 490 1450 Est
514 1387 601 1449 certa
622 1391 655 1448 et
681 1380 724 1449 ab
750 1380 903 1450 omnibus
933 1390 1061 1474 recepta
1088 1383 1250 1471 generalis

102 1489 232 1580 regula,
251 1489 418 1556 testificari
443 1511 536 1580 posse
557 1510 670 1558 omnes
690 1488 748 1580 qui
772 1510 838 1556 non
853 1496 931 1557 sont
950 1512 970 1556 a
989 1489 1064 1580 jure
1080 1489 1246 1581 prohibiti.

102 1596 203 1686 (Vide
219 1594 523 1685 Sebmelegrueber,
537 1595 573 1663 in
590 1595 639 1662 tit.
657 1599 712 1682 26,
729 1595 806 1664 libri
821 1599 840 1662 2
855 1595 996 1684 Decret.‚
1013 1619 1046 1666 n.
1069 1597 1115 1684 2.)

149 1709 183 1772 2⁰
198 1707 227 1772 A
241 1705 316 1797 jure
331 1701 548 1795 probibentur
562 1701 679 1771 furiosi
698 1702 806 1794 (ibid.,
823 1725 857 1770 n.
876 1704 921 1792 2).

151 1816 184 1879 3ο
201 1811 281 1880 Item
296 1810 494 1901 impuberes.
511 1807 550 1876 ln
565 1809 671 1878 causis
691 1819 801 1878 tamen
823 1808 1048 1878 criminalibus
1069 1811 1251 1880 examinari

102 1921 225 2006 solent3
248 1917 304 1987 sed
329 1926 407 1986 tune
434 1917 592 2008 depositio
617 1916 797 2008 impuberis
820 1940 879 2009 per
898 1940 932 1986 se
956 1917 1058 1986 solam
1085 1941 1151 1987 non
1175 1920 1251 1988 lacit

102 2026 336 2118 semi-plenam
368 2023 605 2116 probationem,
634 2025 785 2115 quamvis
810 2045 879 2092 esse
907 2023 1006 2117 possit
1032 2024 1127 2094 valde
1160 2027 1250 2094 utilis

103 2145 260 2227 tanquam
273 2132 434 2202 indicium
448 2132 490 2200 ad
504 2129 725 2221 indagandam
741 2131 910 2200 veritatem
924 2131 1031 2221 (ibid.,
1048 2155 1082 2200 n.
1101 2133 1145 2224 6).

150 2246 185 2309 l⁰
200 2241 299 2326 Greci,
312 2261 446 2322 necnon
467 2237 662 2306 surdi-muti
679 2236 785 2326 (ibid.,
803 2261 838 2306 n.
866 2239 911 2330 7).
936 2238 1000 2307 Sed
1024 2237 1064 2307 de
1087 2239 1141 2308 bis
1162 2240 1249 2310 idem

102 2349 218 2420 sallem
233 2345 363 2417 videtur
376 2345 550 2414 dicendum
574 2367 611 2414 ao
635 2343 675 2412 de
691 2345 918 2436 impuberibus
937 2345 1045 2437 quoad
1059 2369 1170 2416 causas
1186 2349 1251 2417 cri·

103 2457 252 2526 minales

151 2571 184 2632 5⁰
199 2563 341 2633 Pecunia
355 2561 501 2654 corrupti
519 2558 623 2652 (ibid.,
640 2581 675 2626 n.
695 2561 761 2648 12).

149 2673 183 2737 61
212 2667 366 2754 infames,
393 2674 463 2734 tum
492 2663 628 2732 infamia
654 2662 753 2756 juris,
779 2671 850 2732 tum
877 2663 1014 2732 infamia
1040 2664 1117 2734 laeti
1142 2665 1249 2756 (ibid.,

101 2803 137 2846 n.
158 2779 210 2868 16)
226 2804 233 2844 :
250 2782 353 2867 potest
365 2782 474 2842 lamen
491 2793 604 2842 eorum
621 2771 842 2840 testimonium
857 2771 892 2839 in
908 2772 1014 2841 causis
1027 2773 1251 2844 criminalibus

103 2884 218 2977 recipi,
244 2883 271 2950 si
297 2880 329 2950 id
354 2882 432 2950 utile
459 2879 626 2965 videatur;
654 2878 697 2946 ito
724 2887 832 2947 tamen
855 2888 892 2948 ut
916 2878 1016 2948 fidem
1042 2902 1108 2949 non
1139 2881 1249 2969 iaciat,

99 2992 180 3086 quia
195 2990 274 3059 tales
286 2997 381 3058 testes
397 3010 461 3057 nou
478 2994 555 3054 sunt
568 2985 657 3054 omni
673 2985 861 3076 exceptione
882 2985 1032 3078 majores.

149 3105 184 3166 7⁰
199 3097 390 3184 Criminosi;
406 3094 526 3187 quibus
546 3115 663 3185 nempe
683 3115 783 3182 grave
807 3091 940 3184 quidem
962 3117 982 3162 a
1002 3102 1093 3187 parte
1112 3095 1249 3164 adversa

102 3207 268 3300 objicitur,
284 3215 315 3274 61
329 3203 500 3296 injudicio
514 3200 670 3294 probatur
690 3199 798 3291 (ibid.,
816 3223 850 3268 n.
870 3201 938 3290 18).

150 3319 183 3382 8·
198 3313 261 3397 Qui
281 3313 335 3381 bio
356 3320 387 3380 61
409 3333 496 3379 nuno
516 3316 563 3378 est
586 3316 753 3376 aecusatus
772 3305 825 3376 vel
853 3307 1027 3399 inquisitus
1050 3309 1091 3377 de
1114 3310 1250 3378 erimine

102 3423 211 3514 gravi,
227 3429 258 3490 61
272 3421 366 3512 eujus
380 3441 477 3487 eausa
489 3415 596 3485 adbuc
610 3414 728 3506 pendet
746 3413 854 3506 (ibid.,
870 3438 903 3484 n.
919 3416 987 3506 21).
1098 3439 1100 3444 ·

151 3535 185 3598 9⁰
200 3528 328 3620 Perp'uri
345 3525 450 3617 (ibid.,
466 3548 501 3593 n.
524 3524 593 3614 21).

152 3641 208 3704 10⁰
233 3633 514 3705 Exeommnnicati
542 3629 876 3699 excommunicatione
908 3629 1031 3721 majore
1057 3658 1065 3698 :
1088 3653 1163 3700 eum
1189 3633 1249 3703 hoc

103 3744 305 3831 discrimine,
321 3740 408 3834 quod
424 3763 491 3809 non
507 3739 683 3808 toleratum
699 3735 792 3806 debet
805 3734 909 3828 judex
922 3737 1055 3806 omnino
1070 3740 1224 3830 repellere
1237 3771 1246 3830 3

104 3855 283 3922 toleratum
312 3872 391 3919 vero
419 3871 485 3918 non
517 3846 580 3916 nisi
613 3844 750 3915 adversa
785 3866 861 3935 pars
902 3847 1249 3919 excommunicationis

103 3961 327 4053 exceptionem
347 3964 488 4049 opponat
502 3951 609 4046 (ibid.,
626 3974 660 4020 n.
678 3951 745 4044 26).

153 4071 207 4136 11⁰
231 4067 385 4135 Personae
408 4062 501 4132 valde
528 4081 686 4153 pauperes
708 4067 740 4127 et
764 4057 857 4128 viles.
880 4083 897 4122 ι
916 4058 1011 4126 Ratio
1035 4069 1083 4128 est
1107 4063 1249 4153 quiade

109 4205 126 4242 «
150 4176 201 4245 bis
216 4181 402 4268 potestesse
418 4169 557 4263 suspicio
577 4166 665 4261 quod
688 4167 826 4259 pecunia
847 4165 941 4237 facile
955 4181 1206 4264 corrumpantur
1229 4201 1245 4240 n

106 4279 215 4376 (ibid.,
231 4305 265 4350 n.
285 4281 351 4372 28).
