3056 4972
549 487 623 536 rans
644 491 750 536 asma.
1161 473 1219 540 251

134 631 151 672 a
170 609 274 678 Tertio
289 609 479 702 requiritur,
497 615 534 680 ut
548 611 651 702 jadex
669 610 784 679 habeat
795 609 1054 701 jurisdictionem
1070 612 1222 703 similem,

90 739 108 778 c
131 735 188 781 seu
207 714 352 807 ejusdcm
374 717 516 807 generis,
538 717 683 809 adeoque
707 715 919 787 sufficientem
941 717 982 785 ad
1005 719 1222 809 cognitionem

90 846 108 885 s
131 829 163 888 et
188 819 382 892 decisionem
410 845 515 893 cansse
541 847 617 916 qnae
642 824 726 894 inter
749 824 911 914 litigantes
933 827 1071 895 vertitur
1094 851 1102 892 ε
1128 835 1176 913 nt,
1197 828 1225 896 si

90 949 228 996 «cansa
251 929 292 997 sit
315 930 506 1022 spiritualis,
527 930 786 1022 jurisdictionem
811 929 927 1000 habeat
948 931 1174 1024 spiritualem:
1197 931 1225 1001 si

90 1059 107 1100 a
131 1035 321 1124 criminalis,
339 1060 404 1107 non
418 1038 525 1108 solnm
544 1039 644 1129 possit
668 1061 859 1128 cognoscere
878 1037 919 1108 de
939 1039 1043 1108 causis
1061 1040 1222 1129 civilibus,

89 1167 105 1206 a
131 1141 301 1212 sedetiam
319 1142 360 1213 de
378 1145 483 1214 causis
498 1145 721 1214 criminalibus
741 1145 953 1234 criminaliter
974 1147 1149 1232 intentatis,
1165 1146 1225 1216 ha·
1349 1149 1352 1158 '

88 1275 105 1314 o
130 1249 267 1341 locatque
291 1257 478 1342 potestatem
502 1253 639 1322 crimina
664 1252 872 1322 coercendi...
902 1253 1005 1322 Porro
1025 1255 1085 1322 etsi
1108 1252 1224 1346 hujus-

86 1383 104 1422 α
130 1355 218 1424 modi
235 1358 420 1449 prorogatio
433 1358 668 1450 jurisdictionis
681 1359 716 1426 in
731 1381 828 1428 causa
841 1359 1004 1428 criminali
1022 1359 1107 1429 lacta
1120 1361 1224 1430 valcat

87 1489 104 1528 a
130 1463 166 1530 in
191 1463 420 1555 prejudicium
443 1466 585 1558 partium
600 1466 847 1558 prorogantium
864 1487 938 1558 quar
952 1467 986 1534 in
1001 1489 1072 1536 eam
1088 1489 1223 1536 consen-

87 1596 104 1636 «
129 1578 255 1657 serant,
271 1593 336 1641 non
357 1579 465 1642 tamen
485 1596 544 1665 per
557 1574 618 1643 hoc
641 1574 781 1642 infertur
799 1572 1028 1666 prejudicium
1049 1573 1222 1644 Ordinario

88 1703 106 1742 a
127 1677 232 1769 judici
245 1681 450 1770 competenti,
465 1681 641 1772 quominus
655 1681 684 1750 is
705 1681 744 1750 de
766 1682 938 1750 commisso
960 1681 1094 1750 crimina
1113 1682 1224 1776 inqui-

89 1812 106 1848 «
131 1806 203 1854 rere
224 1794 256 1854 et
273 1809 465 1876 cognoscere
486 1787 632 1880 illudque
657 1788 777 1878 punire
796 1789 910 1880 possit,
926 1787 966 1856 ad
985 1788 1223 1858 resarciendum

89 1919 107 1958 c
128 1892 380 1986 jnsrcipnblicae
390 1893 797 1986 offensae3quiavoluntste
805 1895 1006 1987 privatorum
1016 1917 1074 1964 seu
1083 1896 1223 1987 partium

90 2027 108 2066 s
132 2021 198 2068 non
212 2007 316 2091 potest
330 2001 537 2092 prejudicari
547 2000 614 2092 juri
629 2001 771 2093 publico.

135 2133 153 2172 s
179 2109 305 2190 Quarto
319 2107 512 2198 requiritur,
529 2116 564 2176 ut
579 2116 686 2198 partes
699 2108 804 2177 alieno
816 2108 919 2199 judici
934 2130 967 2176 se
987 2107 1122 2178 scienter
1137 2116 1168 2178 et
1183 2109 1224 2177 li-

90 2239 107 2278 «
131 2213 209 2282 bera
224 2213 388 2282 voluntate
401 2213 583 2306 subjiciant.
594 2214 677 2283 Nam
691 2214 718 2283 si
733 2215 808 2306 quis
821 2213 894 2283 ideo
910 2215 1103 2307 respondeat
1114 2237 1222 2284 coram

91 2345 108 2384 c
127 2320 249 2412 judice,
264 2320 342 2412 qnia
360 2320 524 2390 existimat
545 2343 579 2390 se
600 2321 671 2413 ejus
696 2320 914 2412 jurisdictioni
937 2321 1130 2414 subjectum,
1149 2344 1223 2391 cum

92 2453 108 2492 a
133 2449 198 2496 non
212 2427 265 2515 sit,
278 2427 405 2498 deiecta
418 2429 594 2499 voluntatis
606 2451 664 2500 seu
678 2451 854 2499 consensus
867 2429 993 2499 inutilis
1008 2436 1056 2499 est
1067 2451 1224 2522 proroga-

92 2560 108 2600 «
131 2535 191 2621 tio,
207 2556 267 2604 nec
280 2535 367 2604 valet
378 2535 467 2628 quod
485 2537 633 2628 agitur...
650 2537 754 2627 lgitur
769 2537 938 2629 utriusque
953 2537 1053 2628 partis
1066 2537 1223 2627 litigantis

92 2663 290 2711 «consensu
312 2641 384 2712 fieri
407 2642 501 2712 debet
524 2644 710 2734 prorogatio
729 2644 843 2714 aliane
864 2643 1097 2735 jurisdictionis
1122 2671 1130 2710 :
1157 2665 1223 2711 non

93 2775 109 2814 α
132 2757 241 2818 umen
267 2749 444 2842 requiritur
464 2773 639 2820 consensus
665 2751 797 2820 illarum
819 2773 1004 2842 expressus,
1026 2748 1081 2818 sed
1105 2749 1223 2819 sufficit

93 2880 110 2920 s
133 2856 264 2944 tacitum
281 2856 340 2948 qui
353 2857 472 2926 scilicet
488 2858 558 2950 ipso
569 2859 653 2928 facto
665 2859 715 2944 at,
725 2857 827 2927 veluti
841 2858 907 2926 litis
922 2857 1162 2942 contestatione,
1171 2856 1223 2925 vel

92 2988 109 3027 c
133 2963 227 3030 etiam
254 2963 456 3054 oppositione
481 2964 619 3056 alicujus
643 2964 841 3055 exceptionis
864 2963 1021 3033 dilatoriae
1039 2970 1113 3031 ante
1132 2962 1222 3031 litem

93 3094 110 3134 s
132 3077 380 3140 contestatam...
402 3070 475 3141 Non
500 3079 608 3140 tamen
634 3079 782 3140 censetur
801 3070 917 3162 aliquis
938 3071 972 3137 in
988 3068 1132 3162 jndicem
1158 3092 1224 3138 non

94 3201 111 3242 s
134 3199 227 3246 suum
243 3177 437 3263 consentire,
452 3177 596 3271 adeoque
615 3200 720 3272 neque
741 3199 917 3270 prorogare
937 3177 1008 3269 ejus
1021 3174 1224 3270 jurisdictio-

95 3310 112 3348 α
133 3307 219 3373 nem,
237 3285 266 3354 si
281 3286 388 3355 solnm
404 3308 513 3355 coram
526 3309 564 3356 eo
578 3287 695 3355 citante
710 3292 906 3378 compareat,
920 3284 972 3354 vel
987 3285 1084 3354 etiam
1099 3286 1224 3377 copiam

95 3417 112 3454 o
134 3391 231 3461 libelli
245 3393 298 3462 sui
313 3391 365 3460 edi
381 3401 479 3484 petat,
496 3394 547 3462 vel
561 3392 616 3462 dat
637 3393 887 3462 satisfactionem
906 3392 947 3460 de
965 3390 1107 3461 sistendo
1122 3415 1155 3460 se
1167 3394 1224 3484 ju·

96 3525 113 3562 a
134 3498 215 3569 dicio
233 3528 240 3569 :
256 3500 419 3592 quinimo
434 3500 550 3570 citatus
571 3508 700 3569 tenetur
714 3521 900 3593 comparere
920 3522 1029 3568 coram
1049 3498 1170 3591 judice,
1187 3506 1225 3568 ut

97 3607 354 3700 «exceptionem
379 3607 443 3677 fori
467 3607 708 3676 declinatorium
736 3615 890 3701 opponat,
912 3608 974 3676 nisi
999 3607 1161 3678 notorium
1184 3607 1226 3675 sit

98 3739 115 3776 ι
133 3713 271 3804 jndicem
286 3735 355 3783 esse
369 3713 652 3806 incompetentem.

139 3822 240 3890 «Non
256 3829 364 3890 antem
381 3821 422 3889 ad
436 3822 697 3913 prorogationem
712 3820 948 3913 jurisdictionis
960 3820 1137 3914 requiritur
1147 3845 1225 3890 con-

98 3952 116 3991 a
139 3949 245 3998 sensus
259 3928 362 4020 ipsius
378 3927 498 4018 judicis
517 3928 695 4015 Ordinarii,
713 3928 806 4020 cnjus
830 3929 938 3998 lorum
952 3927 1134 3997 declinatur
1140 3957 1150 4016 ;
1169 3930 1225 3998 sed

98 4059 115 4098 a
139 4035 249 4104 sufficit
271 4057 446 4104 consensus
466 4037 607 4128 partium
626 4037 839 4126 litigantium
855 4059 930 4106 cnm
947 4035 1021 4126 jure
1039 4044 1168 4106 cantum
1184 4039 1227 4106 sit

99 4166 117 4204 a
141 4142 332 4231 privatorum
361 4165 554 4212 consensum
591 4143 695 4212 facere
730 4143 874 4235 judicem
913 4164 988 4212 enm
1018 4141 1075 4234 qui
1108 4153 1226 4236 praeest

101 4272 119 4310 a
141 4246 217 4339 (lage
234 4254 265 4337 3,
280 4273 310 4318 c.
328 4249 368 4320 de
380 4251 470 4320 luris
484 4249 518 4319 d.
537 4274 625 4320 omn.
638 4250 747 4344 jud).
765 4252 878 4344 Neque
897 4250 995 4324 etiam
1010 4252 1225 4324 necessarium
