3046 4962
271 409 311 480 22
641 429 816 478 raimerus
839 429 877 476 ns
899 429 1029 477 runicus.

313 553 353 622 Et
375 557 503 621 notetur
520 551 684 641 propriam
700 573 772 619 eam
786 551 853 619 vim
870 573 938 619 esse
952 553 1101 620 Romano
1123 574 1181 620 seu
1206 551 1406 622 Iustinianeo
1510 551 1511 556 ’

266 662 353 754 jnri;
376 682 441 728 non
468 666 575 726 autern
593 681 797 727 communem
824 661 948 729 caeteris
970 683 1035 751 quo
1051 659 1107 728 alii
1123 662 1234 752 populi
1259 664 1307 730 usi
1332 673 1408 731 sunt

269 777 325 838 aut
351 766 445 836 hodie
468 771 606 834 utuntur
631 765 741 855 legum
768 765 942 834 codicibus.
968 767 1102 836 Frustra
1126 768 1214 834 enim
1237 768 1260 834 ii
1282 766 1408 838 codices

269 878 304 945 in
320 874 541 968 probationem
557 871 809 958 adducerentur;
828 873 985 964 quianon
1007 896 1073 960 eos,
1091 874 1147 942 aad
1168 875 1407 945 lustiniaueum

271 984 441 1052 dumtaxat
463 1001 558 1047 suum
584 977 659 1046 lecit
682 978 823 1047 Ecclesia
844 979 885 1047 ad
907 980 1124 1072 supplendum
1147 981 1180 1048 in
1203 981 1243 1049 iia
1265 983 1408 1052 materiis

271 1089 452 1182 dequibus
476 1107 615 1154 canones
638 1085 822 1172 sileut‚aut
848 1085 946 1155 dubie
974 1087 1164 1180 loquuntur.
1189 1089 1273 1156 Hinc
1299 1097 1406 1158 autem

270 1204 380 1290 aperte
399 1193 549 1285 sequitur
562 1213 628 1259 non
643 1213 735 1281 posse
750 1215 946 1284 quemquam
959 1192 1044 1283 juris
1063 1195 1145 1263 sacri
1161 1195 1301 1286 peritum
1322 1195 1404 1282 fieri,

267 1305 332 1373 nisi
346 1301 444 1372 simul
459 1301 646 1368 Romanum
665 1299 721 1389 jus
740 1298 867 1385 adierit,
884 1307 981 1390 atque
996 1321 1035 1368 ex
1057 1301 1197 1370 colente
1218 1323 1284 1369 non
1305 1323 1407 1392 pauca

267 1410 422 1482 hauserit.
440 1410 547 1498 Atque
561 1406 637 1474 inde
653 1428 735 1493 mos,
753 1407 841 1475 utin
858 1407 1124 1476 universitatibus
1144 1408 1207 1498 ipsi
1227 1408 1323 1478 etiam
1337 1407 1406 1476 cle-
1512 1495 1513 1498 Ἴ

268 1519 328 1588 rici
352 1515 482 1606 utrique
504 1535 634 1604 operam
652 1521 783 1599 navent,
800 1522 896 1604 atque
911 1514 945 1581 in
966 1524 1105 1606 utroque
1127 1514 1328 1584 doctoratum
1343 1514 1406 1582 sibi

269 1623 508 1694 nanciscantur,

312 1725 536 1798 Nihilominus
561 1723 729 1793 decretalis
742 1728 850 1816 Super
866 1726 996 1817 specula
1013 1727 1099 1818 (quae
1123 1735 1172 1795 est
1194 1727 1309 1796 ultima
1327 1726 1405 1795 libri

268 1835 354 1906 tertii
370 1831 596 1920 Decretalium)
612 1852 678 1900 non
693 1839 820 1900 tantum
840 1832 881 1900 ab
899 1855 937 1901 eo
956 1833 1043 1923 juris
1062 1833 1202 1902 Romani
1217 1833 1325 1902 studio
1340 1833 1406 1902 cle-

270 1945 353 2015 ricos
367 1949 398 2010 et
413 1939 581 2028 religiosos
601 1927 763 2006 deterrere
780 1937 919 2025 videtur,
937 1940 993 2007 sed
1013 1961 1163 2030 expresse
1185 1941 1246 2009 sub
1270 1963 1406 2009 excom·
1513 1978 1514 2012 ÷

270 2046 497 2120 nrunicationis
521 2065 618 2136 poena
640 2044 804 2135 probibet,
828 2067 867 2112 ne
890 2044 1032 2135 religiosi
1059 2045 1099 2114 dc
1121 2047 1270 2116 claustris
1290 2061 1407 2116 creant
1513 2035 1514 2052 i

272 2158 317 2227 ccl
330 2153 532 2225 audiendum
547 2153 648 2242 tepea·
662 2159 757 2242 atque
777 2173 848 2219 eam
871 2152 1113 2243 dispositionem
1136 2163 1246 2246 postea
1259 2155 1407 2223 extendit

271 2266 312 2334 ad
327 2262 543 2354 presbyteros,
561 2279 687 2326 necnon
702 2257 742 2324 ad
757 2257 889 2326 clericos
908 2281 1020 2327 omnes
1042 2267 1248 2350 personatum
1264 2261 1406 2353 aliquem

271 2371 460 2441 obtinentes.
479 2365 563 2434 Hinc
577 2363 663 2456 apud
679 2363 861 2432 canonistas
875 2373 955 2433 ortae
968 2366 1164 2456 questiones
1178 2393 1185 2433 :
1205 2371 1235 2432 1⁰
1249 2390 1291 2435 an
1307 2389 1406 2456 regu-

271 2479 394 2547 laribus
409 2483 440 2542 at
455 2471 579 2542 clericis
601 2471 812 2540 secularibus
830 2470 923 2540 liceat
940 2472 1177 2541 iustinianeum
1198 2473 1253 2565 jus
1273 2474 1403 2560 docere;

273 2591 306 2652 2⁰
322 2606 364 2650 an
386 2581 465 2671 ipsis
487 2580 583 2646 liceat
609 2576 754 2668 publicas
776 2577 981 2669 frequentare
1003 2580 1128 2648 scholas
1150 2581 1184 2648 in
1211 2581 1329 2672 quibus
1353 2583 1408 2674 jus

272 2689 352 2758 illud
377 2687 512 2776 legitur3
536 2688 569 2752 3⁰
589 2705 631 2752 an
651 2683 731 2774 ipsis
751 2684 844 2752 liceat
861 2684 966 2754 cidem
990 2686 1058 2775 juri
1084 2687 1237 2778 privatim
1262 2689 1404 2757 studere.

270 2799 358 2880 Quas
371 2792 567 2885 questiones
578 2790 654 2858 vide
669 2791 738 2859 luae
753 2791 913 2860 discusses
924 2793 1108 2882 aFagnano
1117 2795 1162 2885 (in
1175 2795 1296 2864 dictum
1311 2807 1408 2888 caput

270 2909 378 2996 Super
388 2900 527 2992 specula,
542 2901 626 2964 n.18
641 2905 671 2965 et
686 2898 920 2989 sequentibus).
930 2899 991 2966 Hic
999 2899 1169 2969 dumtaxat
1181 2901 1407 2971 adnotabimus

269 3007 524 3081 communiorem
540 3005 708 3072 doctorum
725 3004 937 3072 sententiam:
952 3014 1061 3074 tenent
1076 3007 1194 3075 scilicet
1209 3009 1406 3099 prohibitum

267 3117 392 3186 clericis
414 3136 479 3182 non
500 3134 569 3179 esse
590 3110 735 3179 studium
754 3111 947 3180 Justinianei
964 3112 1062 3202 juris,
1079 3113 1175 3181 modo
1197 3115 1226 3181 ei
1251 3123 1407 3206 tanquam

269 3224 379 3290 minus
406 3217 575 3311 principali
598 3217 820 3296 incumbatur;
845 3217 878 3284 id
898 3227 958 3306 est,
976 3220 1072 3287 modo
1095 3219 1210 3288 fiatad
1239 3222 1406 3292 meliorem

267 3329 353 3420 juris
368 3326 513 3395 canonici
530 3323 787 3413 intelligentiam.

317 3431 530 3502 «Mirabitur
559 3429 692 3498 fortasse
719 3452 785 3499 non
815 3453 909 3499 nemo
935 3431 992 3522 (ait
1021 3432 1136 3522 linget,
1169 3434 1202 3502 in
1234 3437 1405 3526 prooemio,

272 3565 346 3610 «n.
382 3539 447 3628 19),
473 3537 588 3604 curin
612 3537 715 3626 capita
742 3537 857 3605 ultimo
877 3541 926 3608 Nc
954 3537 1062 3607 clerici
1084 3539 1136 3607 vel
1157 3543 1323 3623 monachi,
1346 3545 1408 3613 sub

273 3669 411 3740 «poena
448 3642 790 3712 excommunicationis
824 3643 1036 3712 interdicatur
1070 3649 1216 3737 personis
1244 3651 1408 3720 ecclesias-

274 3785 290 3820 «
314 3754 385 3821 ticis
412 3749 556 3819 studium
584 3748 667 3839 juris
695 3747 822 3816 civilis‘l
848 3749 1037 3841 Respondeo
1061 3752 1095 3819 id
1122 3753 1258 3844 intelligi
1286 3755 1408 3825 detali

272 3889 289 3927 c
314 3859 421 3928 studio
445 3855 532 3949 quod
557 3854 754 3922 abstrahite
779 3857 846 3923 vita
869 3856 1091 3945 ecclesiastica,
1107 3867 1138 3927 et
1163 3859 1201 3927 fit
1227 3863 1409 3932 intentione

275 3964 475 4035 «subeundi
505 3984 640 4030 munera
665 3971 697 4028 et
726 3961 834 4030 officia
863 3964 1067 4032 secularium
1096 3967 1328 4038 advocatorum
1355 3973 1408 4040 vel

272 4103 288 4142 c
309 4073 456 4165 judicum
471 4097 480 4156 3
496 4093 560 4136 non
587 4077 694 4136 autem
717 4068 804 4158 quod
825 4069 862 4137 fit
882 4070 1046 4138 inordina
1066 4073 1106 4140 ad
1129 4075 1303 4164 perfactam
1322 4077 1408 4167 juris

271 4209 287 4248 (ι
310 4176 455 4248 canonici
482 4173 741 4266 intelligentiam.
766 4175 816 4244 Ad
843 4175 997 4270 majorem
1019 4185 1126 4247 tamen
1149 4180 1307 4250 cantelam
1330 4181 1407 4249 uni-
