3056 4972
246 406 307 469 172
620 427 795 475 rarcrarus
818 429 857 475 ou
878 429 1011 476 ruorcrrs.

244 545 337 616 Sedis
347 549 557 642 Apostolieae,
568 549 594 617 si
611 571 719 620 coram
735 549 804 618 istis
819 571 916 618 causa
928 548 1118 618 ventilanda
1132 549 1192 628 sit;
1212 553 1245 616 4⁰
1259 548 1298 636 si,
1308 547 1386 618 licet

245 655 339 722 aunis
370 658 409 722 tt
438 657 557 742 minor,
586 660 629 724 sit
653 665 761 726 tamen
790 657 912 726 infante
938 657 1055 748 major,
1078 663 1213 748 possunt
1234 654 1387 746 predicti

239 760 365 850 judices
387 765 590 833 ecelesiastici
617 763 679 854 ipsi
705 772 893 855 potestatam
918 765 1022 832 lacere
1046 771 1095 852 ut,
1121 764 1191 831 loco
1212 763 1385 849 curatoris,

243 868 383 960 aliquem
402 871 470 961 ipse
484 870 545 939 sihi
562 879 804 962 procuratorem
821 871 1005 940 constituat.

288 975 447 1044 Praediota
469 985 578 1046 autem
598 975 768 1046 decretalis
793 977 973 1045 etiamnum
995 977 1049 1067 jus
1069 997 1242 1043 commune
1264 973 1386 1042 consti-

243 1088 332 1150 tuere
348 1083 507 1152 censenda
521 1091 579 1151 est.
591 1083 629 1152 Ei
642 1083 778 1175 proinde
792 1082 956 1171 standum,
969 1083 1031 1149 nisi
1047 1081 1191 1172 legitime
1207 1082 1241 1148 in
1256 1089 1388 1149 contra-

173 1249 176 1252 .
243 1188 329 1258 rium
347 1191 537 1282 praescripta
552 1190 751 1260 consuetudo
767 1201 823 1258 aut
842 1189 1008 1282 dispositio
1021 1189 1141 1257 alieubi
1157 1189 1321 1280 probetur.

288 1298 331 1366 V.
354 1302 402 1367 Dc
424 1299 580 1388 staminis.
607 1338 651 1350 —
678 1299 732 1368 Sic
759 1298 855 1366 habet
878 1297 1045 1366 decretalis
1074 1297 1225 1366 Mulieres
1248 1295 1388 1364 Bonifa-

244 1405 284 1472 cii
300 1405 377 1474 Vlll
394 1432 401 1472 :
418 1406 568 1474 Mulieres
585 1407 676 1497 (quos
699 1407 817 1496 vapori
831 1427 898 1474 non
917 1405 1065 1473 convenit
1085 1427 1141 1472 nec
1157 1405 1301 1472 virorum
1317 1427 1387 1471 eoe-

244 1510 329 1579 tidus
352 1511 538 1604 immiscere]
565 1514 762 1582 auctoritate
787 1513 974 1581 litterarum
998 1511 1092 1580 Sedis
1113 1509 1314 1603 Apostolicre,
1337 1511 1391 1578 uel

245 1620 428 1709 lepatorum
449 1620 561 1712 ipsius,
580 1635 640 1690 out
655 1623 724 1691 alio
745 1644 960 1712 quencumque,
979 1620 1024 1688 od
1040 1619 1207 1712 judicium
1227 1640 1387 1710 persono-

245 1725 321 1793 liter
335 1728 474 1810 evocari,
490 1729 542 1796 vel
556 1729 647 1797 troisi
661 1728 793 1810 inuitus,
812 1751 911 1796 causa
924 1726 1053 1820 serendi
1075 1726 1309 1806 testimonium,
1328 1738 1387 1792 out

247 1832 475 1924 alioquolibet
492 1835 615 1926 qrraein
630 1837 710 1928 jure
731 1859 797 1903 non
819 1835 1028 1926 exprimitur,
1041 1834 1292 1925 prohibemus...
1315 1835 1387 1901 θω-

247 1951 354 2006 terum
372 1942 519 2031 soeminee
542 1942 711 2032 relipiosae,
725 1942 911 2033 presertim
932 1963 1005 2033 que
1020 1940 1135 2008 debent
1155 1939 1213 2007 sud
1234 1939 1387 2007 clausuro

247 2048 383 2130 morari,
400 2061 494 2116 extro
509 2071 606 2118 suum
622 2049 858 2118 monasterium
873 2071 929 2117 seu
943 2049 1132 2117 clausuram
1152 2071 1219 2116 non
1234 2059 1389 2115 vocentur

247 2153 468 2244 adjudicium
482 2157 535 2224 uel
544 2158 721 2225 tradantur
732 2180 772 2224 en
782 2157 897 2249 qrtaois
909 2179 1008 2225 corne
1021 2156 1246 2247 personaliter,
1259 2155 1391 2222 etiamsi

247 2261 294 2328 od
312 2263 372 2330 lroe
399 2263 549 2332 uoluntas
575 2263 737 2334 accederet
755 2264 956 2333 eorumdem.
975 2264 1185 2332 Decernimus
1205 2285 1332 2353 quoque
1351 2274 1389 2329 ut

246 2369 316 2461 ipso
327 2371 407 2462 jure
429 2371 472 2438 sit
495 2372 628 2440 irritum
644 2383 675 2440 et
688 2373 794 2455 inane,
812 2374 842 2440 si
862 2370 944 2464 quid
964 2384 1076 2439 contro
1097 2370 1269 2462 praemisso
1284 2369 1388 2438 conti-

247 2480 330 2568 perit
349 2480 519 2548 attentari.
540 2481 629 2572 (Cap.
648 2485 682 2568 2,
699 2480 784 2548 tituli
804 2485 814 2546 1
836 2479 876 2548 de
895 2477 1043 2561 iudiciis,
1061 2479 1137 2546 libri
1155 2483 1186 2564 2,
1204 2478 1236 2545 in
1256 2479 1300 2566 6.)
1318 2476 1390 2558 Qua

248 2585 352 2674 pesilo
379 2586 463 2676 lege,
490 2587 535 2654 sie
565 2595 669 2679 potest
696 2588 750 2678 jus
779 2585 1027 2654 ecclesiasticum
1058 2585 1142 2653 circa
1174 2585 1256 2652 hanc
1285 2593 1389 2651 mate-

248 2692 330 2760 riam
357 2691 565 2760 determinari
594 2721 601 2762 :
630 2697 661 2760 1·
683 2693 838 2762 Mulieres
866 2691 1036 2782 religiosa,
1059 2693 1155 2761 etiam
1182 2691 1390 2758 consentien-

248 2805 307 2880 tes,
339 2801 374 2866 in
402 2800 493 2869 nullo
516 2825 590 2868 casu
618 2812 753 2894 possunt
778 2801 989 2892 personaliter
1014 2801 1048 2868 in
1072 2800 1195 2891 judicio
1222 2799 1389 2866 conveniri

248 2915 304 2974 aut
324 2909 510 2994 convenire,
529 2908 561 2975 id
584 2917 632 2978 est
657 2931 828 2999 personam
844 2909 973 2977 Actoris
989 2907 1040 2975 vel
1062 2907 1121 2974 Rei
1146 2907 1316 2974 sustinere.
1335 2905 1392 2972 ld-

250 3037 312 3104 qua
329 3015 471 3105 procedit
495 3015 593 3084 etism
617 3015 657 3083 de
681 3016 841 3106 religiosis
865 3037 938 3106 quar
961 3015 1121 3082 clausurae
1140 3035 1180 3081 ex
1203 3013 1317 3102 regula
1333 3035 1391 3080 sua

250 3143 315 3188 non
340 3121 601 3212 adstringuntur,
625 3147 699 3192 aum
726 3123 865 3210 dicatur,
883 3123 1069 3214 presertim
1095 3143 1166 3210 oreae
1191 3119 1306 3187 delent
1332 3119 1391 3186 sud

250 3231 403 3298 clausura
432 3232 568 3300 morari.
601 3237 634 3299 2⁰
664 3231 778 3320 Quoad
809 3241 943 3299 eaeteras
973 3229 1122 3298 loeminas
1157 3229 1202 3294 sio
1228 3227 1391 3295 concludit

251 3337 568 3428 Schrualzgrueber:
591 3338 896 3428 ullislinguendum
924 3346 972 3404 est
994 3335 1079 3404 inter
1094 3357 1206 3403 causas
1229 3333 1340 3402 civiles
1361 3342 1392 3401 et

255 3473 271 3508 a
295 3444 498 3530 criminales;
516 3469 591 3512 uam
607 3446 641 3512 in
657 3446 808 3514 civilibus
826 3445 938 3512 iavitae
954 3441 1163 3535 personaliter
1179 3441 1218 3508 ad
1231 3441 1389 3532 judicium

256 3578 272 3616 n
297 3553 383 3622 trahi
406 3575 472 3620 non
497 3552 746 3643 perniittuniur;
770 3553 797 3620 si
825 3560 931 3619 umen
958 3551 1069 3635 uelint,
1087 3571 1183 3638 agere
1203 3558 1234 3615 et
1257 3571 1391 3639 respon-

256 3685 272 3724 «
297 3661 372 3728 dero
389 3661 423 3727 in
440 3683 477 3728 eo
494 3667 639 3752 possunt.
658 3660 696 3727 lu
716 3659 939 3727 criminalibus
963 3679 1028 3725 uon
1043 3655 1174 3747 quideur
1191 3656 1393 3748 permittun-

258 3793 274 3828 ι(
298 3775 351 3832 tor
373 3789 469 3855 agere
487 3766 537 3835 rel
563 3787 728 3851 accusare;
756 3766 785 3832 si
809 3771 916 3832 tauron
944 3763 1060 3830 atrocis
1086 3760 1223 3851 alicujus
1247 3760 1394 3828 criminis

257 3899 274 3934 u
301 3895 364 3940 resa
380 3873 457 3958 sint,
471 3873 581 3941 invitia
599 3873 632 3940 in
644 3871 804 3963 judicium
819 3869 906 3938 trahi
922 3877 1057 3961 possunt
1073 3895 1089 3932 n
1111 3867 1155 3957 tin
1171 3866 1303 3935 titulum
1322 3869 1335 3933 1
1355 3866 1395 3934 de

253 3979 400 4062 Iudiciis,
417 3980 490 4048 libri
510 3985 528 4046 2
545 3979 776 4065 Deeretalium,
794 4001 827 4046 n.
849 3977 916 4064 30).
935 3976 980 4044 Ea
999 3983 1120 4045 asserta
1142 3975 1256 4067 probat
1275 3973 1395 4042 citatus

253 4096 376 4170 auctor,
396 4095 464 4155 tum
481 4111 521 4155 ex
538 4089 606 4178 ipsa
622 4086 786 4173 decretali,
805 4095 875 4156 tum
890 4107 931 4154 ex
953 4081 1217 4175 dispositionibus
1236 4081 1395 4151 lastinia-

254 4193 306 4260 uei
319 4193 413 4284 juris.
433 4193 495 4262 Eas
511 4194 597 4262 eniur
613 4191 840 4285 dispositiones
865 4192 898 4259 ia
916 4191 990 4282 jure
1004 4189 1205 4259 lastiniaaeo
1224 4211 1395 4280 expressas
