3062 4968
577 451 650 496 eros
672 451 777 496 rmus.
1181 429 1237 494 151

97 573 209 665 coepit,
227 573 415 641 infirmitate
429 573 480 642 vel
503 571 568 642 elio
586 572 752 640 obstaculo
771 571 996 663 impediretur,
1018 571 1069 640 vel
1085 571 1243 640 malitiose

98 684 274 774 procedere
296 686 471 749 recusaret.
495 681 543 748 na
565 678 650 748 clare
676 679 819 771 disponit
845 681 943 748 citata
967 679 1135 748 decretalis
1160 682 1243 749 Cum

95 789 209 880 plures
220 813 233 870 ;
246 795 278 856 et
293 787 328 854 in
343 809 382 855 eo
404 787 451 856 sic
468 785 710 879 interpretenda
733 787 930 856 concordent
952 787 1139 855 cononistae.
1161 786 1242 854 Item

99 921 144 966 ex
160 896 270 966 endem
288 894 439 964 decretali
457 893 617 986 sequitur,
632 895 660 961 si
676 916 801 982 omnes,
820 894 871 964 vel
886 894 997 985 plnres
1012 915 1053 962 ex
1074 893 1244 982 delegetis,

99 1003 200 1072 simul
214 1003 373 1094 incipiant
387 1023 517 1070 oensem
533 1023 739 1090 cognoscere,
751 1001 819 1091 jum
835 1023 900 1069 non
915 1023 1009 1093 posse
1029 1021 1132 1069 unum
1147 999 1245 1069 dnm·

100 1118 192 1178 texet
213 1109 407 1202 procedere;
426 1106 482 1177 sed
507 1117 612 1178 totum
631 1107 795 1199 judicium
811 1109 1050 1200 expediendum
1066 1129 1134 1176 esse
1150 1106 1191 1175 ab
1207 1107 1246 1174 iis

100 1217 267 1303 omuibus,
290 1217 348 1308 qui
371 1239 438 1287 uno
458 1223 627 1308 creperunt
651 1238 781 1284 oensem
805 1237 1009 1305 cognoscere.
1035 1215 1198 1284 Caeterum
1217 1215 1245 1282 si

102 1325 288 1418 perplures
311 1323 477 1413 negotium
494 1321 698 1414 expedietur,
717 1323 838 1392 valebit
852 1323 1010 1391 sententie
1028 1322 1160 1414 majoris
1181 1343 1242 1389 nu·

101 1433 184 1502 meri
201 1432 248 1500 :si
263 1429 466 1516 dissentient,
481 1437 583 1500 etstet
595 1430 747 1524 utrinque
763 1429 897 1522 requelis
912 1452 1081 1514 numerus,
1099 1429 1140 1498 sd
1156 1427 1244 1497 dele·

101 1549 234 1630 gantem
246 1547 295 1607 cst
310 1536 557 1608 recurrendum.

148 1646 308 1728 Secundo,
326 1669 419 1716 cesus
436 1645 600 1733 iormulae,
623 1659 660 1714 ut
679 1646 709 1714 si
726 1667 837 1714 omnes
857 1646 1007 1714 interesse
1028 1643 1242 1735 nequiuerint,

102 1755 222 1845 reliqui
236 1753 434 1822 mandatum
449 1766 662 1844 exequantur.
680 1753 718 1821 In
733 1753 794 1822 hoc
808 1776 885 1822 casu
896 1752 1007 1821 nullus
1021 1760 1124 1842 potest
1138 1749 1244 1819 valide

102 1861 288 1953 procedere,
303 1861 366 1930 nisi
376 1862 467 1954 prius
478 1861 631 1930 senonice
642 1860 820 1929 constiterit
831 1869 966 1929 crctercs
976 1859 1034 1951 qui
1046 1881 1111 1928 non
1125 1858 1245 1926 adsunt

102 1968 267 2060 impediri.
291 1969 385 2040 Unde
410 1969 438 2036 si
463 1976 539 2054 tres,
564 1967 658 2037 verbi
679 1967 796 2058 gretie,
820 1966 959 2058 delegati
977 1965 1111 2053 fuerint,
1126 1975 1158 2034 et
1178 1964 1245 2034 duo

102 2097 291 2166 processum
316 2076 484 2166 incipient,
508 2083 683 2167 numquam
714 2095 772 2166 per
794 2074 1047 2144 instrumentum
1074 2073 1244 2164 publicum

103 2191 227 2254 constet
240 2184 372 2256 tertium
397 2205 464 2253 non
483 2183 626 2276 potuisse
652 2183 777 2270 venire,
806 2204 975 2274 processus
994 2181 1105 2250 nullus
1126 2179 1190 2248 erit
1212 2185 1244 2247 et

103 2290 218 2362 irritus
234 2319 241 2358 :
258 2300 290 2361 et
303 2292 389 2361 idem
405 2290 580 2361 dicendum
595 2291 625 2358 si
639 2289 705 2359 duo
722 2296 847 2358 tentum
862 2289 999 2380 delegati
1016 2289 1093 2375 sint,
1109 2295 1141 2354 et
1159 2307 1246 2355 unus

104 2400 270 2490 procedet,
297 2408 471 2491 antequem
494 2399 613 2468 certior
636 2420 695 2490 per
718 2399 972 2468 instrumentum
994 2395 1161 2488 publicum
1187 2393 1245 2462 fiat

104 2507 146 2576 de
166 2507 399 2598 impedimento
423 2506 567 2576 elterim.
598 2507 707 2575 Potest
727 2515 835 2574 eutem
855 2503 1012 2591 occidere,
1037 2511 1074 2572 ut
1094 2524 1180 2571 unus
1202 2523 1244 2570 ex
1278 2565 1279 2568 ,
1307 2529 1310 2538 ·

104 2614 273 2704 delegetis,
296 2615 370 2684 licet
390 2615 533 2706 legitime
558 2637 624 2684 non
645 2613 855 2707 impediatur,
882 2614 929 2682 ire
955 2619 1064 2681 tomen
1090 2609 1131 2679 ad
1155 2609 1247 2700 judi·

104 2722 247 2790 cendum
267 2745 342 2792 eum
365 2723 437 2791 eliis
457 2730 583 2792 recuset
598 2749 606 2790 ε
623 2731 654 2790 et
676 2730 754 2790 tnnc
772 2721 905 2814 quidem
928 2719 982 2788 ille
1004 2718 1149 2810 graviter
1169 2739 1245 2809 pec-

105 2839 176 2916 cat;
199 2829 255 2898 sed
283 2830 352 2915 alii,
384 2830 536 2898 certiores
560 2829 602 2898 de
625 2827 728 2921 ipsius
754 2827 956 2898 recusatione
983 2827 1078 2911 iacti,
1111 2833 1247 2918 possunt

106 2938 212 3006 vulide
233 2938 418 3029 procedere,
446 2937 560 3007 eodem
582 2937 680 3006 modo
695 2960 732 3006 ec
753 2937 780 3004 si
801 2937 859 3006 iste
881 2936 1024 3027 legitime
1046 2933 1160 3003 fuisset
1179 2933 1247 3000 im-

107 3046 246 3136 peditus.
276 3045 357 3126 Quae
376 3045 488 3114 omnic
506 3051 711 3114 consumes
731 3051 823 3114 textu
836 3066 936 3136 supro
956 3044 1061 3112 citotre
1081 3039 1249 3110 decretalis

107 3151 337 3222 Pmderstiam.
355 3151 528 3221 Posuimus
545 3161 670 3220 tontum
684 3153 719 3220 in
734 3165 811 3220 cusu
826 3151 1014 3236 formulam,
1031 3149 1060 3217 si
1075 3171 1185 3216 omnes
1200 3149 1249 3214 irr-

107 3271 221 3328 teresse
247 3260 460 3351 nequiverint,
486 3257 605 3350 reliqui
629 3257 826 3328 mandatum
850 3269 1054 3350 coequentur
1071 3283 1081 3323 .·
1096 3255 1151 3325 sed
1174 3277 1248 3346 quae

107 3367 253 3436 diximus
266 3367 480 3457 intelligenda
492 3376 581 3454 sunt,
595 3367 693 3435 etiem
705 3365 745 3434 de
759 3365 904 3457 qualibet
915 3364 980 3433 alio
993 3364 1134 3434 formula
1149 3363 1252 3456 aequi·

107 3474 252 3558 valente,
278 3482 314 3542 ut
336 3482 434 3564 petet.
465 3473 677 3565 AEqnivnlens
698 3481 807 3542 autem
830 3480 878 3540 est
901 3496 935 3541 v.
963 3495 996 3562 g.
1021 3472 1161 3540 formula
1188 3493 1253 3562 qne

108 3581 293 3672 disponitur
307 3579 451 3672 (quondo
465 3579 531 3648 duo
547 3587 674 3648 tautum
696 3579 914 3670 delegantur),
930 3591 968 3648 ut
988 3578 1128 3646 dambe
1148 3579 1253 3646 inter-

109 3710 176 3757 esse
193 3687 408 3778 nequiverint,
438 3709 525 3755 unus
549 3686 746 3755 mandatum
772 3687 936 3778 expediat.
961 3686 1124 3756 Caetcrum
1147 3686 1174 3752 si
1197 3708 1255 3777 per

109 3794 222 3887 plures
244 3794 412 3884 negotium
442 3794 649 3886 expedietur,
677 3802 764 3862 tenet
791 3795 949 3863 sententio
980 3793 1114 3884 majoris
1140 3813 1252 3860 eorum

110 3902 253 3971 numeri.
271 3903 310 3970 Et
326 3902 361 3970 in
375 3924 450 3971 casu
466 3901 601 3994 mquulis
612 3901 688 3969 hinc
705 3900 780 3970 inde
794 3901 878 3968 inter
891 3900 1017 3992 judices
1031 3899 1254 3990 oppositionis,

109 4012 151 4079 od
169 4009 372 4100 detegentem
384 4019 431 4078 est
445 4008 693 4078 recurrendum.

158 4119 278 4199 Tertio,
308 4139 402 4186 casus
430 4117 553 4186 nuliius
585 4115 704 4185 edditae
736 4115 905 4201 cleusulae,
938 4137 996 4182 seu
1027 4114 1193 4207 simplicis,
1221 4127 1257 4184 ut

111 4227 239 4312 dicunt,
267 4225 495 4316 deputationis.
526 4226 619 4293 Tunc
648 4224 730 4292 nulli
751 4231 900 4292 censetur
923 4222 1005 4290 fecte
1028 4221 1162 4291 facultas
1188 4223 1257 4294 sino
