3056 4972
275 471 337 536 200
650 491 827 538 ruecrerus
851 493 888 537 ue
910 491 1044 538 runicus.

272 639 289 678 <a
312 613 397 682 lieri.
417 639 433 678 n
453 613 501 681 lbi
516 613 626 703 agitur
640 612 681 681 de
695 613 848 682 omnibus
862 613 986 683 clericis
1002 623 1034 683 et
1048 612 1089 682 de
1103 614 1174 683 loro
1194 615 1292 686 etiam
1313 614 1423 685 eccle-

273 721 412 806 siastico,
428 719 589 813 siquidem
603 720 657 788 lex
672 743 737 790 non
749 720 932 812 distinguit,
945 720 1000 789 sed
1014 721 1240 791 universaliter
1252 723 1417 815 loquitur.

320 858 337 894 a
359 827 611 918 Intelligendum
629 835 737 896 autem
757 827 818 896 hoc
836 837 884 895 est
906 827 1122 918 reputantem·
1135 851 1210 897 narn
1233 829 1343 921 plures
1359 831 1419 899 ia·
1523 877 1524 904 r

277 965 293 1002 e
317 935 439 1006 ciendae
461 942 538 1004 sunt
556 933 775 1026 exceptiones,
790 935 911 1027 quibus
929 935 1025 1004 etiam
1048 943 1161 1004 contre
1176 936 1361 1022 Ecclesiam,
1381 939 1418 1005 in
1523 949 1524 954 ’

276 1073 293 1110 a
316 1067 381 1136 qua
396 1042 588 1112 beneficium
611 1041 733 1110 obtinet
755 1042 903 1128 clericus,
924 1042 1072 1111 advocati
1097 1065 1218 1113 munus
1243 1045 1332 1113 obire
1354 1068 1419 1136 po·

276 1183 292 1218 a
315 1160 377 1222 test
391 1152 532 1243 :pr-imo,
545 1150 571 1218 si
589 1158 749 1241 prrecepto
763 1149 944 1241 superioris
960 1149 1075 1219 adhoc
1091 1160 1241 1240 cogatur,
1260 1152 1415 1234 secundo,

275 1289 291 1327 a
315 1261 341 1328 si
357 1259 496 1352 postulet
504 1258 538 1324 in
551 1257 683 1349 proprie
697 1279 805 1338 causa,
819 1257 869 1324 vel
885 1279 1033 1348 personae
1049 1258 1247 1349 conjunctre3
1265 1259 1373 1338 tertio,
1388 1261 1418 1328 si

273 1397 289 1432 a
314 1391 373 1460 pro
389 1365 535 1459 personis
552 1364 800 1451 miserabilibus,
818 1363 883 1432 alio
906 1362 1062 1433 advocato
1077 1363 1257 1452 destitutis;
1279 1382 1416 1457 quarto,
1524 1405 1525 1412 κ

274 1506 291 1544 c
314 1479 342 1544 si
356 1475 496 1545 Ecclesia
510 1475 638 1563 ingrata
653 1480 735 1540 esset
749 1472 783 1539 iu
799 1472 968 1549 clericum;
987 1473 1111 1564 quinto,
1129 1473 1157 1542 si
1172 1473 1205 1540 in
1220 1496 1286 1542 una
1302 1474 1419 1543 Eccle-

275 1613 291 1650 «
316 1586 363 1651 sia
378 1605 437 1672 pro
451 1604 516 1672 qua
538 1579 677 1670 postulat
700 1587 782 1646 esset
803 1579 976 1664 Praelatus,
994 1579 1029 1646 in
1053 1579 1154 1646 altera
1179 1589 1416 1673 contraquam

274 1721 291 1758 a
314 1691 453 1784 postulat
468 1689 600 1757 baberet
613 1687 702 1755 aliud
717 1685 925 1755 beneficium.
943 1715 959 1750 n
986 1685 1301 1778 (Schmalzgruebcr,
1316 1690 1349 1756 in
1367 1689 1416 1756 ti-

270 1800 376 1870 tulum
392 1801 445 1883 37,
462 1797 540 1864 libri
556 1800 570 1862 1
588 1796 729 1878 Decret,
745 1817 778 1862 n.
799 1795 846 1884 9.)

318 1913 350 1974 3ο
367 1907 407 1974 Si
421 1904 561 1972 taceant
587 1902 777 1992 beneficium
801 1902 1059 1984 ecclesiasticum,
1079 1925 1146 1971 non
1164 1917 1300 1994 pessunt
1314 1927 1418 1995 repu-

273 2015 388 2084 leriter
402 2034 465 2079 esse
478 2008 631 2078 advocati
644 2031 756 2076 coram
769 2009 920 2077 scortari
934 2006 1051 2099 judice
1065 2009 1101 2075 in
1121 2009 1258 2100 nepotiir
1278 2011 1419 2079 acccele-

272 2122 371 2190 ridns.
386 2159 430 2170 -
443 2117 480 2185 ld
495 2137 646 2206 expresse
660 2114 844 2183 decernitur
860 2115 896 2182 iu
910 2115 1007 2183 citato
1022 2115 1125 2206 capite
1143 2115 1259 2185 Clerici
1269 2117 1314 2207 (l,
1328 2117 1420 2186 tituli

275 2234 328 2314 37,
344 2228 401 2296 lib.
425 2231 436 2292 t
455 2225 562 2312 Dece.)
584 2251 591 2290 :
612 2222 682 2290 «lu
697 2223 870 2291 ordinibus
888 2245 1019 2314 quoque
1042 2223 1234 2309 minoribus,
1249 2224 1277 2291 si
1292 2225 1420 2316 stipen-
1526 2261 1527 2318 i

277 2365 293 2402 κ
317 2335 379 2404 diis
398 2330 617 2402 ecclesiasticis
638 2337 871 2416 sustententur,
887 2349 997 2397 coram
1019 2330 1167 2398 saeculari
1184 2331 1294 2422 judice
1309 2331 1419 2400 advo-

277 2472 292 2508 «
317 2443 381 2510 cati
397 2441 431 2508 in
447 2438 584 2528 negotiis
601 2437 813 2505 sacularibus
829 2435 900 2504 lieri
922 2457 989 2504 non
1008 2449 1220 2527 presumant.
1238 2463 1254 2502 n
1275 2438 1420 2508 Videtur

272 2559 380 2618 autem
390 2543 595 2616 extendenda
606 2542 783 2634 prohibitio
795 2543 836 2611 ad
849 2565 902 2611 eos
912 2543 1044 2611 clericos
1057 2545 1089 2610 in
1104 2543 1284 2612 minoribus
1295 2546 1418 2613 consti-

274 2666 371 2740 tutos,
389 2655 445 2745 qui
466 2653 540 2720 licet
558 2649 752 2718 beneficium
774 2650 903 2742 proprie
924 2649 1046 2718 dictum
1070 2673 1134 2718 uon
1153 2651 1332 2736 obtineant,
1349 2653 1418 2722 alio

273 2763 369 2832 modo
380 2785 421 2830 ex
434 2758 584 2829 Ecclesiae
599 2757 693 2826 bonis
708 2765 943 2836 sustentantur;
958 2757 1035 2848 quia
1050 2757 1238 2827 etiamtunc
1254 2759 1419 2852 recipiunt

270 2869 433 2966 stipendia
449 2866 658 2937 ecclesiastico
677 2893 687 2931 .·
705 2865 770 2932 imo
786 2864 995 2956 probabiliter
1009 2874 1040 2933 et
1054 2865 1095 2932 ad
1111 2887 1166 2934 eos
1183 2867 1241 2958 qui
1257 2867 1341 2936 bona
1356 2893 1419 2960 pn-

272 2975 470 3049 trimonialia
479 2974 530 3042 vel
544 2971 677 3042 aliunde
689 2972 859 3063 acquisita,
871 2971 956 3040 uude
969 2970 1166 3041 sufficienter
1180 2981 1415 3062 sustententur,

271 3085 446 3181 possident.
475 3082 557 3150 Nam
587 3089 675 3165 tunc,
702 3080 746 3145 ait
771 3077 938 3167 Pirrhing,
967 3088 1069 3145 cessat
1095 3101 1193 3147 causa
1218 3083 1418 3150 necessitatis

272 3199 514 3284 propterquam
530 3187 726 3279 permissum
740 3193 787 3252 est
802 3184 964 3276 ejusmodi
983 3185 1107 3253 clericis
1125 3185 1273 3255 advocati
1295 3211 1417 3257 munus

273 3319 439 3381 exercere5
456 3304 487 3364 et
509 3294 630 3362 cadunt
645 3293 706 3361 sub
727 3301 925 3384 pracceptum
953 3294 1103 3382 generale
1124 3317 1190 3385 quo
1210 3305 1363 3386 perpetuo
1378 3298 1417 3365 in

270 3404 412 3476 Ecclesia
427 3400 627 3494 prohibitum
642 3408 688 3467 est
706 3399 816 3489 (salvis
840 3399 1006 3468 nonnullis
1019 3401 1273 3492 exceptionibus)
1292 3425 1332 3470 ne
1348 3405 1417 3472 cle-

269 3514 328 3583 riei
349 3508 488 3601 negotiis
509 3504 719 3574 saecularibus
746 3527 813 3573 sese
839 3505 1052 3574 immisceant.
1072 3506 1170 3596 (Vide
1190 3507 1360 3598 Pirrhing,
1379 3510 1418 3578 in

270 3621 401 3690 titulum
417 3619 471 3703 38,
489 3613 564 3681 libri
583 3617 596 3679 l
620 3613 849 3698 Decretulium,
867 3636 901 3680 n.
921 3613 967 3704 7.)

316 3731 347 3796 l⁰
363 3719 602 3816 Apreeedenti
620 3719 819 3788 conclusione
838 3719 1035 3811 eecipiendee
1061 3735 1136 3788 sunt
1156 3734 1219 3789 tres
1237 3745 1417 3792 causarum

268 3835 395 3927 species,
414 3831 450 3899 in
469 3828 585 3920 quibus
605 3825 686 3895 dieti
704 3827 820 3907 cleriei,
837 3827 988 3918 quemvis
1008 3827 1196 3919 beneficium
1221 3830 1415 3914 obtinentes,

263 3950 402 4034 possunt
416 3939 451 4005 in
467 3935 561 4005 curio
574 3933 725 4002 secutori
736 3933 890 4003 advocati
902 3935 1045 4026 officium
1061 3957 1215 4004 encrcew.
1231 3975 1276 3989 -
1288 3938 1418 4031 Excep-

266 4049 311 4117 tio
334 4046 405 4113 haec
419 4043 539 4135 triplex
554 4041 587 4109 in
603 4041 701 4108 citato
721 4039 824 4132 capite
843 4041 961 4111 cteta·
985 4041 1183 4133 exprimitur
1204 4042 1255 4111 his
1275 4044 1384 4112 verbis
1405 4075 1413 4113 :

269 4181 286 4220 a
310 4151 382 4222 Nisi
398 4150 563 4242 propriam
578 4170 709 4216 mirsam
728 4148 780 4238 (en
795 4148 902 4239 prima
923 4148 1044 4240 species
1065 4150 1264 4240 causarum),
1283 4151 1334 4218 vel
1352 4153 1417 4220 Ec-

270 4291 287 4330 «
310 4259 416 4329 clesiae
432 4257 484 4350 (en
500 4257 661 4346 alteram),
676 4263 734 4324 aut
749 4277 807 4346 pro
828 4255 1068 4324 miserabilibus
1091 4255 1172 4326 torte
1194 4258 1340 4348 personis
1361 4261 1417 4352 (eu
