3046 4968
580 540 654 586 rans
677 539 781 588 rmus.
1187 519 1246 586 117

107 658 335 746 ecclesiastica,
364 667 441 730 suut
469 667 576 730 nmen
598 661 746 753 quadam
768 662 988 734 ecclesiasticae
1016 669 1046 732 ot
1071 663 1114 733 ad
1137 664 1245 732 loram

108 766 255 943 {dumio
281 767 492 859 pertinentes,
520 791 595 860 qum
619 769 805 860 spirituales
832 793 899 840 uon
922 779 1012 858 suut,
1041 769 1097 840 aad
1122 778 1246 861 tempo-

564 1065 708 1136 CAPUT
730 1063 787 1134 IX.

447 1251 490 1297 ll!
518 1249 645 1297 canals
673 1250 777 1296 lllX'l'l
809 1251 905 1298 toul.

153 1418 185 1481 1·
205 1416 354 1484 «Caeam
374 1415 473 1484 manti
490 1414 559 1506 sori
577 1413 743 1500 dicuutur,
764 1437 839 1506 quae
860 1415 894 1485 iu
914 1423 1051 1509 utroque
1074 1418 1157 1500 loro,
1182 1425 1246 1486 mm

18 1599 19 1604 ἵ
112 1549 126 1584 ι
148 1522 363 1591 ecclesiastico
376 1521 495 1590 scilicet
510 1543 609 1614 quam
625 1517 724 1608 civili,
741 1523 871 1590 tractari
887 1531 1034 1614 possunt,
1052 1524 1097 1591 ito
1111 1533 1147 1591 ut
1163 1545 1248 1616 prae-

18 1629 19 1698 j
112 1657 127 1692 ι
149 1629 296 1698 ventioui
308 1628 398 1698 locus
411 1629 463 1696 sit.
477 1629 525 1696 Ita
536 1627 721 1696 desumitur
732 1649 772 1696 ex
788 1651 910 1697 canone
926 1633 1013 1698 Sum
1027 1629 1248 1720 praedocuit,

18 1773 19 1778 1
111 1763 126 1798 e
146 1759 181 1826 q.
204 1741 236 1825 5,
257 1745 288 1804 et
306 1737 409 1828 capite
432 1740 445 1802 l
470 1735 509 1803 de
531 1737 622 1828 Offic.
645 1734 818 1803 ardinor...
844 1736 968 1804 Dantur
988 1738 1106 1805 etenim
1128 1738 1246 1830 aliqum

18 1891 19 1932 3
110 1871 125 1906 ι
147 1867 269 1931 onusta,
284 1865 359 1936 quae
369 1843 443 1912 lieet
453 1866 494 1911 ex
508 1865 541 1910 ae
553 1851 634 1912 etex
648 1851 763 1910 natura
778 1865 837 1910 sua
851 1843 1023 1912 saeculares
1038 1845 1114 1930 sint,
1130 1843 1247 1914 nihilo·

18 1939 19 2010 l
111 1981 126 2016 e
150 1953 260 2021 minus
271 1960 404 2043 propter
412 1958 533 2018 certam
544 1949 727 2040 adjunctam
741 1949 927 2042 qualitatem
940 1950 1139 2041 spiritualem
1152 1951 1248 2020 etiam

18 2093 19 2108 1
111 2086 126 2121 e
150 2057 331 2150 respiciunt
343 2057 452 2126 lorum
473 2055 734 2140 ecclesiasticum,
756 2065 812 2122 aut
831 2078 849 2122 e
867 2065 980 2124 contra
996 2081 1004 2123 z
1018 2078 1055 2124 ac
1077 2057 1185 2148 proin,
1204 2057 1248 2125 sic

18 2219 20 2232 ,
110 2191 125 2227 ι
148 2165 306 2232 suadente
322 2164 472 2255 aequitate
485 2161 651 2247 canonica,
666 2160 751 2250 lege,
771 2183 829 2229 seu
844 2162 1088 2247 consuetudine,
1108 2163 1140 2230 iu
1159 2170 1248 2232 atro-

111 2299 127 2334 α
150 2293 216 2362 que
233 2271 303 2340 loro
318 2271 434 2360 agitari
450 2276 605 2362 possuut3
627 2268 671 2336 ita
692 2275 800 2335 mmeu
821 2276 857 2335 ut
880 2267 936 2360 qui
954 2269 1127 2360 praeveuit,
1145 2270 1185 2337 ab
1203 2269 1251 2338 al-

18 2409 19 2420 *
111 2406 125 2440 a
149 2387 221 2446 tero
233 2377 383 2470 impediri
398 2375 538 2466 amplius
550 2373 769 2466 injudicando
782 2397 847 2442 non
860 2376 998 2466 possit.»
1015 2375 1249 2468 (Reiffcnstuel,

106 2485 138 2553 in
154 2486 287 2555 titulum
303 2490 335 2572 2,
352 2485 427 2552 libri
442 2489 461 2552 2
475 2483 704 2568 Decretalium,
722 2504 755 2550 u.
777 2482 866 2572 151.)

19 2601 20 2630 ³
150 2598 187 2660 2·
206 2593 323 2663 «Sunt
339 2601 447 2661 eutem
463 2611 568 2660 causae
583 2590 653 2658 istae
670 2588 740 2658 aliae
753 2589 872 2670 civiles,
889 2588 962 2657 aliae
978 2589 1171 2660 criminales.

151 2691 187 2768 3'·
205 2728 220 2765 a
235 2699 351 2769 causae
370 2698 483 2768 civiles
501 2697 595 2765 mixti
618 2695 680 2765 lori
702 2695 915 2787 perhibentur
935 2719 1009 2786 quaa
1030 2696 1162 2789 quidem
1182 2699 1251 2767 ori-

110 2835 127 2871 a
150 2807 304 2898 ginaliter
328 2815 406 2874 snut
426 2805 606 2885 saculares,
633 2811 766 2894 propter
784 2811 904 2871 certam
931 2811 1039 2871 tamen
1062 2804 1249 2895 qualitatem

110 2945 126 2979 a
151 2913 354 3006 spiritualem
373 2912 492 2980 habent
513 2917 693 3002 respectum
713 2907 754 2976 ad
773 2907 879 2978 lorum
903 2908 1175 2989 ecclesiasticum
1198 2911 1251 2979 vcl

109 3049 125 3085 a
149 3043 228 3114 quae
240 3019 443 3110 originaliter
455 3027 531 3085 sunt
541 3015 782 3100 ecclesiasticae3
800 3023 932 3106 propter
943 3015 1131 3107 qualitatem
1143 3026 1251 3086 tamen

110 3157 127 3192 a
151 3127 364 3219 temporalem
392 3124 591 3217 adjunctam,
620 3121 718 3190 etiam
745 3120 853 3189 forum
882 3121 1038 3191 saeculare
1063 3123 1250 3214 respiciunt.

110 3263 126 3300 e
150 3235 218 3303 Res
233 3242 299 3303 tota
322 3231 425 3322 magis
442 3230 600 3322 exemplis
614 3251 713 3322 qoam
733 3236 819 3296 certa
834 3227 1023 3296 delinitione
1037 3227 1252 3300 demonstrari

111 3371 127 3406 a
152 3349 282 3434 potest:

156 3451 239 3518 alta
256 3460 441 3516 contractus
463 3446 548 3512 iuter
569 3443 666 3512 laicos
687 3442 772 3528 initi,
798 3441 1000 3531 originaliter
1021 3444 1154 3535 quidem
1180 3457 1256 3514 sunt

111 3587 126 3620 a
152 3555 281 3624 doloro
297 3552 455 3622 saeculari.
474 3551 532 3618 Siu
548 3559 656 3618 autem
672 3549 907 3641 juramentum
922 3550 1102 3639 accesserit,
1123 3561 1255 3645 propter

112 3691 127 3726 a
152 3665 249 3732 istam
264 3661 451 3753 qualitatem
466 3656 666 3748 spiritualem
679 3655 869 3748 juramenti,
879 3654 964 3724 fiunt
980 3657 1092 3726 mixlae
1102 3656 1257 3748 jurisdic-

112 3799 128 3834 ιι
153 3770 276 3855 tionis3
295 3767 439 3854 intellige
460 3763 567 3857 quoad
582 3763 806 3831 executionem
833 3770 1015 3830 contractus
1034 3763 1133 3854 jurati
1154 3791 1160 3830 :
1182 3788 1257 3833 nam

114 3907 129 3942 a
154 3878 183 3945 si
198 3875 239 3943 dc
254 3873 365 3942 valore
372 3870 551 3964 juramenti
567 3877 746 3961 quaeratur,
762 3869 908 3958 cognitio
916 3868 1084 3960 privative
1098 3869 1138 3938 ad
1155 3871 1256 3940 ecclc-

115 4013 130 4048 «
154 3982 324 4052 siasticum
343 3978 487 4072 judicem
508 3975 731 4068 pertinebit.»
751 3975 875 4067 (Capite
892 3977 981 4044 Licet
1001 3976 1153 4045 mulieres
1171 3982 1203 4066 2,
1219 3979 1259 4048 de

106 4087 349 4181 jurejurando,
369 4087 402 4153 iu
426 4089 456 4151 6.
475 4121 520 4136 -
537 4083 649 4174 Capite
668 4083 768 4154 Novit
790 4087 843 4169 13,
866 4081 904 4150 de
921 4081 1068 4151 Iudiciis.
1088 4085 1259 4178 -Capite

110 4199 247 4284 ultimo,
282 4193 321 4263 de
350 4197 434 4262 Foro
457 4189 668 4282 competenti,
698 4189 732 4257 in
758 4194 788 4258 o.
811 4227 856 4242 -·
881 4189 992 4279 Capite
1022 4192 1191 4274 Quamvis,
1221 4193 1259 4262 dc

112 4306 235 4388 Paetis,
253 4305 288 4374 in
302 4305 346 4394 6.)
