<?xml version="1.0" encoding="UTF-8"?>
<!DOCTYPE html PUBLIC "-//W3C//DTD XHTML 1.0 Transitional//EN"
    "http://www.w3.org/TR/xhtml1/DTD/xhtml1-transitional.dtd">
<html xmlns="http://www.w3.org/1999/xhtml" xml:lang="en" lang="en">
 <head>
  <title>
</title>
<meta http-equiv="Content-Type" content="text/html;charset=utf-8" />
  <meta name='ocr-system' content='tesseract 3.04.00' />
  <meta name='ocr-capabilities' content='ocr_page ocr_carea ocr_par ocr_line ocrx_word'/>
</head>
<body>
  <div class='ocr_page' id='page_1' title='image "./tractatusdejudi01goog_0179.png"; bbox 0 0 3056 4972; ppageno 0'>
   <div class='ocr_carea' id='block_1_1' title="bbox 659 475 1048 522">
    <p class='ocr_par' dir='ltr' id='par_1_1' title="bbox 659 475 1048 522">
     <span class='ocr_line' id='line_1_1' title="bbox 659 475 1048 522; baseline 0.005 -2"><span class='ocrx_word' id='word_1_1' title='bbox 659 475 833 522; x_wconf 77' lang='lat' dir='ltr'>TRACTATUS</span> <span class='ocrx_word' id='word_1_2' title='bbox 858 478 894 522; x_wconf 79' lang='lat' dir='ltr'><strong>DE</strong></span> <span class='ocrx_word' id='word_1_3' title='bbox 916 476 1048 522; x_wconf 72' lang='lat' dir='ltr'><strong>tituletis.</strong></span> 
     </span>
    </p>
   </div>
   <div class='ocr_carea' id='block_1_2' title="bbox 752 898 956 968">
    <p class='ocr_par' dir='ltr' id='par_1_2' title="bbox 752 898 956 968">
     <span class='ocr_line' id='line_1_2' title="bbox 752 898 956 968; baseline -0.01 -2"><span class='ocrx_word' id='word_1_4' title='bbox 752 898 895 968; x_wconf 85' lang='lat' dir='ltr'><strong>CAPUT</strong></span> <span class='ocrx_word' id='word_1_5' title='bbox 918 900 956 968; x_wconf 90' lang='lat' dir='ltr'><strong>ll.</strong></span> 
     </span>
    </p>
   </div>
   <div class='ocr_carea' id='block_1_3' title="bbox 673 1091 1018 1150">
    <p class='ocr_par' dir='ltr' id='par_1_3' title="bbox 673 1091 1018 1150">
     <span class='ocr_line' id='line_1_3' title="bbox 673 1091 1018 1150; baseline -0.003 -3"><span class='ocrx_word' id='word_1_6' title='bbox 673 1091 714 1147; x_wconf 84' lang='lat' dir='ltr'><strong>&#39;uu</strong></span> <span class='ocrx_word' id='word_1_7' title='bbox 741 1103 858 1148; x_wconf 75' lang='lat' dir='ltr'><strong>nerone</strong></span> <span class='ocrx_word' id='word_1_8' title='bbox 889 1103 925 1147; x_wconf 80' lang='lat' dir='ltr'><strong>nr</strong></span> <span class='ocrx_word' id='word_1_9' title='bbox 949 1103 1018 1150; x_wconf 84' lang='lat' dir='ltr'><strong>uuo.</strong></span> 
     </span>
    </p>
   </div>
   <div class='ocr_carea' id='block_1_4' title="bbox 277 1347 1423 2085">
    <p class='ocr_par' dir='ltr' id='par_1_4' title="bbox 277 1347 1422 1762">
     <span class='ocr_line' id='line_1_4' title="bbox 321 1347 1422 1441; baseline 0 -25"><span class='ocrx_word' id='word_1_10' title='bbox 321 1349 394 1416; x_wconf 91' lang='lat' dir='ltr'><strong>Non</strong></span> <span class='ocrx_word' id='word_1_11' title='bbox 410 1369 523 1417; x_wconf 88' lang='lat' dir='ltr'><strong>omnes</strong></span> <span class='ocrx_word' id='word_1_12' title='bbox 537 1370 684 1440; x_wconf 82' lang='lat' dir='ltr'><strong>personae</strong></span> <span class='ocrx_word' id='word_1_13' title='bbox 701 1347 823 1416; x_wconf 87' lang='lat' dir='ltr'><strong>habiles</strong></span> <span class='ocrx_word' id='word_1_14' title='bbox 847 1357 923 1416; x_wconf 88' lang='lat' dir='ltr'><strong>sunt</strong></span> <span class='ocrx_word' id='word_1_15' title='bbox 938 1348 979 1416; x_wconf 88' lang='lat' dir='ltr'><strong>ad</strong></span> <span class='ocrx_word' id='word_1_16' title='bbox 994 1349 1145 1416; x_wconf 84' lang='lat' dir='ltr'><strong>standum</strong></span> <span class='ocrx_word' id='word_1_17' title='bbox 1162 1350 1195 1417; x_wconf 91' lang='lat' dir='ltr'><strong>in</strong></span> <span class='ocrx_word' id='word_1_18' title='bbox 1208 1349 1332 1441; x_wconf 85' lang='lat' dir='ltr'><strong>judicio</strong></span> <span class='ocrx_word' id='word_1_19' title='bbox 1347 1357 1422 1416; x_wconf 86' lang='lat' dir='ltr'><strong>tan-</strong></span> 
     </span>
     <span class='ocr_line' id='line_1_5' title="bbox 277 1455 1422 1548; baseline -0.001 -24"><span class='ocrx_word' id='word_1_20' title='bbox 277 1479 374 1547; x_wconf 87' lang='lat' dir='ltr'><strong>quam</strong></span> <span class='ocrx_word' id='word_1_21' title='bbox 399 1457 532 1525; x_wconf 82' lang='lat' dir='ltr'><strong>Aotores</strong></span> <span class='ocrx_word' id='word_1_22' title='bbox 559 1457 608 1528; x_wconf 89' lang='lat' dir='ltr'><strong>vel</strong></span> <span class='ocrx_word' id='word_1_23' title='bbox 635 1457 714 1542; x_wconf 73' lang='lat' dir='ltr'><strong>uei,</strong></span> <span class='ocrx_word' id='word_1_24' title='bbox 743 1455 810 1543; x_wconf 89' lang='lat' dir='ltr'><strong>sed,</strong></span> <span class='ocrx_word' id='word_1_25' title='bbox 830 1466 899 1524; x_wconf 90' lang='lat' dir='ltr'><strong>tum</strong></span> <span class='ocrx_word' id='word_1_26' title='bbox 925 1458 999 1548; x_wconf 85' lang='lat' dir='ltr'><strong>jure</strong></span> <span class='ocrx_word' id='word_1_27' title='bbox 1023 1457 1175 1544; x_wconf 86' lang='lat' dir='ltr'><strong>naturali,</strong></span> <span class='ocrx_word' id='word_1_28' title='bbox 1199 1465 1267 1525; x_wconf 90' lang='lat' dir='ltr'><strong>tum</strong></span> <span class='ocrx_word' id='word_1_29' title='bbox 1292 1457 1422 1546; x_wconf 86' lang='lat' dir='ltr'><strong>legibus</strong></span> 
     </span>
     <span class='ocr_line' id='line_1_6' title="bbox 279 1563 1419 1656; baseline -0.001 -26"><span class='ocrx_word' id='word_1_30' title='bbox 279 1563 510 1650; x_wconf 87' lang='lat' dir='ltr'><strong>ecclesiasticis,</strong></span> <span class='ocrx_word' id='word_1_31' title='bbox 529 1563 639 1631; x_wconf 85' lang='lat' dir='ltr'><strong>multae</strong></span> <span class='ocrx_word' id='word_1_32' title='bbox 653 1563 693 1630; x_wconf 89' lang='lat' dir='ltr'><strong>ad</strong></span> <span class='ocrx_word' id='word_1_33' title='bbox 709 1564 740 1630; x_wconf 90' lang='lat' dir='ltr'><strong>id</strong></span> <span class='ocrx_word' id='word_1_34' title='bbox 756 1563 874 1656; x_wconf 74' lang='lat' dir='ltr'><strong>inepte</strong></span> <span class='ocrx_word' id='word_1_35' title='bbox 888 1564 1118 1632; x_wconf 87' lang='lat' dir='ltr'><strong>decernuntur.</strong></span> <span class='ocrx_word' id='word_1_36' title='bbox 1135 1564 1291 1646; x_wconf 82' lang='lat' dir='ltr'><strong>Quaeuam</strong></span> <span class='ocrx_word' id='word_1_37' title='bbox 1310 1571 1419 1632; x_wconf 87' lang='lat' dir='ltr'><strong>autem</strong></span> 
     </span>
     <span class='ocr_line' id='line_1_7' title="bbox 278 1670 865 1762; baseline 0 -24"><span class='ocrx_word' id='word_1_38' title='bbox 278 1671 343 1739; x_wconf 78' lang='lat' dir='ltr'><strong>illae</strong></span> <span class='ocrx_word' id='word_1_39' title='bbox 360 1673 437 1758; x_wconf 88' lang='lat' dir='ltr'><strong>sint,</strong></span> <span class='ocrx_word' id='word_1_40' title='bbox 453 1672 507 1738; x_wconf 84' lang='lat' dir='ltr'><strong>liic</strong></span> <span class='ocrx_word' id='word_1_41' title='bbox 520 1670 749 1762; x_wconf 86' lang='lat' dir='ltr'><strong>exponendum</strong></span> <span class='ocrx_word' id='word_1_42' title='bbox 765 1672 865 1739; x_wconf 89' lang='lat' dir='ltr'><strong>venit.</strong></span> 
     </span>
    </p>

    <p class='ocr_par' dir='ltr' id='par_1_5' title="bbox 277 1778 1423 2085">
     <span class='ocr_line' id='line_1_8' title="bbox 321 1778 1422 1871; baseline 0 -25"><span class='ocrx_word' id='word_1_43' title='bbox 321 1780 347 1845; x_wconf 90' lang='lat' dir='ltr'><strong>l.</strong></span> <span class='ocrx_word' id='word_1_44' title='bbox 370 1781 417 1846; x_wconf 89' lang='lat' dir='ltr'><strong>De</strong></span> <span class='ocrx_word' id='word_1_45' title='bbox 439 1778 631 1869; x_wconf 70' lang='lat' dir='ltr'><strong>insontibus,</strong></span> <span class='ocrx_word' id='word_1_46' title='bbox 652 1779 786 1869; x_wconf 76' lang='lat' dir='ltr'><em>furiosis</em></span> <span class='ocrx_word' id='word_1_47' title='bbox 813 1791 842 1846; x_wconf 88' lang='lat' dir='ltr'><strong>et</strong></span> <span class='ocrx_word' id='word_1_48' title='bbox 870 1778 1062 1846; x_wconf 79' lang='lat' dir='ltr'><strong><em>amentibus.</em></strong></span> <span class='ocrx_word' id='word_1_49' title='bbox 1082 1819 1125 1830; x_wconf 98' lang='lat'><em>-</em></span> <span class='ocrx_word' id='word_1_50' title='bbox 1141 1780 1212 1866; x_wconf 92' lang='lat' dir='ltr'><strong>lsti,</strong></span> <span class='ocrx_word' id='word_1_51' title='bbox 1231 1787 1339 1871; x_wconf 86' lang='lat' dir='ltr'><strong>utpote</strong></span> <span class='ocrx_word' id='word_1_52' title='bbox 1363 1780 1422 1870; x_wconf 82' lang='lat' dir='ltr'><strong>qui</strong></span> 
     </span>
     <span class='ocr_line' id='line_1_9' title="bbox 278 1885 1423 1978; baseline 0 -27"><span class='ocrx_word' id='word_1_53' title='bbox 278 1894 444 1974; x_wconf 88' lang='lat' dir='ltr'><strong>nequeunt</strong></span> <span class='ocrx_word' id='word_1_54' title='bbox 467 1909 525 1953; x_wconf 88' lang='lat' dir='ltr'><strong>sua</strong></span> <span class='ocrx_word' id='word_1_55' title='bbox 547 1886 624 1977; x_wconf 88' lang='lat' dir='ltr'><strong>jura</strong></span> <span class='ocrx_word' id='word_1_56' title='bbox 650 1893 733 1954; x_wconf 88' lang='lat' dir='ltr'><strong>recte</strong></span> <span class='ocrx_word' id='word_1_57' title='bbox 758 1886 912 1978; x_wconf 75' lang='lat' dir='ltr'>prosequi</span> <span class='ocrx_word' id='word_1_58' title='bbox 935 1894 992 1955; x_wconf 86' lang='lat' dir='ltr'><strong>aut</strong></span> <span class='ocrx_word' id='word_1_59' title='bbox 1014 1885 1200 1973; x_wconf 84' lang='lat' dir='ltr'><strong>defendere,</strong></span> <span class='ocrx_word' id='word_1_60' title='bbox 1220 1908 1277 1978; x_wconf 86' lang='lat' dir='ltr'><strong>per</strong></span> <span class='ocrx_word' id='word_1_61' title='bbox 1299 1885 1423 1976; x_wconf 87' lang='lat' dir='ltr'><strong>seipsos</strong></span> 
     </span>
     <span class='ocr_line' id='line_1_10' title="bbox 277 1991 1422 2085; baseline -0.002 -25"><span class='ocrx_word' id='word_1_62' title='bbox 277 1993 312 2060; x_wconf 92' lang='lat' dir='ltr'><strong>in</strong></span> <span class='ocrx_word' id='word_1_63' title='bbox 331 1991 454 2083; x_wconf 83' lang='lat' dir='ltr'><strong>judicio</strong></span> <span class='ocrx_word' id='word_1_64' title='bbox 470 2002 553 2060; x_wconf 88' lang='lat' dir='ltr'><strong>stare</strong></span> <span class='ocrx_word' id='word_1_65' title='bbox 575 1999 753 2084; x_wconf 87' lang='lat' dir='ltr'><strong>nequeunt,</strong></span> <span class='ocrx_word' id='word_1_66' title='bbox 771 2015 875 2085; x_wconf 89' lang='lat' dir='ltr'><strong>neque</strong></span> <span class='ocrx_word' id='word_1_67' title='bbox 892 2002 1046 2085; x_wconf 86' lang='lat' dir='ltr'><strong>tauquam</strong></span> <span class='ocrx_word' id='word_1_68' title='bbox 1062 1996 1197 2063; x_wconf 87' lang='lat' dir='ltr'><strong>Actares</strong></span> <span class='ocrx_word' id='word_1_69' title='bbox 1221 2015 1325 2085; x_wconf 89' lang='lat' dir='ltr'><strong>oeque</strong></span> <span class='ocrx_word' id='word_1_70' title='bbox 1346 2001 1422 2060; x_wconf 87' lang='lat' dir='ltr'><strong>tan-</strong></span> 
     </span>
    </p>
   </div>
   <div class='ocr_carea' id='block_1_5' title="bbox 277 2098 1524 2192">
    <p class='ocr_par' dir='ltr' id='par_1_6' title="bbox 277 2098 1524 2192">
     <span class='ocr_line' id='line_1_11' title="bbox 277 2098 1524 2192; baseline -0.001 -25"><span class='ocrx_word' id='word_1_71' title='bbox 277 2123 375 2192; x_wconf 82' lang='lat' dir='ltr'><strong>quam</strong></span> <span class='ocrx_word' id='word_1_72' title='bbox 391 2099 470 2178; x_wconf 77' lang='lat' dir='ltr'><strong>llei;</strong></span> <span class='ocrx_word' id='word_1_73' title='bbox 486 2098 542 2167; x_wconf 90' lang='lat' dir='ltr'><strong>sed</strong></span> <span class='ocrx_word' id='word_1_74' title='bbox 567 2100 646 2191; x_wconf 85' lang='lat' dir='ltr'><strong>ipsis</strong></span> <span class='ocrx_word' id='word_1_75' title='bbox 671 2099 790 2168; x_wconf 81' lang='lat' dir='ltr'><strong>dentur</strong></span> <span class='ocrx_word' id='word_1_76' title='bbox 812 2108 934 2168; x_wconf 90' lang='lat' dir='ltr'><strong>tutores</strong></span> <span class='ocrx_word' id='word_1_77' title='bbox 949 2101 1000 2169; x_wconf 91' lang='lat' dir='ltr'><strong>vel</strong></span> <span class='ocrx_word' id='word_1_78' title='bbox 1027 2110 1205 2188; x_wconf 79' lang='lat' dir='ltr'><strong>curatores,</strong></span> <span class='ocrx_word' id='word_1_79' title='bbox 1221 2101 1277 2192; x_wconf 87' lang='lat' dir='ltr'><strong>qui</strong></span> <span class='ocrx_word' id='word_1_80' title='bbox 1294 2099 1327 2166; x_wconf 90' lang='lat' dir='ltr'><strong>id</strong></span> <span class='ocrx_word' id='word_1_81' title='bbox 1344 2123 1422 2168; x_wconf 90' lang='lat' dir='ltr'><strong>mu·</strong></span> <span class='ocrx_word' id='word_1_82' title='bbox 1523 2163 1524 2184; x_wconf 66' lang='lat'><strong>,</strong></span> 
     </span>
    </p>
   </div>
   <div class='ocr_carea' id='block_1_6' title="bbox 277 2207 1421 2515">
    <p class='ocr_par' dir='ltr' id='par_1_7' title="bbox 277 2207 1421 2515">
     <span class='ocr_line' id='line_1_12' title="bbox 277 2207 1421 2300; baseline 0.001 -27"><span class='ocrx_word' id='word_1_83' title='bbox 277 2207 365 2274; x_wconf 86' lang='lat' dir='ltr'><strong>neris</strong></span> <span class='ocrx_word' id='word_1_84' title='bbox 388 2208 532 2299; x_wconf 90' lang='lat' dir='ltr'><strong>ipsorum</strong></span> <span class='ocrx_word' id='word_1_85' title='bbox 560 2208 628 2275; x_wconf 90' lang='lat' dir='ltr'><strong>loeo</strong></span> <span class='ocrx_word' id='word_1_86' title='bbox 654 2207 817 2299; x_wconf 78' lang='lat' dir='ltr'><strong>expleant.</strong></span> <span class='ocrx_word' id='word_1_87' title='bbox 836 2207 870 2276; x_wconf 93' lang='lat' dir='ltr'><strong>ld</strong></span> <span class='ocrx_word' id='word_1_88' title='bbox 889 2231 967 2276; x_wconf 89' lang='lat' dir='ltr'><strong>vero</strong></span> <span class='ocrx_word' id='word_1_89' title='bbox 988 2231 1053 2276; x_wconf 91' lang='lat' dir='ltr'><strong>non</strong></span> <span class='ocrx_word' id='word_1_90' title='bbox 1078 2219 1205 2277; x_wconf 85' lang='lat' dir='ltr'><strong>tanturn</strong></span> <span class='ocrx_word' id='word_1_91' title='bbox 1227 2209 1300 2300; x_wconf 85' lang='lat' dir='ltr'><strong>jure</strong></span> <span class='ocrx_word' id='word_1_92' title='bbox 1315 2208 1421 2277; x_wconf 86' lang='lat' dir='ltr'><strong>Justi-</strong></span> 
     </span>
     <span class='ocr_line' id='line_1_13' title="bbox 277 2313 1419 2408; baseline 0.004 -26"><span class='ocrx_word' id='word_1_93' title='bbox 277 2314 409 2400; x_wconf 87' lang='lat' dir='ltr'><strong>niaueo,</strong></span> <span class='ocrx_word' id='word_1_94' title='bbox 435 2314 468 2382; x_wconf 88' lang='lat' dir='ltr'><strong>in</strong></span> <span class='ocrx_word' id='word_1_95' title='bbox 492 2314 564 2383; x_wconf 86' lang='lat' dir='ltr'><strong>foro</strong></span> <span class='ocrx_word' id='word_1_96' title='bbox 585 2314 737 2382; x_wconf 76' lang='lat' dir='ltr'><strong>Ecclesiae</strong></span> <span class='ocrx_word' id='word_1_97' title='bbox 763 2314 869 2407; x_wconf 89' lang='lat' dir='ltr'><strong>quoad</strong></span> <span class='ocrx_word' id='word_1_98' title='bbox 898 2313 982 2384; x_wconf 88' lang='lat' dir='ltr'><strong>hauc</strong></span> <span class='ocrx_word' id='word_1_99' title='bbox 1007 2315 1252 2408; x_wconf 74' lang='lat' dir='ltr'><strong>dispositionem</strong></span> <span class='ocrx_word' id='word_1_100' title='bbox 1279 2326 1419 2408; x_wconf 87' lang='lat' dir='ltr'><strong>recepto,</strong></span> 
     </span>
     <span class='ocr_line' id='line_1_14' title="bbox 278 2421 1420 2515; baseline 0.003 -26"><span class='ocrx_word' id='word_1_101' title='bbox 278 2423 505 2515; x_wconf 72' lang='lat' dir='ltr'><strong>praescriptum</strong></span> <span class='ocrx_word' id='word_1_102' title='bbox 531 2422 704 2514; x_wconf 86' lang='lat' dir='ltr'><strong>reperitur,</strong></span> <span class='ocrx_word' id='word_1_103' title='bbox 719 2422 773 2491; x_wconf 88' lang='lat' dir='ltr'><strong>sed</strong></span> <span class='ocrx_word' id='word_1_104' title='bbox 791 2421 830 2490; x_wconf 90' lang='lat' dir='ltr'><strong>ad</strong></span> <span class='ocrx_word' id='word_1_105' title='bbox 851 2423 905 2515; x_wconf 89' lang='lat' dir='ltr'><strong>jus</strong></span> <span class='ocrx_word' id='word_1_106' title='bbox 925 2424 1021 2492; x_wconf 89' lang='lat' dir='ltr'><strong>etiam</strong></span> <span class='ocrx_word' id='word_1_107' title='bbox 1044 2425 1189 2492; x_wconf 84' lang='lat' dir='ltr'><strong>naturale</strong></span> <span class='ocrx_word' id='word_1_108' title='bbox 1212 2424 1420 2498; x_wconf 80' lang='lat' dir='ltr'><strong>referendum</strong></span> 
     </span>
    </p>
   </div>
   <div class='ocr_carea' id='block_1_7' title="bbox 278 2529 1524 2835">
    <p class='ocr_par' dir='ltr' id='par_1_8' title="bbox 278 2529 1524 2835">
     <span class='ocr_line' id='line_1_15' title="bbox 278 2529 1524 2622; baseline 0.003 -26"><span class='ocrx_word' id='word_1_109' title='bbox 278 2538 338 2613; x_wconf 87' lang='lat' dir='ltr'><strong>est,</strong></span> <span class='ocrx_word' id='word_1_110' title='bbox 353 2538 497 2620; x_wconf 67' lang='lat' dir='ltr'><strong>ut&#39;patet.</strong></span> <span class='ocrx_word' id='word_1_111' title='bbox 510 2529 603 2598; x_wconf 91' lang='lat' dir='ltr'><strong>Unde</strong></span> <span class='ocrx_word' id='word_1_112' title='bbox 618 2540 742 2598; x_wconf 88' lang='lat' dir='ltr'><strong>certum</strong></span> <span class='ocrx_word' id='word_1_113' title='bbox 757 2529 851 2598; x_wconf 89' lang='lat' dir='ltr'><strong>estin</strong></span> <span class='ocrx_word' id='word_1_114' title='bbox 863 2530 994 2621; x_wconf 86' lang='lat' dir='ltr'><strong>judiciis</strong></span> <span class='ocrx_word' id='word_1_115' title='bbox 1009 2529 1231 2598; x_wconf 87' lang='lat' dir='ltr'><strong>ecclesiasticis</strong></span> <span class='ocrx_word' id='word_1_116' title='bbox 1247 2553 1310 2598; x_wconf 88' lang='lat' dir='ltr'><strong>non</strong></span> <span class='ocrx_word' id='word_1_117' title='bbox 1329 2555 1422 2622; x_wconf 88' lang='lat' dir='ltr'><strong>posse</strong></span> <span class='ocrx_word' id='word_1_118' title='bbox 1523 2587 1524 2612; x_wconf 81' lang='lat'><strong>,</strong></span> 
     </span>
     <span class='ocr_line' id='line_1_16' title="bbox 278 2637 1524 2730; baseline 0.002 -27"><span class='ocrx_word' id='word_1_119' title='bbox 278 2637 357 2705; x_wconf 84' lang='lat' dir='ltr'><strong>tales</strong></span> <span class='ocrx_word' id='word_1_120' title='bbox 371 2638 543 2706; x_wconf 89' lang='lat' dir='ltr'><strong>convenire</strong></span> <span class='ocrx_word' id='word_1_121' title='bbox 558 2660 616 2704; x_wconf 88' lang='lat' dir='ltr'><strong>uec</strong></span> <span class='ocrx_word' id='word_1_122' title='bbox 630 2637 809 2721; x_wconf 82' lang='lat' dir='ltr'><strong>conveniri,</strong></span> <span class='ocrx_word' id='word_1_123' title='bbox 826 2637 859 2704; x_wconf 91' lang='lat' dir='ltr'><strong>id</strong></span> <span class='ocrx_word' id='word_1_124' title='bbox 876 2645 936 2723; x_wconf 87' lang='lat' dir='ltr'><strong>est,</strong></span> <span class='ocrx_word' id='word_1_125' title='bbox 954 2637 1081 2705; x_wconf 83' lang='lat' dir='ltr'><strong>Actoris</strong></span> <span class='ocrx_word' id='word_1_126' title='bbox 1095 2638 1146 2705; x_wconf 88' lang='lat' dir='ltr'><strong>vel</strong></span> <span class='ocrx_word' id='word_1_127' title='bbox 1163 2637 1222 2707; x_wconf 83' lang='lat' dir='ltr'><strong>Rei</strong></span> <span class='ocrx_word' id='word_1_128' title='bbox 1248 2661 1420 2730; x_wconf 87' lang='lat' dir='ltr'><strong>personam</strong></span> <span class='ocrx_word' id='word_1_129' title='bbox 1523 2649 1524 2672; x_wconf 67' lang='lat'>¹</span> 
     </span>
     <span class='ocr_line' id='line_1_17' title="bbox 278 2743 1524 2835; baseline 0.001 -22"><span class='ocrx_word' id='word_1_130' title='bbox 278 2745 458 2830; x_wconf 86' lang='lat' dir='ltr'><strong>sustinere;</strong></span> <span class='ocrx_word' id='word_1_131' title='bbox 476 2743 531 2811; x_wconf 86' lang='lat' dir='ltr'><strong>scd</strong></span> <span class='ocrx_word' id='word_1_132' title='bbox 553 2745 729 2813; x_wconf 87' lang='lat' dir='ltr'><strong>convenire</strong></span> <span class='ocrx_word' id='word_1_133' title='bbox 749 2751 779 2810; x_wconf 89' lang='lat' dir='ltr'><strong>et</strong></span> <span class='ocrx_word' id='word_1_134' title='bbox 802 2745 969 2812; x_wconf 76' lang='lat' dir='ltr'><strong>conveniri</strong></span> <span class='ocrx_word' id='word_1_135' title='bbox 998 2755 1133 2835; x_wconf 85' lang='lat' dir='ltr'><strong>possunt</strong></span> <span class='ocrx_word' id='word_1_136' title='bbox 1159 2753 1284 2812; x_wconf 88' lang='lat' dir='ltr'><strong>tantum</strong></span> <span class='ocrx_word' id='word_1_137' title='bbox 1306 2769 1420 2814; x_wconf 88' lang='lat' dir='ltr'><strong>eorum</strong></span> <span class='ocrx_word' id='word_1_138' title='bbox 1523 2773 1524 2830; x_wconf 48' lang='lat' dir='ltr'><strong>p</strong></span> 
     </span>
    </p>
   </div>
   <div class='ocr_carea' id='block_1_8' title="bbox 279 2853 663 2920">
    <p class='ocr_par' dir='ltr' id='par_1_9' title="bbox 279 2853 663 2920">
     <span class='ocr_line' id='line_1_18' title="bbox 279 2853 663 2920; baseline -0.008 0"><span class='ocrx_word' id='word_1_139' title='bbox 279 2861 443 2920; x_wconf 80' lang='lat' dir='ltr'><strong>curatores</strong></span> <span class='ocrx_word' id='word_1_140' title='bbox 461 2853 511 2920; x_wconf 91' lang='lat' dir='ltr'><strong>vel</strong></span> <span class='ocrx_word' id='word_1_141' title='bbox 528 2859 663 2919; x_wconf 87' lang='lat' dir='ltr'><strong>tutores.</strong></span> 
     </span>
    </p>
   </div>
   <div class='ocr_carea' id='block_1_9' title="bbox 324 2957 1524 3051">
    <p class='ocr_par' dir='ltr' id='par_1_10' title="bbox 324 2957 1524 3051">
     <span class='ocr_line' id='line_1_19' title="bbox 324 2957 1524 3051; baseline 0.002 -23"><span class='ocrx_word' id='word_1_142' title='bbox 324 2960 383 3028; x_wconf 88' lang='lat' dir='ltr'><strong>His</strong></span> <span class='ocrx_word' id='word_1_143' title='bbox 395 2959 592 3051; x_wconf 86' lang='lat' dir='ltr'><strong>adjungebat</strong></span> <span class='ocrx_word' id='word_1_144' title='bbox 603 2958 760 3048; x_wconf 76' lang='lat' dir='ltr'><strong>legislatio</strong></span> <span class='ocrx_word' id='word_1_145' title='bbox 772 2959 789 3027; x_wconf 87' lang='lat' dir='ltr'>J</span> <span class='ocrx_word' id='word_1_146' title='bbox 793 2957 974 3026; x_wconf 84' lang='lat' dir='ltr'><strong>ustinianea</strong></span> <span class='ocrx_word' id='word_1_147' title='bbox 985 2959 1098 3028; x_wconf 85' lang='lat' dir='ltr'><strong>surdos</strong></span> <span class='ocrx_word' id='word_1_148' title='bbox 1111 2973 1140 3027; x_wconf 91' lang='lat' dir='ltr'><strong>et</strong></span> <span class='ocrx_word' id='word_1_149' title='bbox 1155 2974 1262 3028; x_wconf 82' lang='lat' dir='ltr'><strong>mutos</strong></span> <span class='ocrx_word' id='word_1_150' title='bbox 1276 2989 1286 3026; x_wconf 92' lang='lat'><em>:</em></span> <span class='ocrx_word' id='word_1_151' title='bbox 1300 2963 1423 3030; x_wconf 81' lang='lat' dir='ltr'><strong>Atvero</strong></span> <span class='ocrx_word' id='word_1_152' title='bbox 1523 2987 1524 3042; x_wconf 63' lang='lat' dir='ltr'><strong>t</strong></span> 
     </span>
    </p>
   </div>
   <div class='ocr_carea' id='block_1_10' title="bbox 275 3065 1524 3373">
    <p class='ocr_par' dir='ltr' id='par_1_11' title="bbox 275 3065 1524 3373">
     <span class='ocr_line' id='line_1_20' title="bbox 275 3065 1524 3162; baseline 0.001 -27"><span class='ocrx_word' id='word_1_153' title='bbox 275 3073 343 3158; x_wconf 88' lang='lat' dir='ltr'><strong>jam</strong></span> <span class='ocrx_word' id='word_1_154' title='bbox 369 3068 402 3134; x_wconf 90' lang='lat' dir='ltr'><strong>in</strong></span> <span class='ocrx_word' id='word_1_155' title='bbox 426 3067 539 3134; x_wconf 84' lang='lat' dir='ltr'><strong>multis</strong></span> <span class='ocrx_word' id='word_1_156' title='bbox 561 3065 750 3156; x_wconf 82' lang='lat' dir='ltr'><strong>regionibus</strong></span> <span class='ocrx_word' id='word_1_157' title='bbox 780 3067 823 3133; x_wconf 86' lang='lat' dir='ltr'><strong>ita</strong></span> <span class='ocrx_word' id='word_1_158' title='bbox 848 3065 999 3156; x_wconf 82' lang='lat' dir='ltr'><strong>locupleti</strong></span> <span class='ocrx_word' id='word_1_159' title='bbox 1027 3067 1237 3135; x_wconf 78' lang='lat' dir='ltr'><strong>instructione</strong></span> <span class='ocrx_word' id='word_1_160' title='bbox 1258 3067 1424 3136; x_wconf 90' lang='lat' dir='ltr'><strong>donantur</strong></span> <span class='ocrx_word' id='word_1_161' title='bbox 1523 3155 1524 3162; x_wconf 6' lang='grc' dir='ltr'>ἵ</span> 
     </span>
     <span class='ocr_line' id='line_1_21' title="bbox 281 3172 1423 3266; baseline 0.002 -27"><span class='ocrx_word' id='word_1_162' title='bbox 281 3172 371 3242; x_wconf 87' lang='lat' dir='ltr'><strong>surdi</strong></span> <span class='ocrx_word' id='word_1_163' title='bbox 390 3183 420 3242; x_wconf 88' lang='lat' dir='ltr'><strong>et</strong></span> <span class='ocrx_word' id='word_1_164' title='bbox 448 3175 542 3260; x_wconf 65' lang='lat' dir='ltr'><strong>unsri,</strong></span> <span class='ocrx_word' id='word_1_165' title='bbox 558 3182 594 3241; x_wconf 91' lang='lat' dir='ltr'><strong>ut</strong></span> <span class='ocrx_word' id='word_1_166' title='bbox 618 3172 811 3263; x_wconf 71' lang='lat' dir='ltr'><strong>generaliter</strong></span> <span class='ocrx_word' id='word_1_167' title='bbox 828 3195 885 3240; x_wconf 91' lang='lat' dir='ltr'><strong>sua</strong></span> <span class='ocrx_word' id='word_1_168' title='bbox 907 3173 982 3264; x_wconf 86' lang='lat' dir='ltr'><strong>jura</strong></span> <span class='ocrx_word' id='word_1_169' title='bbox 1006 3174 1082 3240; x_wconf 84' lang='lat' dir='ltr'><strong>satis</strong></span> <span class='ocrx_word' id='word_1_170' title='bbox 1109 3175 1304 3263; x_wconf 82' lang='lat' dir='ltr'><strong>intelligant,</strong></span> <span class='ocrx_word' id='word_1_171' title='bbox 1321 3199 1423 3266; x_wconf 83' lang='lat' dir='ltr'><strong>eaque</strong></span> 
     </span>
     <span class='ocr_line' id='line_1_22' title="bbox 280 3279 1422 3373; baseline -0.002 -23"><span class='ocrx_word' id='word_1_172' title='bbox 280 3281 431 3373; x_wconf 87' lang='lat' dir='ltr'><strong>persequi</strong></span> <span class='ocrx_word' id='word_1_173' title='bbox 445 3290 476 3348; x_wconf 88' lang='lat' dir='ltr'><strong>et</strong></span> <span class='ocrx_word' id='word_1_174' title='bbox 501 3281 672 3350; x_wconf 87' lang='lat' dir='ltr'><strong>defendere</strong></span> <span class='ocrx_word' id='word_1_175' title='bbox 687 3280 821 3371; x_wconf 89' lang='lat' dir='ltr'><strong>possint.</strong></span> <span class='ocrx_word' id='word_1_176' title='bbox 840 3279 924 3347; x_wconf 86' lang='lat' dir='ltr'><strong>Hinc</strong></span> <span class='ocrx_word' id='word_1_177' title='bbox 939 3287 1060 3348; x_wconf 88' lang='lat' dir='ltr'><strong>attento</strong></span> <span class='ocrx_word' id='word_1_178' title='bbox 1082 3281 1148 3348; x_wconf 85' lang='lat' dir='ltr'><strong>solo</strong></span> <span class='ocrx_word' id='word_1_179' title='bbox 1171 3282 1246 3372; x_wconf 84' lang='lat' dir='ltr'><strong>jura</strong></span> <span class='ocrx_word' id='word_1_180' title='bbox 1269 3282 1422 3367; x_wconf 81' lang='lat' dir='ltr'><strong>naturali,</strong></span> 
     </span>
    </p>
   </div>
   <div class='ocr_carea' id='block_1_11' title="bbox 281 3384 1524 3478">
    <p class='ocr_par' dir='ltr' id='par_1_12' title="bbox 281 3384 1524 3478">
     <span class='ocr_line' id='line_1_23' title="bbox 281 3384 1524 3478; baseline 0.001 -24"><span class='ocrx_word' id='word_1_181' title='bbox 281 3411 346 3455; x_wconf 92' lang='lat' dir='ltr'><strong>non</strong></span> <span class='ocrx_word' id='word_1_182' title='bbox 368 3387 519 3454; x_wconf 86' lang='lat' dir='ltr'><strong>videntur</strong></span> <span class='ocrx_word' id='word_1_183' title='bbox 540 3409 633 3478; x_wconf 85' lang='lat' dir='ltr'><strong>posse</strong></span> <span class='ocrx_word' id='word_1_184' title='bbox 660 3384 823 3475; x_wconf 90' lang='lat' dir='ltr'><strong>impediri,</strong></span> <span class='ocrx_word' id='word_1_185' title='bbox 841 3386 921 3476; x_wconf 89' lang='lat' dir='ltr'><strong>quin</strong></span> <span class='ocrx_word' id='word_1_186' title='bbox 948 3396 1103 3478; x_wconf 80' lang='lat' dir='ltr'><strong>tanquam</strong></span> <span class='ocrx_word' id='word_1_187' title='bbox 1130 3389 1264 3457; x_wconf 85' lang='lat' dir='ltr'><strong>Actores</strong></span> <span class='ocrx_word' id='word_1_188' title='bbox 1289 3388 1339 3454; x_wconf 89' lang='lat' dir='ltr'><strong>vel</strong></span> <span class='ocrx_word' id='word_1_189' title='bbox 1363 3389 1423 3455; x_wconf 87' lang='lat' dir='ltr'><strong>Rei</strong></span> <span class='ocrx_word' id='word_1_190' title='bbox 1523 3389 1524 3408; x_wconf 64' lang='lat'>¹</span> 
     </span>
    </p>
   </div>
   <div class='ocr_carea' id='block_1_12' title="bbox 278 3491 1524 3907">
    <p class='ocr_par' dir='ltr' id='par_1_13' title="bbox 278 3491 1524 3907">
     <span class='ocr_line' id='line_1_24' title="bbox 278 3491 1524 3587; baseline -0.002 -23"><span class='ocrx_word' id='word_1_191' title='bbox 278 3493 401 3587; x_wconf 85' lang='lat' dir='ltr'><strong>judicio</strong></span> <span class='ocrx_word' id='word_1_192' title='bbox 439 3493 671 3578; x_wconf 79' lang='lat' dir='ltr'><strong>interveniant,</strong></span> <span class='ocrx_word' id='word_1_193' title='bbox 702 3491 763 3559; x_wconf 89' lang='lat' dir='ltr'><strong>nisi</strong></span> <span class='ocrx_word' id='word_1_194' title='bbox 793 3491 833 3559; x_wconf 92' lang='lat' dir='ltr'><strong>de</strong></span> <span class='ocrx_word' id='word_1_195' title='bbox 861 3513 973 3560; x_wconf 89' lang='lat' dir='ltr'><strong>eorum</strong></span> <span class='ocrx_word' id='word_1_196' title='bbox 1012 3493 1173 3586; x_wconf 87' lang='lat' dir='ltr'><strong>personali</strong></span> <span class='ocrx_word' id='word_1_197' title='bbox 1216 3495 1424 3586; x_wconf 84' lang='lat' dir='ltr'><strong>incapacitate</strong></span> <span class='ocrx_word' id='word_1_198' title='bbox 1523 3491 1524 3522; x_wconf 60' lang='lat'>³</span> 
     </span>
     <span class='ocr_line' id='line_1_25' title="bbox 281 3597 1424 3691; baseline 0 -23"><span class='ocrx_word' id='word_1_199' title='bbox 281 3600 469 3671; x_wconf 89' lang='lat' dir='ltr'><strong>constiterit.</strong></span> <span class='ocrx_word' id='word_1_200' title='bbox 488 3601 528 3668; x_wconf 88' lang='lat' dir='ltr'><strong>Et</strong></span> <span class='ocrx_word' id='word_1_201' title='bbox 552 3599 625 3667; x_wconf 86' lang='lat' dir='ltr'><strong>lieet</strong></span> <span class='ocrx_word' id='word_1_202' title='bbox 651 3597 826 3668; x_wconf 77' lang='lat' dir='ltr'><strong>canonistas</strong></span> <span class='ocrx_word' id='word_1_203' title='bbox 852 3610 1037 3691; x_wconf 87' lang='lat' dir='ltr'><strong>supponant</strong></span> <span class='ocrx_word' id='word_1_204' title='bbox 1062 3601 1296 3690; x_wconf 85' lang='lat' dir='ltr'><strong>legislationem</strong></span> <span class='ocrx_word' id='word_1_205' title='bbox 1316 3601 1424 3671; x_wconf 82' lang='lat' dir='ltr'><strong>lusti-</strong></span> 
     </span>
     <span class='ocr_line' id='line_1_26' title="bbox 281 3706 1524 3808; baseline -0.002 -30"><span class='ocrx_word' id='word_1_206' title='bbox 281 3711 371 3778; x_wconf 88' lang='lat' dir='ltr'><strong>niani</strong></span> <span class='ocrx_word' id='word_1_207' title='bbox 387 3709 494 3802; x_wconf 89' lang='lat' dir='ltr'><strong>quoad</strong></span> <span class='ocrx_word' id='word_1_208' title='bbox 519 3708 579 3775; x_wconf 92' lang='lat' dir='ltr'><strong>hoc</strong></span> <span class='ocrx_word' id='word_1_209' title='bbox 595 3706 693 3775; x_wconf 86' lang='lat' dir='ltr'><strong>fuisse</strong></span> <span class='ocrx_word' id='word_1_210' title='bbox 719 3707 753 3773; x_wconf 91' lang='lat' dir='ltr'><strong>in</strong></span> <span class='ocrx_word' id='word_1_211' title='bbox 770 3707 840 3774; x_wconf 84' lang='lat' dir='ltr'><strong>loro</strong></span> <span class='ocrx_word' id='word_1_212' title='bbox 862 3708 1072 3777; x_wconf 86' lang='lat' dir='ltr'><strong>ecclesiastico</strong></span> <span class='ocrx_word' id='word_1_213' title='bbox 1093 3717 1266 3800; x_wconf 86' lang='lat' dir='ltr'><strong>receptam,</strong></span> <span class='ocrx_word' id='word_1_214' title='bbox 1283 3709 1421 3778; x_wconf 90' lang='lat' dir='ltr'><strong>dubium</strong></span> <span class='ocrx_word' id='word_1_215' title='bbox 1523 3771 1524 3808; x_wconf 61' lang='lat'><strong>,</strong></span> 
     </span>
     <span class='ocr_line' id='line_1_27' title="bbox 280 3814 1423 3907; baseline -0.002 -22"><span class='ocrx_word' id='word_1_216' title='bbox 280 3817 392 3886; x_wconf 87' lang='lat' dir='ltr'><strong>saltem</strong></span> <span class='ocrx_word' id='word_1_217' title='bbox 409 3840 476 3884; x_wconf 87' lang='lat' dir='ltr'><strong>esse</strong></span> <span class='ocrx_word' id='word_1_218' title='bbox 494 3821 596 3907; x_wconf 87' lang='lat' dir='ltr'><strong>potest</strong></span> <span class='ocrx_word' id='word_1_219' title='bbox 611 3823 721 3882; x_wconf 87' lang='lat' dir='ltr'><strong>utrum</strong></span> <span class='ocrx_word' id='word_1_220' title='bbox 736 3814 830 3882; x_wconf 87' lang='lat' dir='ltr'><strong>hodie</strong></span> <span class='ocrx_word' id='word_1_221' title='bbox 842 3815 897 3906; x_wconf 82' lang='lat' dir='ltr'><strong>jus</strong></span> <span class='ocrx_word' id='word_1_222' title='bbox 913 3815 993 3882; x_wconf 88' lang='lat' dir='ltr'><strong>illud</strong></span> <span class='ocrx_word' id='word_1_223' title='bbox 1009 3824 1209 3906; x_wconf 72' lang='lat' dir='ltr'><strong>perseveret,</strong></span> <span class='ocrx_word' id='word_1_224' title='bbox 1227 3837 1302 3884; x_wconf 88' lang='lat' dir='ltr'><strong>cum</strong></span> <span class='ocrx_word' id='word_1_225' title='bbox 1318 3817 1423 3907; x_wconf 91' lang='lat' dir='ltr'><strong>ipsius</strong></span> 
     </span>
    </p>
   </div>
   <div class='ocr_carea' id='block_1_13' title="bbox 279 3920 1524 4120">
    <p class='ocr_par' dir='ltr' id='par_1_14' title="bbox 279 3920 1524 4120">
     <span class='ocr_line' id='line_1_28' title="bbox 279 3920 1423 4011; baseline -0.004 -18"><span class='ocrx_word' id='word_1_226' title='bbox 279 3924 540 4011; x_wconf 86' lang='lat' dir='ltr'><strong>fundamentum,</strong></span> <span class='ocrx_word' id='word_1_227' title='bbox 558 3923 600 3991; x_wconf 92' lang='lat' dir='ltr'><strong>ob</strong></span> <span class='ocrx_word' id='word_1_228' title='bbox 625 3943 742 3990; x_wconf 88' lang='lat' dir='ltr'><strong>novam</strong></span> <span class='ocrx_word' id='word_1_229' title='bbox 769 3920 885 3989; x_wconf 90' lang='lat' dir='ltr'><strong>surdos</strong></span> <span class='ocrx_word' id='word_1_230' title='bbox 901 3933 932 3990; x_wconf 84' lang='lat' dir='ltr'><strong>et</strong></span> <span class='ocrx_word' id='word_1_231' title='bbox 955 3933 1062 3991; x_wconf 88' lang='lat' dir='ltr'><strong>mutos</strong></span> <span class='ocrx_word' id='word_1_232' title='bbox 1090 3921 1272 3990; x_wconf 85' lang='lat' dir='ltr'><strong>instruendi</strong></span> <span class='ocrx_word' id='word_1_233' title='bbox 1297 3923 1423 3990; x_wconf 89' lang='lat' dir='ltr'><strong>metho-</strong></span> 
     </span>
     <span class='ocr_line' id='line_1_29' title="bbox 281 4027 1524 4120; baseline -0.009 -21"><span class='ocrx_word' id='word_1_234' title='bbox 281 4033 374 4120; x_wconf 77' lang='lat' dir='ltr'><strong>darm,</strong></span> <span class='ocrx_word' id='word_1_235' title='bbox 391 4031 541 4100; x_wconf 89' lang='lat' dir='ltr'><strong>videatur</strong></span> <span class='ocrx_word' id='word_1_236' title='bbox 563 4051 713 4097; x_wconf 86' lang='lat' dir='ltr'><strong>cessasse.</strong></span> <span class='ocrx_word' id='word_1_237' title='bbox 738 4027 823 4096; x_wconf 88' lang='lat' dir='ltr'><strong>Hinc</strong></span> <span class='ocrx_word' id='word_1_238' title='bbox 847 4028 1008 4120; x_wconf 85' lang='lat' dir='ltr'><strong>quidquid</strong></span> <span class='ocrx_word' id='word_1_239' title='bbox 1029 4029 1071 4096; x_wconf 89' lang='lat' dir='ltr'><strong>sit</strong></span> <span class='ocrx_word' id='word_1_240' title='bbox 1096 4029 1135 4096; x_wconf 93' lang='lat' dir='ltr'><strong>de</strong></span> <span class='ocrx_word' id='word_1_241' title='bbox 1156 4028 1264 4119; x_wconf 86' lang='lat' dir='ltr'><strong>legum</strong></span> <span class='ocrx_word' id='word_1_242' title='bbox 1286 4029 1424 4097; x_wconf 81' lang='lat' dir='ltr'><strong>saecula-</strong></span> <span class='ocrx_word' id='word_1_243' title='bbox 1523 4041 1524 4088; x_wconf 71' lang='lat' dir='ltr'><strong>l</strong></span> 
     </span>
    </p>
   </div>
   <div class='ocr_carea' id='block_1_14' title="bbox 279 4134 1425 4331">
    <p class='ocr_par' dir='ltr' id='par_1_15' title="bbox 279 4134 1425 4331">
     <span class='ocr_line' id='line_1_30' title="bbox 279 4134 1425 4228; baseline -0.004 -19"><span class='ocrx_word' id='word_1_244' title='bbox 279 4141 367 4209; x_wconf 91' lang='lat' dir='ltr'><strong>rium</strong></span> <span class='ocrx_word' id='word_1_245' title='bbox 390 4138 423 4206; x_wconf 90' lang='lat' dir='ltr'><strong>in</strong></span> <span class='ocrx_word' id='word_1_246' title='bbox 444 4138 542 4207; x_wconf 87' lang='lat' dir='ltr'><strong>variis</strong></span> <span class='ocrx_word' id='word_1_247' title='bbox 565 4135 755 4226; x_wconf 87' lang='lat' dir='ltr'><strong>regionibus</strong></span> <span class='ocrx_word' id='word_1_248' title='bbox 778 4135 862 4203; x_wconf 88' lang='lat' dir='ltr'><strong>eirea</strong></span> <span class='ocrx_word' id='word_1_249' title='bbox 890 4135 949 4203; x_wconf 90' lang='lat' dir='ltr'><strong>hoc</strong></span> <span class='ocrx_word' id='word_1_250' title='bbox 977 4134 1202 4228; x_wconf 84' lang='lat' dir='ltr'><strong>dispositione,</strong></span> <span class='ocrx_word' id='word_1_251' title='bbox 1229 4158 1304 4202; x_wconf 89' lang='lat' dir='ltr'><strong>cum</strong></span> <span class='ocrx_word' id='word_1_252' title='bbox 1332 4135 1425 4204; x_wconf 88' lang='lat' dir='ltr'><strong>nulla</strong></span> 
     </span>
     <span class='ocr_line' id='line_1_31' title="bbox 282 4241 1424 4331; baseline -0.004 -15"><span class='ocrx_word' id='word_1_253' title='bbox 282 4267 393 4316; x_wconf 88' lang='lat' dir='ltr'><strong>recens</strong></span> <span class='ocrx_word' id='word_1_254' title='bbox 416 4243 628 4314; x_wconf 87' lang='lat' dir='ltr'><strong>ecclesiastiea</strong></span> <span class='ocrx_word' id='word_1_255' title='bbox 654 4241 707 4311; x_wconf 81' lang='lat' dir='ltr'><strong>lex</strong></span> <span class='ocrx_word' id='word_1_256' title='bbox 731 4243 930 4312; x_wconf 88' lang='lat' dir='ltr'><strong>contrarium</strong></span> <span class='ocrx_word' id='word_1_257' title='bbox 957 4241 1119 4331; x_wconf 87' lang='lat' dir='ltr'><strong>decernat,</strong></span> <span class='ocrx_word' id='word_1_258' title='bbox 1137 4265 1202 4312; x_wconf 90' lang='lat' dir='ltr'><strong>non</strong></span> <span class='ocrx_word' id='word_1_259' title='bbox 1227 4241 1308 4312; x_wconf 88' lang='lat' dir='ltr'><strong>mihi</strong></span> <span class='ocrx_word' id='word_1_260' title='bbox 1329 4241 1424 4312; x_wconf 85' lang='lat' dir='ltr'><strong>vidc-</strong></span> 
     </span>
    </p>
   </div>
   <div class='ocr_carea' id='block_1_15' title="bbox 0 0 1532 4965">
    <p class='ocr_par' dir='ltr' id='par_1_16' title="bbox 0 0 1532 4965">
     <span class='ocr_line' id='line_1_32' title="bbox 0 0 1532 4965; baseline 0 0"><span class='ocrx_word' id='word_1_261' title='bbox 0 0 1532 4965; x_wconf 95' lang='lat' dir='ltr'><strong> </strong></span> 
     </span>
    </p>
   </div>
  </div>
 </body>
</html>
