3056 4972
276 435 337 500 tot
648 459 822 505 reserares
844 461 883 506 nn
904 460 1038 507 runicus.

273 580 347 646 Noc
361 577 423 646 siti
435 577 561 646 licitum
574 591 619 648 est
628 582 797 672 postulare
810 582 893 674 (cap.
912 585 944 668 3,
961 581 1048 650 tituli
1061 585 1115 668 37,
1130 580 1206 652 libri
1220 587 1235 650 1
1253 583 1424 670 Decret.];

273 694 303 751 et
324 684 519 753 confirmant
535 688 658 756 ratione
674 711 693 756 e
709 688 893 778 legislatore
914 689 1064 774 adducta,
1089 712 1164 758 cum
1184 689 1360 760 εαοενάοτίς
1379 691 1427 760 sit

273 793 417 883 officium
443 794 528 862 nulli
549 817 673 878 nocue,
706 797 857 865 omuibus
885 809 997 864 autem
1028 796 1107 865 celle
1129 797 1314 889 prodesse:
1337 822 1426 890 qnae

274 898 368 986 ratio,
391 901 497 988 aiunt,
521 912 616 992 urget
637 905 736 972 etiam
758 904 865 995 quoad
886 903 1011 996 judicia
1030 904 1253 972 ecclesiastica.
1277 904 1429 975 Contra-

274 1007 342 1076 rius
363 1016 472 1078 tamen
494 1009 570 1079 hnic
596 1011 764 1080 sententie
791 1012 854 1080 luit
878 1011 1012 1080 celebris
1035 1013 1202 1081 canonista
1221 1013 1425 1099 Hostiensis,

273 1115 329 1205 qui
356 1116 482 1206 putavit
507 1118 663 1187 sacerdoti
688 1118 838 1187 illicitum
864 1141 930 1187 non
955 1141 1023 1187 esse
1044 1141 1155 1187 coram
1176 1118 1288 1211 judice
1313 1120 1429 1189 eccle-

272 1221 399 1292 siastico
426 1223 573 1292 advocati
596 1224 753 1312 officium,
780 1225 878 1294 modo
901 1226 971 1294 sine
996 1225 1113 1294 salario
1137 1236 1335 1296 exerceatur.
1364 1227 1428 1296 Ad

274 1351 375 1419 quarn
389 1331 578 1422 opinionem
595 1356 648 1400 mc
663 1331 825 1419 inclinari,
841 1333 904 1401 nisi
919 1333 1089 1402 doctorum
1106 1335 1292 1402 communis
1306 1335 1429 1404 obsta-

275 1444 323 1504 ret
341 1437 527 1524 auctoritas,
545 1438 663 1507 faterer
682 1467 688 1506 :
708 1449 858 1531 putarem
874 1461 992 1530 nempe
1007 1462 1141 1508 sensum
1156 1440 1238 1530 legis
1252 1463 1343 1532 posse
1361 1441 1430 1508 in-

275 1544 377 1634 telligi
392 1544 431 1612 de
444 1544 592 1614 advocati
605 1545 722 1632 officio,
741 1554 837 1636 prout
857 1555 905 1615 est
921 1545 1089 1638 publicum
1109 1570 1167 1615 seu
1182 1546 1311 1638 publica
1324 1570 1429 1640 quae-

275 1650 352 1718 dam
373 1651 529 1743 professio
546 1662 578 1722 ct
598 1653 766 1722 ordinaria
788 1654 986 1740 exercitatio,
1008 1676 1050 1722 ex
1064 1677 1130 1746 qua
1147 1653 1279 1760 loegum
1295 1655 1428 1745 percipi

276 1758 387 1846 soleat,
409 1783 474 1852 quo
496 1783 593 1830 sensu
615 1783 673 1830 nec
692 1783 803 1830 coram
819 1761 1031 1830 ecclesiastico
1053 1761 1162 1852 judice
1184 1761 1295 1830 liceret
1309 1784 1429 1830 sacer-

276 1865 343 1933 doti
364 1865 566 1936 advocatiam
583 1890 745 1937 exercere.
767 1869 891 1937 Atvero
906 1867 1038 1958 quundo
1054 1868 1143 1960 quis,
1160 1868 1344 1961 presertim
1361 1892 1429 1938 sa-

275 1973 399 2060 cerdos,
421 1997 532 2044 coram
552 1975 661 2068 jndice
680 1976 892 2044 ecclesiastico
911 1977 1116 2062 convenitur,
1139 1998 1205 2043 non
1225 1999 1318 2067 posse
1339 1999 1427 2045 eum

274 2081 315 2148 eb
330 2079 393 2148 alio
407 2082 570 2152 sacerdote
585 2082 726 2170 delendi,
746 2104 812 2151 uon
824 2082 907 2150 mihi
924 2081 1055 2152 videtur
1065 2103 1107 2150 ex
1123 2091 1215 2150 textu
1229 2081 1312 2171 legis
1327 2083 1430 2172 rigo—

277 2317 336 2385 pro
356 2296 518 2364 sacerdote
541 2297 581 2365 ad
604 2296 747 2364 tribunal
763 2296 916 2389 Episcopi
933 2304 1059 2379 vocato,
1081 2296 1300 2386 procuratoris
1315 2305 1347 2363 et
1360 2297 1429 2363 ad·

279 2405 383 2472 vocati
405 2403 549 2472 officium
572 2408 679 2495 potius
703 2413 852 2472 exerceat
877 2403 1038 2490 sacerdos,
1067 2427 1168 2495 quem
1194 2405 1328 2474 inferior
1354 2406 1429 2473 cle-

276 2510 426 2595 1·icus,et
447 2512 631 2602 praesertim
655 2511 774 2596 laicus;
798 2511 840 2579 ad
862 2533 944 2600 quos
964 2519 1076 2578 tamen
1099 2533 1265 2579 recurrere
1288 2524 1430 2602 cogetur

277 2616 376 2702 Reus,
400 2618 430 2686 si
451 2619 534 2687 inter
555 2618 797 2687 consacerdotes
816 2617 1021 2685 defensorem
1044 2639 1144 2686 suum
1166 2618 1285 2707 eligere
1307 2619 1430 2710 prohi-

278 2727 402 2793 beatur.
425 2725 489 2793 Sed
505 2724 665 2816 quidquid
680 2726 721 2792 sit
740 2725 779 2793 de
794 2724 854 2792 hac
870 2722 1062 2814 questione,
1080 2733 1207 2792 certum
1221 2725 1358 2794 omnino
1375 2737 1429 2795 est

278 2833 452 2902 nonnullos
480 2833 553 2901 dari
575 2857 667 2900 casns
697 2833 875 2923 inquibus
901 2832 998 2900 etiem
1028 2833 1186 2901 sacerdoti
1217 2833 1345 2902 licitum
1376 2847 1430 2903 est

277 2963 387 3009 coram
406 2940 515 3031 judice
536 2939 746 3009 ecclesiastico
769 2939 963 3008 advocatum
986 2947 1018 3006 et
1041 2948 1287 3031 procuratorem
1313 2964 1427 3031 agere,

279 3071 396 3140 nempe
413 3079 420 3116 :

323 3159 355 3220 7⁰
377 3155 416 3222 In
442 3156 512 3246 ipsa
537 3155 689 3223 decretali
712 3163 853 3245 quatuor
881 3153 1091 3244 prohibitioni
1117 3154 1322 3244 exceptiones
1345 3157 1431 3222 sub-

280 3273 454 3332 nectuntur
472 3290 478 3330 :
497 3264 609 3331 Primo
626 3262 763 3354 quidem
785 3261 960 3330 advocatus
979 3269 1084 3352 potest
1105 3283 1173 3330 esse
1194 3261 1344 3331 sacerdos
1365 3287 1431 3353 pro

280 3373 385 3461 scipso
405 3394 462 3439 sen
484 3371 518 3438 in
540 3371 671 3461 propria
693 3392 806 3455 causa;
835 3369 899 3436 cin
918 3390 995 3459 qua,
1020 3369 1065 3436 ait
1084 3367 1253 3457 Pirrhing‚
1277 3367 1433 3438 sacerdos

284 3507 300 3545 a
324 3478 375 3547 vel
394 3478 478 3567 elius
496 3477 632 3544 clericus
654 3498 718 3543 non
734 3475 862 3566 cogitur
884 3483 1129 3565 procuratorem
1153 3476 1203 3544 vel
1224 3476 1327 3543 alium
1346 3498 1434 3544 con-

284 3615 300 3651 a
324 3586 470 3670 stituere,
487 3582 543 3651 scd
560 3591 663 3673 potest
680 3605 737 3673 per
752 3584 898 3673 seipsum
912 3603 1022 3670 agere,
1037 3580 1090 3650 vel
1110 3602 1242 3649 causam
1257 3605 1353 3650 suem
1366 3582 1434 3652 de·

284 3720 301 3758 «
324 3691 455 3760 fendere
477 3717 493 3755 »
518 3691 564 3781 [in
586 3687 717 3758 titulum
741 3693 794 3775 37,
815 3688 891 3756 libri
914 3691 928 3754 1
953 3688 1095 3774 Decret,
1118 3712 1152 3756 n.
1177 3690 1241 3780 to).
1263 3691 1431 3773 Secundo,

280 3801 358 3868 item
375 3822 471 3868 cause
487 3820 556 3866 suae
572 3795 734 3865 Ecolesiae.
752 3797 869 3878 Tertio,
888 3819 947 3888 pro
961 3795 1107 3887 personis
1119 3796 1320 3887 conjunctis;
1338 3799 1435 3888 quod

281 3905 320 3974 de
343 3906 525 3997 conjunctis
549 3925 652 3995 usque
674 3901 715 3970 ed
738 3911 895 3994 quartum
921 3902 1063 3993 gradum
1086 3901 1337 3994 intelligendum
1358 3927 1435 3974 esse
1519 3923 1520 3942 ¹

283 4022 390 4080 tenent
409 4013 555 4080 doctores
574 4009 804 4096 communiter,
824 4018 860 4079 ut
879 4009 987 4078 videre
1003 4019 1051 4078 est
1065 4009 1153 4101 opud
1169 4009 1329 4101 Pirrhing
1346 4009 1434 4102 (loco

282 4119 403 4207 citato).
421 4119 476 4187 Est
491 4119 570 4186 item
591 4117 779 4186 communis
794 4115 966 4186 doctorum
983 4117 1154 4205 sententia,
1172 4117 1272 4188 verba
1285 4117 1357 4186 haec
1370 4117 1432 4188 de-

282 4227 420 4314 cretalis,
439 4250 501 4318 pro
517 4223 666 4317 personis
686 4223 885 4314 cunjunctis,
906 4223 981 4293 licet
995 4223 1141 4315 rigorose
1160 4249 1227 4296 non
1245 4224 1432 4316 significent
