3030 4980
520 517 595 566 cans
617 517 763 565 sueonos.
1144 500 1206 564 tas

69 667 122 712 eas
143 643 178 712 in
198 643 299 714 libros
325 641 541 712 Decretalium
562 641 709 727 inseruit,
723 639 790 731 jam
814 638 988 709 invaluisse
1014 639 1208 728 generaliter

70 753 263 821 contrariam
279 749 564 836 consuetudinem
580 759 676 841 atque
691 748 764 816 ideo
780 748 846 816 vim
868 745 950 836 legis
972 748 1131 836 generalis
1147 746 1207 816 de-

70 859 242 928 cretalibus
257 857 327 927 istis
347 879 517 948 nunquam
538 856 718 941 accessisse,
735 854 770 921 iu
795 861 954 946 quantum
976 852 1099 922 clericis
1115 862 1209 922 nota-

72 967 191 1034 riatum
207 965 242 1035 iu
256 967 346 1035 curia
363 963 573 1034 ecclesiastica
587 962 795 1031 interdicunt.

115 1071 242 1165 Siquis
261 1085 371 1142 autem
393 1069 485 1140 malit
504 1070 634 1156 dictam,
652 1069 757 1158 legem
776 1069 861 1136 inter
874 1076 906 1137 et
930 1068 1208 1157 cousuetudinem,

71 1181 330 1249 contrarietatem
346 1201 478 1268 negare,
495 1187 526 1246 et
550 1177 722 1245 contendat
735 1199 810 1244 cum
827 1175 978 1266 pluribus
992 1197 1092 1267 supra
1106 1175 1210 1244 citatis

70 1287 256 1375 edocuistis,
281 1309 340 1379 per
362 1295 489 1355 textum
512 1307 625 1354 earum
651 1281 860 1352 decretalium
887 1283 989 1352 areeri
1013 1283 1145 1352 clericos
1170 1283 1211 1352 ab

70 1393 251 1463 exercendo
273 1394 433 1462 notariatu
452 1393 486 1460 in
508 1392 579 1460 loro
597 1391 767 1459 dumtaxat
785 1389 946 1477 saeculari,
963 1413 1030 1459 non
1049 1398 1156 1460 autem
1177 1390 1211 1460 in

71 1503 143 1571 loro
166 1502 391 1590 ecclesiastico,
415 1501 582 1590 negotium
606 1499 637 1567 ei
666 1521 730 1567 non
756 1497 961 1567 lacessemus.
985 1496 1125 1566 Tantum
1153 1521 1212 1590 pro

71 1609 221 1698 legitima
237 1610 394 1678 habeatur
409 1609 534 1701 praxis,
551 1629 617 1698 qua
632 1605 740 1673 clerici
756 1605 852 1673 etiam
868 1604 1029 1696 majorum
1044 1605 1210 1694 ordinum,

71 1715 256 1784 cancellarii
286 1738 405 1784 munus
433 1713 520 1806 apud
550 1712 724 1805 Episcopos
754 1719 786 1780 et
811 1712 936 1780 curiam
966 1711 1211 1783 ecclesiasticam

71 1821 205 1915 explere
220 1822 336 1890 solent.

118 1930 302 1999 Psorosrno
315 1929 388 1998 txr.
406 1967 451 1982 -
470 1930 588 1996 Utrum
602 1927 708 2018 mopis
723 1925 874 2017 expediat
889 1928 1134 2012 cancellarium,
1150 1954 1213 2022 pro

71 2037 210 2126 repotiis
233 2050 264 2105 et
287 2037 379 2106 cumo
406 2030 622 2128 mapistrotus
643 2033 855 2115 ecclesiastici,
878 2055 942 2102 csse
965 2034 1129 2120 clericum,
1148 2061 1214 2106 nore

71 2141 204 2211 videtur
216 2167 312 2236 posse
335 2143 449 2234 rapula
474 2141 621 2233 pancrati
646 2139 868 2209 determinari.
885 2181 930 2194 -
949 2141 1083 2211 Certum
1106 2154 1153 2212 est
1172 2146 1213 2213 ab

73 2251 236 2342 Episcopo
248 2251 371 2320 assumi
380 2272 471 2343 posse
482 2250 517 2317 iu
525 2247 756 2317 cancellarium
768 2271 828 2338 pro
841 2249 1080 2318 conscribendis
1091 2252 1214 2320 actibus

72 2359 145 2425 suis
157 2357 365 2448 judicialibus
379 2365 411 2425 et
425 2353 757 2446 extra-judicialibus,
773 2354 842 2422 sive
858 2354 976 2422 laicum
992 2355 1039 2445 (ut
1052 2358 1094 2425 ab
1106 2359 1213 2426 omni·

72 2465 137 2534 bus
149 2464 356 2556 admittitur),
366 2465 434 2534 sive
444 2464 543 2532 etiam
555 2463 721 2548 clericum,
734 2469 768 2530 ut
777 2463 811 2529 in
824 2463 983 2553 superiori
997 2466 1214 2555 propositione

73 2580 189 2640 contra
209 2572 366 2664 quosdam
389 2572 612 2665 probavimus.
629 2569 722 2639 Circa
744 2568 957 2660 quaestionem
978 2579 1089 2639 utrum
1113 2577 1215 2664 magis

73 2681 187 2748 deceat
206 2679 358 2748 clericum
382 2679 423 2746 ad
444 2677 478 2746 id
495 2677 638 2746 muueris
659 2676 819 2768 deputari,
837 2675 1064 2747 affirmativam
1080 2683 1182 2750 teneri
1197 2707 1217 2752 a

73 2787 221 2856 Piasecio
235 2797 266 2856 ct
282 2786 472 2873 Monacello,
488 2787 522 2854 in
543 2807 642 2878 supra
663 2785 767 2853 citatis
789 2807 902 2854 eorum
923 2783 1092 2856 doctorum
1107 2791 1216 2858 verbis

74 2894 204 2964 adverti
218 2896 333 2986 potuit.
351 2895 433 2964 Mihi
446 2903 555 2964 tamen
571 2893 700 2962 videtur
714 2891 746 2959 id
764 2893 870 2983 potius
885 2892 1024 2983 pendere
1038 2918 1057 2963 a
1072 2897 1217 2968 locorum

75 3011 109 3070 et
136 3010 318 3095 temporum
342 3001 606 3071 circumstantiis.
629 2999 696 3069 Ubi
724 3009 800 3067 taxa
825 3001 1010 3090 pecuniaria
1037 3024 1096 3093 pro
1120 3007 1219 3076 variis

75 3107 286 3178 conficiendis
301 3110 524 3178 instrumentis
538 3107 626 3197 exigi
643 3107 735 3194 solet,
748 3129 814 3174 uon
830 3128 932 3196 parva
946 3107 1103 3178 adversus
1118 3115 1221 3182 eccle-

75 3216 243 3284 siasticum
260 3215 406 3285 ordinem
428 3213 580 3282 concitari
599 3220 703 3305 potest
717 3211 842 3279 invidia
866 3212 1034 3281 nonnullis
1054 3215 1088 3282 in
1112 3221 1220 3308 regio-

78 3324 193 3408 nibus,
209 3323 236 3390 si
250 3346 308 3416 per
322 3321 550 3390 cancellariam
566 3319 720 3388 clericum
731 3317 893 3409 ejusmodi
908 3321 1092 3390 exactiones
1107 3328 1219 3416 peragi

78 3431 229 3499 debeant.
247 3431 288 3498 Et
301 3451 386 3521 saepe
403 3437 479 3497 tunc
496 3427 641 3520 proderit
655 3434 691 3494 ut
707 3425 807 3493 laicus
822 3425 863 3494 ad
879 3426 1062 3496 cancellarii
1078 3429 1220 3501 officium

77 3545 307 3630 anteponatur.
324 3536 388 3606 Ubi
404 3557 481 3606 vero
497 3536 582 3604 dicta
597 3535 649 3604 vel
665 3533 737 3601 aliae
752 3531 874 3600 similes
890 3533 1139 3605 circumstantiae
1157 3563 1222 3608 non

78 3655 268 3730 occurrunt,
287 3644 391 3734 magis
406 3641 559 3734 expedire
575 3640 703 3709 videtur
718 3639 826 3707 clerici
848 3640 971 3709 electio.
989 3642 1072 3711 Nam
1091 3648 1222 3715 cancel-

79 3753 183 3822 larius
196 3751 344 3843 Episcopi
361 3749 400 3818 de
413 3750 541 3817 intimis
560 3748 712 3837 negotiis,
725 3769 799 3838 quae
823 3746 1135 3820 administrationem
1151 3755 1223 3847 epi—

81 3859 244 3951 scopalem
259 3869 290 3925 et
313 3857 490 3925 multorum
512 3855 704 3924 clericorum
728 3875 841 3920 causas
854 3864 887 3920 et
901 3854 1012 3947 culpas
1033 3859 1222 3950 respiciunt,

81 3992 124 4036 ex
146 3965 330 4035 necessitate
351 3964 498 4032 conscius
526 3965 576 4030 tit.
594 3963 636 4030 Et
656 3962 733 4030 licet
749 3962 832 4028 inter
847 3961 945 4030 laicos
967 3965 1102 4054 reperiri
1124 3972 1226 4060 possit

83 4075 140 4144 vir
153 4075 308 4163 religione
322 4081 418 4164 atqua
434 4070 615 4160 integritate
629 4069 836 4160 conspicuus,
852 4092 890 4136 ac
905 4071 1018 4139 secreti
1033 4081 1142 4160 tenax,
1160 4099 1226 4146 nou

82 4193 194 4251 tamen
208 4181 329 4272 absque
345 4178 488 4271 periculo
504 4169 700 4269 quandoque
720 4186 768 4244 est
787 4199 807 4243 a
822 4177 1036 4246 saecularibus
1052 4180 1134 4249 viris
1150 4185 1225 4252 talia

83 4289 247 4382 cognosci.
276 4287 377 4380 quue
404 4285 538 4378 insuper
559 4284 664 4354 clerus
684 4305 771 4375 aegre
794 4282 879 4354 ferre
901 4293 1017 4376 posset.
1047 4287 1131 4357 Hinc
1159 4313 1226 4365 uon
