3056 4972
300 431 359 494 tro
669 447 843 494 rnacrrrns
868 447 904 493 ne
927 449 1059 494 suorum.

296 569 588 660 Sohmalzgrueber
604 569 649 659 (in
669 569 798 640 titulum
816 573 829 635 1
854 569 893 638 de
907 569 1055 652 Iudiciis,
1074 569 1155 638 libri
1170 573 1189 638 2
1204 569 1433 658 Decretalium‚

297 701 330 746 n.
349 678 417 767 36).

338 785 412 855 Vll.
428 789 476 854 De
490 783 658 875 religiosis.
672 821 716 836 -
730 784 768 851 ln
783 783 956 853 ordinibus
971 785 1132 874 religiosis
1147 784 1346 854 considerari
1362 806 1437 874 pos-

295 899 371 960 sunt
395 890 543 983 professi,
559 889 610 959 vel
626 890 790 961 collective
807 890 858 958 vel
884 890 1105 981 singulariter.
1129 890 1299 973 Quomodo
1319 890 1356 958 in
1375 889 1437 980 ju-

294 998 377 1066 dicio
391 1007 475 1066 stare
489 997 613 1088 possint
628 996 771 1087 religiosi
783 997 922 1090 alicujus
934 1007 1112 1068 conventus
1124 997 1289 1067 collective
1299 997 1438 1089 sumpti,
1509 1073 1510 1088 χ

294 1104 326 1173 id
343 1112 401 1193 est,
412 1104 576 1196 quomodo
592 1117 770 1174 conventus
784 1127 842 1174 seu
858 1106 1091 1176 monasterinm
1107 1106 1276 1175 conveniri
1293 1105 1397 1196 possit
1409 1112 1441 1172 et

295 1213 480 1300 convenire,
494 1211 632 1280 dicimus
647 1211 743 1280 infra.
759 1213 820 1282 Hic
837 1235 914 1284 vero
927 1213 1143 1305 questionem
1159 1213 1328 1284 dumtaxat
1341 1213 1441 1280 iusti-

297 1321 419 1389 tuimus
434 1318 476 1386 de
500 1341 695 1411 unoquoque
721 1319 872 1411 religioso
898 1321 1032 1390 seorsim
1055 1329 1199 1412 sumpto,
1216 1328 1248 1389 et
1261 1343 1282 1388 a
1295 1318 1440 1388 Praelato

293 1427 460 1517 religionis
474 1448 531 1495 seu
546 1427 731 1494 monasterii
747 1425 888 1495 diverso.
905 1427 1032 1519 Deque
1047 1426 1089 1495 sit

338 1534 468 1602 Rneuaa
483 1557 662 1602 ammaus.
680 1571 724 1586 -
739 1534 863 1626 Absque
876 1557 1027 1604 consessu
1052 1535 1201 1618 cretati,
1219 1535 1387 1626 religiosus
1404 1534 1439 1601 iu

289 1640 418 1734 judicio
432 1653 519 1710 sture
539 1642 673 1732 nequea-
696 1653 832 1732 suntque
855 1663 893 1710 σα
907 1664 979 1733 pum
999 1642 1168 1732 religiosus
1188 1642 1257 1712 sine
1276 1639 1439 1733 predicto
1510 1637 1511 1640 ’

295 1771 445 1818 consensu
458 1760 579 1840 ciperet,
598 1748 667 1838 ipm
676 1749 759 1839 jure
772 1748 878 1818 uallo.
894 1787 938 1802 -
952 1748 989 1816 ld
1004 1757 1160 1842 tanquam
1174 1758 1298 1818 certum
1313 1749 1438 1816 unani-

295 1856 390 1926 miter
402 1863 511 1924 tenent
527 1855 685 1941 doctores,
701 1855 877 1924 curatione
896 1855 997 1944 ducti,
1015 1854 1104 1948 quod
1128 1879 1187 1948 par
1202 1855 1438 1948 professionem

294 1963 465 2053 religiosus
477 1961 518 2030 sit
533 1959 655 2030 mundo
670 1969 832 2048 mortuus,
848 1970 1013 2054 cessetque
1029 1962 1176 2054 suijuris
1189 1985 1271 2050 esse,
1284 1970 1315 2032 et
1330 1963 1439 2053 asqui-

294 2081 426 2162 paretur
442 2069 509 2138 filio
523 2067 663 2136 familias
681 2067 749 2157 (qni
762 2068 956 2157 regulariter
969 2070 1164 2138 contendere
1178 2070 1213 2137 in
1224 2068 1351 2161 judicio
1367 2069 1439 2136 sine

294 2178 396 2268 patris
415 2197 574 2244 consensu
597 2173 738 2265 nequit).
758 2174 806 2242 lta
824 2183 861 2243 ut
885 2198 943 2268 per
958 2176 1192 2267 professionem
1213 2198 1319 2262 suam,
1337 2175 1438 2262 bona,
1511 2155 1512 2218 3

292 2284 368 2375 jura
381 2293 413 2352 et
426 2283 567 2352 actiones
582 2303 657 2350 suas
673 2303 786 2351 ornnes
801 2281 835 2348 in
859 2282 1092 2351 monasterium
1112 2283 1334 2371 transtulerit3
1351 2282 1439 2352 unde

296 2413 356 2482 pro
369 2413 407 2460 eo
420 2411 516 2480 agere
536 2398 567 2458 et
582 2388 776 2480 respondere
792 2389 885 2458 debet
902 2391 1145 2458 monasterium.

342 2498 556 2590 Exceptioues
580 2495 626 2565 od
641 2495 840 2588 predictam
866 2497 1026 2588 requiam.
1043 2536 1087 2550 -
1109 2497 1173 2566 Eas
1198 2498 1245 2566 sie
1269 2505 1442 2566 enumeret

298 2605 587 2696 Schmalzgrneber
605 2631 612 2671 :
636 2631 653 2670 a
670 2606 702 2670 1ο
718 2604 747 2670 si
762 2602 958 2694 (religiosus)
973 2604 1116 2674 obtineat
1129 2605 1323 2674 beneficium
1339 2605 1440 2673 eecle-

301 2744 318 2782 α
341 2715 505 2784 siastiourn
527 2709 613 2803 quod
638 2731 801 2778 annexam
826 2710 921 2779 hehet
941 2711 1255 2781 administrationem
1276 2711 1438 2802 aliquam
1512 2741 1513 2770 t

301 2854 318 2892 a
343 2847 419 2892 nam
434 2827 581 2912 respectu
597 2817 697 2910 hujus
710 2825 857 2886 censetur
869 2840 938 2886 esse
949 2818 1000 2888 sui
1012 2817 1108 2908 juris.
1121 2817 1227 2908 lgitur
1240 2838 1299 2909 pro
1309 2818 1442 2908 juribus

301 2959 317 2998 a
341 2928 486 3022 ejusdem
513 2947 609 3016 agere
625 2934 657 2994 et
677 2924 873 3015 respondere
888 2947 954 2992 uon
970 2924 1079 2992 minus
1102 2925 1220 3015 poterit
1240 2947 1340 3015 quam
1357 2923 1443 2992 alius

302 3067 318 3104 a
341 3061 407 3106 non
423 3033 594 3125 regularis.
611 3037 644 3100 2ο
659 3030 695 3100 Si
710 3031 893 3100 studiorum
907 3039 938 3098 et
958 3031 1097 3100 aliorum
1120 3032 1326 3122 negotiorum
1343 3053 1443 3100 causa

302 3172 318 3209 a
341 3168 360 3212 a
376 3140 569 3212 monasterio
584 3137 698 3231 procul
712 3138 810 3224 absit;
830 3137 886 3204 tali
900 3138 988 3206 euim
1003 3161 1080 3206 casu
1092 3138 1120 3206 si
1133 3137 1228 3228 spolii
1242 3138 1294 3205 vel
1306 3137 1441 3228 injuriae¹

303 3279 319 3316 a
343 3251 454 3334 illatae,
471 3258 527 3316 aut
547 3245 679 3314 alterius
699 3267 806 3313 causae
823 3244 994 3314 necessitas
1014 3245 1135 3335 exigat,
1151 3267 1248 3334 agere
1267 3243 1442 3334 injudicio

302 3386 319 3426 e
342 3358 427 3426 valet
440 3379 481 3423 ex
497 3354 625 3422 licentia
646 3353 778 3422 Praelati
800 3361 1000 3444 praesumpta
1019 3380 1026 3420 ι
1042 3363 1074 3420 et
1091 3353 1172 3421 ratio
1190 3360 1250 3439 est,
1269 3352 1346 3444 quis
1360 3374 1444 3420 oon-

302 3493 319 3534 s
341 3487 430 3535 oesso
448 3462 569 3554 aliquo,
589 3483 738 3529 concessa
755 3459 984 3549 intelliguntur
998 3459 1109 3528 omnia
1132 3459 1201 3528 sine
1215 3459 1335 3552 quibus
1350 3482 1443 3527 com-

302 3603 317 3642 e
344 3571 437 3642 rnode
452 3569 519 3639 vivi
533 3568 655 3660 nequit.
675 3571 707 3634 3⁰
724 3566 759 3635 Si
775 3589 871 3656 agere
887 3566 964 3636 velit
980 3575 1017 3634 nt
1028 3567 1062 3634 in
1078 3567 1234 3656 religione
1249 3566 1442 3652 retineatur,

303 3709 319 3748 a
342 3680 394 3752 vel
410 3679 451 3748 ab
467 3699 504 3744 ea
518 3675 675 3766 expulsus
697 3674 897 3760 restituatur,
916 3673 967 3742 vel
990 3696 1031 3742 ne
1046 3674 1076 3740 ei
1091 3673 1244 3742 alimenta
1262 3672 1371 3742 debita
1385 3683 1445 3741 aut

303 3817 320 3854 a
343 3808 495 3878 expensae
510 3807 530 3852 a
548 3781 740 3851 monasterio
767 3780 980 3870 denegentur,
997 3780 1050 3850 vel
1074 3779 1208 3871 dejure
1231 3778 1319 3872 quod
1345 3779 1447 3848 habet

303 3923 319 3959 e
345 3892 467 3963 ferendi
493 3888 699 3978 suffragium,
717 3886 850 3956 sedendi
871 3888 906 3955 in
929 3886 1041 3974 choro,
1057 3887 1110 3956 vel
1130 3888 1193 3956 alio
1212 3887 1275 3955 sihi
1301 3889 1447 3977 quaesito

304 4029 320 4067 a
344 4023 401 4092 per
415 3997 659 4090 professionem,
673 3995 872 4082 electionem,
884 3993 1100 4081 collationem,
1112 4002 1172 4062 eto.
1191 3999 1224 4061 4⁰
1239 3993 1274 4062 Si
1291 3993 1448 4084 proprius

305 4136 321 4175 a
344 4107 501 4176 Praelatus
526 4114 680 4194 tanquam
704 4101 910 4194 dilapidator,
926 4110 1000 4189 eto,
1018 4101 1218 4171 accusandus
1233 4101 1286 4169 sit.
1308 4105 1340 4167 5⁰
1354 4102 1447 4169 Con-

305 4245 322 4286 e
346 4227 394 4284 tra
410 4216 435 4282 si
452 4209 673 4283 defendendus
689 4211 730 4278 sit
754 4210 912 4278 Praeletus
937 4209 1089 4301 proprius
1113 4209 1338 4278 incarceratus.
1360 4215 1393 4275 6⁰
1409 4209 1448 4280 Si
