3030 4980
249 397 314 463 390
629 419 804 467 macrarus
826 420 865 466 na
887 419 1021 468 moreris.

245 539 360 608 talium
388 540 550 612 delectum
578 543 714 633 patitur,
740 563 834 633 posse
859 563 935 610 cum
973 539 1209 633 dispensatione
1239 539 1387 631 Episcopi

245 649 430 738 promoveri
454 649 496 718 ad
511 648 644 718 ordines
659 649 801 718 minores
815 657 847 718 et
862 648 903 717 ad
926 647 1122 718 beneficium
1145 669 1211 716 non
1226 657 1385 716 curatum.

244 754 282 823 Id
308 778 459 847 expresse
484 755 670 826 decernitur
697 757 801 847 capite
823 761 854 844 1,
885 757 974 828 tituli
996 757 1050 842 11,
1081 755 1192 824 librit
1224 755 1260 822 in
1286 763 1386 823 sexto.

245 865 277 929 2⁰
291 863 423 954 Absque
439 863 678 953 dispensatione
693 863 858 956 pontificia
874 885 941 932 non
957 869 1062 954 potest
1075 862 1263 953 promoveri
1278 884 1338 930 nec
1351 860 1390 928 ad

246 970 385 1061 majores
399 969 542 1057 ordines,
561 992 620 1038 nec
640 970 682 1038 ad
705 969 862 1040 beneficia
883 993 996 1039 curam
1020 969 1207 1038 animarum
1227 966 1390 1052 habentia,

245 1087 342 1167 prout
366 1099 518 1168 expresse
546 1078 644 1146 etiam
669 1077 854 1147 decernitur
878 1078 976 1146 citato
1006 1078 1121 1168 capite.
1150 1076 1239 1166 Ergo
1272 1075 1392 1166 absque

245 1183 411 1275 pontificia
426 1183 664 1275 dispensatione
675 1185 824 1276 nequibit
838 1185 1030 1276 illegitimus
1041 1184 1164 1253 assumi
1175 1183 1211 1251 in
1222 1182 1394 1252 vicarium

245 1291 440 1379 generalem.
464 1290 528 1360 Sed
550 1301 695 1360 remanet
719 1292 910 1361 secundaria
930 1293 1069 1382 quaestio
1088 1289 1257 1378 solvenda,
1271 1313 1315 1358 an
1331 1290 1396 1358 sci-

244 1397 318 1465 licet
338 1395 475 1466 sufficiat
490 1400 654 1467 obtentam
670 1423 691 1466 a
712 1400 801 1490 Papa
818 1399 917 1469 luisse
938 1399 1212 1490 dispensationem
1229 1399 1271 1467 ad
1288 1421 1396 1467 sacros

245 1505 388 1592 ordines,
405 1514 442 1572 ut
462 1505 585 1596 absque
603 1529 689 1575 nova
710 1506 949 1598 dispensatione
971 1507 1072 1599 possit
1094 1505 1285 1596 illegitimus
1309 1505 1397 1574 rica-

246 1614 331 1681 riatu
348 1613 492 1702 generali
506 1614 622 1703 [ungit
635 1614 794 1704 Negative
807 1615 980 1706 respondet
993 1615 1176 1682 Laurenius
1189 1613 1240 1695 (dc
1262 1614 1398 1683 Vicae-iis

247 1720 373 1811 Epioe..
398 1743 469 1811 cap.
496 1724 526 1806 1,
549 1744 582 1811 q.
609 1722 675 1812 u),
704 1723 762 1813 qui
783 1722 950 1812 sigillatim
974 1721 1110 1812 probat,
1133 1720 1359 1812 dispensatum
1379 1744 1398 1788 a

247 1827 336 1916 Papa
356 1825 397 1894 ad
416 1827 547 1896 ordines
572 1828 669 1895 etiam
691 1851 811 1916 saeros,
840 1851 906 1897 non
932 1849 1001 1896 esse
1024 1826 1249 1918 dispensatum
1272 1826 1315 1896 ud
1337 1827 1399 1894 be-

247 1932 363 2001 neficia
389 1941 522 2001 curata:
547 1933 771 2025 dispensatum
792 1958 811 2004 a
835 1935 925 2025 Papa
946 1935 987 2003 ad
1011 1933 1168 2002 beneficia
1188 1941 1315 2020 curata,
1332 1955 1400 2002 nan

247 2061 316 2108 esse
332 2039 554 2130 dispensatum
572 2040 614 2109 ad
629 2040 825 2130 dignitates:
844 2041 1073 2132 dispensatum¹
1089 2063 1109 2108 a
1122 2041 1212 2132 Papa
1225 2039 1267 2109 ad
1284 2039 1401 2129 digui-

153 2171 155 2178 ’
248 2153 341 2230 tates,
367 2168 433 2214 non
460 2169 529 2214 esse
558 2146 781 2239 dispensatum
806 2149 848 2216 ad
872 2146 1046 2238 dignitates
1075 2169 1188 2216 curam
1212 2148 1401 2215 animarum

248 2251 410 2320 adnexam
435 2251 601 2322 habentes.
629 2253 714 2323 Cum
738 2276 816 2343 ergo
840 2255 1015 2323 vicariatus
1039 2252 1200 2343 generalis
1226 2254 1268 2320 sit
1290 2253 1403 2342 digni-

250 2369 298 2428 tas
316 2367 440 2448 cureta,
457 2360 649 2451 illegitimus
662 2385 705 2430 ex
724 2361 963 2453 dispensatione
984 2360 1093 2454 papali
1114 2360 1218 2430 lactus
1236 2361 1402 2448 sacerdos,

250 2490 316 2535 non
338 2467 456 2557 poterit
477 2468 599 2559 absque
625 2491 712 2539 nova
725 2469 965 2559 dispensatione
979 2467 1147 2536 Pontificis
1161 2467 1316 2536 constitui
1335 2467 1406 2538 Vi-

251 2574 361 2642 carius
377 2575 551 2662 generalis.

294 2683 438 2766 Quarsrro
456 2686 509 2750 4².
529 2719 573 2732 -
592 2685 711 2750 Utrum
733 2665 879 2752 Vicarc'us
893 2682 1054 2774 pancratis
1068 2681 1182 2750 debeat
1197 2703 1262 2750 csse
1276 2681 1404 2764 doctor,

252 2802 282 2858 ct
295 2789 331 2856 c'u
346 2813 412 2881 qua
423 2789 597 2882 facultate.
615 2827 658 2840 —
676 2793 706 2856 1ο
720 2789 916 2858 Difficultate
930 2813 997 2857 uon
1012 2798 1099 2858 caret
1109 2789 1251 2880 quaestio
1267 2788 1340 2874 illn;
1360 2789 1409 2858 ita

251 2897 349 2966 etiam
365 2896 450 2965 utin
466 2899 573 2966 varias
589 2897 764 2966 sententias
776 2899 917 2966 abierint
931 2899 1090 2983 doctores,
1109 2897 1190 2965 dum
1205 2896 1264 2965 alii
1280 2905 1410 2985 negant

252 3003 374 3094 requiri
391 3003 489 3072 ullam
502 3005 669 3089 lauream;
688 3003 745 3072 alii
759 3003 924 3072 affirmant
940 3004 1066 3093 requiri
1082 3002 1286 3071 doctoratum
1300 3002 1355 3070 vel
1370 3003 1409 3070 in

252 3109 426 3198 theologia,
442 3110 495 3178 vel
506 3110 540 3178 in
553 3111 627 3202 jure
642 3110 814 3197 canonic03
830 3110 886 3179 alii
898 3111 932 3178 in
944 3110 1020 3201 jure
1033 3131 1125 3178 sacro
1139 3109 1279 3198 gradum
1291 3131 1409 3178 neccs-

253 3217 376 3284 sariam
390 3215 593 3303 existimant3
612 3227 647 3285 ut
662 3216 772 3286 videre
787 3225 835 3286 est
852 3216 941 3307 apud
962 3216 1163 3284 Laurenium
1188 3215 1238 3305 (de
1266 3215 1410 3285 Vicurc'is

255 3323 381 3414 Epicu,
399 3344 469 3412 cap.
486 3326 517 3402 1,
534 3346 567 3413 q.
588 3323 655 3412 tu).

302 3433 336 3496 2⁰
359 3429 492 3497 Certum
514 3440 561 3497 est
581 3429 708 3498 nullum
736 3437 847 3498 extare
870 3427 955 3520 juris
984 3437 1125 3516 textum,
1157 3451 1224 3519 quo
1251 3450 1412 3520 expresse

256 3535 447 3605 decernatur
461 3535 582 3604 laurera
597 3537 780 3622 necessitas
796 3535 904 3626 quoad
919 3535 1089 3606 Vicarium
1110 3533 1297 3624 generalem
1317 3535 1412 3627 Epi-

258 3644 357 3734 scopi.
385 3643 468 3712 Nam
491 3653 587 3733 caput
613 3647 666 3730 lb,
690 3643 840 3711 sessionis
865 3645 906 3710 et
931 3641 1116 3710 Tridentini
1138 3642 1277 3728 concilii,
1300 3641 1415 3733 exigit

257 3750 389 3840 quidem
404 3748 608 3819 doctoratum
632 3751 748 3818 saltem
764 3749 799 3817 r'n
814 3749 968 3818 conculco
978 3750 1080 3840 jura·
1095 3747 1153 3816 sed
1166 3749 1212 3816 ibi
1228 3771 1333 3818 sermo
1355 3761 1415 3820 est

260 3854 300 3923 de
315 3857 448 3926 Vicario
461 3858 644 3948 capitulari,
662 3881 728 3924 non
749 3858 789 3927 de
808 3856 939 3926 Vicario
959 3855 1105 3945 generali
1127 3855 1289 3947 Episcopi.
1308 3856 1415 3928 Unde

260 3969 345 4029 recte
357 3962 544 4030 Cardinalis
557 3963 704 4038 deLuca
722 3963 772 4052 (ad
789 3963 1019 4032 Tridentinum
1035 3962 1185 4032 discursu
1202 3966 1256 4049 bl,
1274 3986 1307 4031 n.
1334 3966 1412 4055 14),

261 4067 301 4136 de
323 4068 456 4137 Vicario
478 4069 622 4159 generali
647 4069 799 4162 Episcopi
823 4071 972 4161 loquens,
998 4069 1043 4138 ita
1062 4068 1203 4139 affirmat
1227 4072 1417 4140 :dammi

262 4171 382 4242 nullibi
397 4185 536 4243 cautum
551 4174 594 4243 sit
607 4174 698 4266 quod
708 4173 821 4243 debeat
836 4197 900 4243 csse
915 4173 1038 4244 doctor.
