3030 4980
268 469 329 534 sm
641 487 817 536 rmcrsrus
840 489 878 536 un
899 489 1035 538 moines.

266 637 284 677 u
305 619 413 704 posset
425 611 522 680 etism
537 609 711 680 exercendi
725 632 822 680 nsum
840 609 1014 703 probibere
1034 611 1070 679 in
1089 610 1228 701 negotiis
1246 610 1411 680 stlitibus

267 746 285 786 e
307 719 452 812 profanis
471 741 581 789 coram
594 719 704 810 judice
723 717 805 787 laico
827 717 861 786 in
882 719 980 787 terris
1000 717 1174 804 Ecclesim3
1196 717 1297 787 Sarra
1313 719 1410 788 Con-

266 855 283 893 «
305 826 452 917 gregatio
464 826 601 914 censuit,
616 847 681 894 non
693 847 804 918 posse;
817 825 895 916 quie
905 825 1079 894 concilium
1090 825 1236 916 loquitur
1246 823 1289 893 de
1299 827 1408 894 causis

264 961 281 1002 α
304 931 527 1002 ecclesiasticis
541 944 572 1002 et
585 933 809 1025 spiritualibus
828 939 975 1011 tantum;
995 954 1075 1024 ergo
1095 953 1162 1000 non
1181 931 1344 1002 intellexit
1367 933 1408 1002 de

264 1067 282 1108 u
304 1039 416 1109 litibus
430 1039 588 1130 profanis,
603 1061 709 1131 neque
724 1059 834 1108 coram
849 1038 942 1107 laico.

308 1173 325 1214 e
348 1147 477 1216 Rursus
499 1169 575 1215 oum
595 1155 678 1215 esset
695 1147 884 1238 quesitum,
907 1167 950 1214 au
969 1145 1103 1216 facetus
1122 1145 1319 1239 probibendi
1344 1169 1409 1216 no-

224 1310 230 1324 ,
264 1281 281 1322 α
303 1253 395 1324 tariis
412 1253 523 1324 minus
540 1251 666 1322 idoneis
685 1252 837 1345 repertis,
855 1273 897 1320 ne
916 1253 952 1320 in
970 1253 1109 1342 negotiis
1128 1263 1161 1322 et
1179 1252 1285 1323 causis
1303 1253 1408 1322 eccle-

263 1387 281 1428 u
303 1360 439 1430 siastieis
454 1383 492 1430 ac
505 1360 731 1454 spiritualibus
746 1381 844 1429 suum
866 1358 1012 1428 officium
1031 1369 1202 1430 exerceant
1225 1361 1408 1452 (Episcopis

264 1494 281 1535 α
303 1469 427 1538 tribute
442 1467 570 1537 decreto
583 1467 725 1554 concilii,
741 1467 844 1558 capite
862 1469 916 1554 to,
932 1467 1085 1536 sessionis
1099 1469 1168 1558 22),
1182 1466 1280 1536 edum
1295 1468 1406 1560 quoad

227 1667 230 1674 Ι
262 1603 279 1642 e
303 1575 433 1666 negotia
446 1583 479 1643 et
492 1575 565 1644 lites
579 1574 725 1644 locorum
739 1573 870 1666 piorum
884 1595 904 1642 a
916 1573 1007 1644 laicis
1020 1573 1324 1644 edmiuistratorum
1337 1576 1407 1644 tri-

265 1712 283 1750 u
304 1683 384 1753 butu
398 1681 599 1773 intelligetur
613 1709 620 1749 :

308 1791 420 1860 «Item
442 1813 486 1860 an
507 1789 620 1860 eadem
640 1787 775 1859 moultus
797 1787 994 1858 extendatur
1016 1790 1059 1858 ad
1078 1797 1263 1860 contractus
1289 1812 1406 1882 perso-
1507 1869 1508 1890 χ

263 1924 281 1964 u
304 1919 422 1967 nurum
457 1896 756 1983 ecclesiasticarum,
790 1917 866 1988 qum
901 1895 943 1965 de
974 1917 1089 1966 eorum
1121 1897 1407 1988 patrimonialibus
1507 1891 1508 1898 '

263 2005 397 2074 ebonis
424 2004 663 2083 conficientem
695 2003 877 2095 presertim
908 2011 1012 2072 stante
1037 2003 1285 2091 comnetudine,
1315 2007 1406 2096 qnod

263 2141 280 2180 e
302 2133 409 2180 camae
424 2109 626 2202 hujusmodi,
640 2131 754 2178 eorum
770 2110 932 2179 bonorum
948 2109 1084 2195 ratione,
1109 2109 1150 2179 sd
1169 2109 1278 2182 torum
1298 2112 1406 2182 ecole-

265 2250 281 2290 u
303 2219 469 2291 &astitum
485 2225 627 2310 spectent
645 2246 652 2285 :

308 2329 412 2398 «Die
440 2331 454 2395 t
485 2324 665 2394 decembris
694 2327 791 2412 1588,
820 2324 919 2395 Sucro
941 2325 1161 2416 congregatio
1185 2326 1337 2414 Consilii,
1365 2330 1408 2398 ad

263 2465 280 2506 e
299 2437 463 2530 primum,
481 2431 606 2502 censuit
623 2431 759 2522 intelligi
779 2432 957 2501 tributam:
982 2433 1024 2500 ad
1045 2432 1236 2516 secundusne,
1257 2436 1406 2504 extendi.

307 2573 325 2613 u
344 2541 438 2614 Adde
457 2539 546 2632 quod
569 2540 741 2631 ipsiusmet
758 2539 886 2608 concilii
905 2539 1089 2610 Tridentini
1106 2541 1173 2610 duo
1192 2541 1327 2610 fuerunt
1348 2567 1409 2612 no·

262 2683 280 2724 s
303 2652 390 2738 tarii,
410 2649 512 2718 laicus
530 2669 629 2732 uuus,
649 2659 680 2714 et
699 2646 780 2714 alter
801 2646 949 2730 clericus,
969 2656 1006 2715 ut
1024 2655 1111 2738 petet
1128 2670 1171 2716 ex
1190 2669 1308 2717 eorum
1327 2653 1407 2718 snb-

261 2789 278 2829 u
298 2755 541 2850 scriptionibus,
560 2775 633 2845 quaa
646 2753 807 2822 habentur
823 2754 859 2820 iu
872 2755 958 2823 calce
969 2755 1139 2824 concilii.»
1158 2755 1361 2845 (Fegnanns,
1373 2759 1408 2825 in

257 2874 355 2960 caput
368 2865 463 2934 Sicut
478 2873 520 2943 te,
540 2859 588 2928 tit.
607 2861 656 2930 Ne
671 2859 778 2928 cimici
792 2861 843 2928 vel
856 2881 959 2944 mon„
976 2884 1010 2929 n.
1033 2865 1074 2929 63
1088 2871 1120 2930 ct
1133 2863 1215 2953 seq.)
1232 2863 1407 2956 Preecipua
1506 2945 1507 2960 χ

258 2976 353 3061 ratio,
369 2992 429 3040 cur
448 2968 527 3039 olim
548 2989 567 3034 a
586 2965 783 3056 quibusdam
803 2966 838 3034 in
857 2966 996 3038 dubium
1017 2977 1169 3038 vocatum
1186 2979 1247 3056 est,
1268 2993 1313 3040 an
1331 2972 1407 3040 laici

259 3087 389 3176 possent
416 3077 450 3145 in
477 3075 583 3144 causis
611 3073 833 3142 aeclesiasticis
859 3083 891 3141 et
919 3074 1142 3167 spiritualibus
1171 3099 1242 3146 esse
1271 3080 1405 3166 notarii,

258 3188 334 3260 inde
365 3183 566 3268 sumebatur,
595 3177 683 3271 quod
711 3177 949 3269 jurisdictionis
977 3181 1198 3252 ecclesiasticus
1235 3184 1407 3276 incapaces

257 3297 333 3368 leici
354 3294 470 3362 forent.
495 3288 557 3359 Cui
578 3285 753 3378 objectioni
778 3294 888 3378 postea
913 3289 1129 3358 communiter
1142 3292 1321 3360 canonistas
1335 3317 1408 3363 ras-

257 3401 454 3496 ponderunt,
495 3416 552 3486 per
591 3393 787 3462 notariatum
825 3393 956 3462 nudum
992 3397 1133 3465 eneces-i
1167 3398 1404 3484 ministerium,

259 3527 464 3600 nequaquam
485 3511 689 3570 veruactum
707 3499 1018 3592 jurisdictionolem3
1042 3503 1083 3571 sd
1104 3503 1247 3574 officium
1269 3509 1407 3598 proinde

259 3615 376 3689 notarii
396 3609 581 3680 nullatenus
600 3606 723 3698 requiri
740 3607 937 3676 habilitatem
960 3610 1001 3677 ad
1020 3608 1282 3700 jurisdictionem
1304 3617 1406 3706 spiri-

258 3725 378 3797 tualem
393 3715 622 3808 recipiendam.

302 3824 674 3901 promisione-121
692 3823 800 3912 ripere
812 3823 916 3913 juris,
941 3837 972 3892 et
991 3823 1208 3896 abstrahendo
1230 3851 1254 3896 α
1276 3845 1407 3922 receptu

257 3935 451 4034 peneraliter
486 3927 729 4010 consuetudine,
765 3929 978 4019 probabiliter
1002 3932 1153 4002 notarius
1185 3957 1208 4002 a
1237 3937 1310 4005 sola
1340 3963 1406 4030 po-

256 4056 371 4118 testate
385 4037 537 4110 seculari
549 4049 676 4106 creatus
690 4059 758 4104 non
766 4049 875 4128 posset
889 4061 952 4106 esse
966 4039 1119 4109 notarius
1133 4040 1169 4108 io
1178 4043 1287 4112 causas
1301 4059 1333 4113 et
1347 4069 1407 4115 ue-

255 4153 352 4246 potiis
365 4143 591 4217 eclesiasticis.
606 4181 651 4196 -
660 4143 772 4212 Solent
783 4144 959 4214 canonistae
972 4144 1052 4215 dum
1063 4147 1226 4217 sustinent
1237 4154 1405 4222 nolanam

256 4261 443 4352 apotastate
458 4249 608 4322 saeculari
624 4261 780 4340 creatum,
798 4250 832 4319 in
847 4251 919 4322 foro
940 4253 1037 4324 etiam
1060 4254 1274 4328 ecclesiastico
1300 4259 1408 4330 valide
