3056 4972
569 494 643 542 unns
667 493 772 540 aaran.
1180 461 1242 534 209

106 641 124 678 o
145 615 301 685 eomodo
322 637 388 708 quo
409 615 506 684 aliam
529 614 670 703 religiosi
696 612 830 682 moralis
852 611 1024 704 theologiae
1046 613 1245 705 professores
1334 614 1337 624 “

107 749 123 788 a
145 745 242 815 super
255 723 383 792 casibus
397 721 603 792 conscientia
622 721 761 790 consulti
776 720 991 813 respondent3
1008 720 1088 790 adeo
1105 729 1140 789 ut
1154 720 1244 790 aliud

106 857 122 896 a
145 832 221 900 vitae
235 831 374 900 forensis
388 853 426 900 ac
440 829 604 899 saecularis
617 827 791 918 vestigium
808 827 920 896 adesse
933 851 999 898 non
1010 829 1170 915 rideatur,
1181 829 1245 897 nisi

107 963 123 1001 a
146 936 181 1006 in
195 960 273 1006 casu
287 960 353 1029 quo
366 935 401 1005 in
415 935 570 1005 tribunali
579 935 747 1004 Auditoris
760 935 921 1023 Gamcrae,
934 935 987 1005 vel
1001 936 1037 1003 in
1055 935 1129 1004 aliis
1142 957 1244 1027 supe—

108 1067 124 1105 «
145 1042 217 1109 rius
229 1041 410 1128 recensitis,
426 1041 671 1110 informationes
684 1040 765 1108 liant
783 1041 818 1108 in
837 1040 1097 1128 contradictorio,
1111 1041 1191 1110 dnm
1208 1042 1243 1110 in

106 1175 122 1214 n
144 1149 228 1218 Rota
236 1158 268 1218 ct
279 1149 458 1220 incanam
468 1171 505 1218 ac
515 1150 549 1217 in
559 1151 658 1218 sacris
669 1148 988 1238 congregationibus,
998 1149 1057 1216 isle
1065 1149 1244 1241 stylusnoa

107 1283 123 1322 a
144 1256 295 1343 babetur,
306 1255 478 1346 ulagendo
490 1256 530 1326 de
541 1255 759 1325 tribunalibus
774 1279 873 1347 supra
888 1255 1084 1342 advertitur3
1099 1280 1136 1325 ac
1147 1257 1244 1326 eliam

105 1389 122 1428 a
145 1365 222 1456 qnia
235 1365 297 1432 ista
308 1371 356 1431 est
367 1363 590 1455 principaliter
602 1363 695 1432 curia
704 1362 815 1452 Papae,
826 1361 983 1453 principis
996 1362 1241 1432 ecclesiasticis

628 1647 715 1738 gv.

275 1821 366 1872 Utrum
382 1818 498 1886 religiosi
514 1823 696 1885 procuratores
709 1823 733 1870 el
752 1819 872 1871 macenti
890 1833 945 1872 esse
963 1822 1070 1887 possint.

146 2014 181 2077 1ο
196 2007 252 2078 Est
265 2009 429 2100 generalis
445 2009 570 2100 regula,
588 2030 654 2078 non
678 2029 772 2099 posse
795 2009 963 2098 religiosos
985 2008 1144 2094 advocati,
1164 2032 1245 2101 pro-

100 2116 300 2184 curatorisvc
321 2139 443 2184 munus
468 2137 629 2197 exercere,
648 2115 716 2183 sive
738 2137 848 2184 coram
876 2115 1038 2196 seculari,
1055 2117 1124 2185 sive
1147 2118 1245 2186 etiam

98 2245 209 2292 coram
241 2223 452 2292 ecclesiastico
485 2223 604 2314 judice.
635 2221 699 2290 Sed
730 2223 771 2290 ab
801 2222 860 2290 bac
889 2222 1004 2312 regula
1038 2223 1245 2316 excipiuntur

98 2353 207 2398 causae
224 2331 422 2418 monasterii,
439 2329 474 2398 in
497 2331 617 2422 quibus
642 2337 747 2421 potest
771 2329 941 2419 religiosus
960 2331 1081 2399 dicium
1098 2331 1246 2401 officium

97 2437 203 2521 obire,
223 2437 319 2505 modo
339 2461 358 2505 a
379 2437 520 2505 Praelato
541 2459 601 2505 suo
627 2435 770 2526 regulari
798 2436 984 2526 deputetur.
1002 2436 1067 2506 Pro
1088 2461 1154 2529 quo
1169 2439 1245 2506 citat

97 2544 275 2612 Gratianus
289 2544 456 2634 Pelagium
478 2545 601 2636 Papam
623 2545 669 2611 sic
692 2543 946 2612 rescribentem:
965 2547 1013 2612 De
1030 2546 1245 2636 praesentium

92 2653 270 2741 portitore,
288 2651 380 2744 qaod
393 2649 538 2742 defensor
549 2653 660 2741 sactus
673 2672 738 2718 non
752 2662 809 2732 cst,
827 2649 923 2718 nulla
937 2650 1026 2719 vobis
1049 2651 1156 2719 animi
1170 2675 1245 2719 mo-

96 2759 195 2826 lestia
208 2760 253 2827 sr't
271 2758 374 2852 :quia
389 2781 462 2828 acre
475 2759 555 2828 satis
570 2758 818 2826 amarissimum
832 2757 935 2827 tabeo
950 2758 989 2826 de
1003 2759 1063 2828 isto
1075 2760 1244 2850 proposita

95 2865 143 2934 ad
158 2865 249 2934 illud
269 2867 416 2958 officium
442 2865 588 2934 domines
613 2864 740 2947 deduci,
758 2866 794 2932 in
816 2889 882 2957 quo
906 2866 999 2934 noello
1023 2866 1120 2935 modo
1136 2889 1210 2960 qua
1223 2890 1245 2935 a

96 2972 356 3042 monachalia
377 2974 543 3065 promissa
567 2985 657 3055 sunt,
681 2973 811 3041 valeant
833 2971 1018 3065 adimpleri.
1048 2973 1245 3042 Omnimodo

97 3081 188 3148 enm
198 3093 244 3148 est
256 3079 345 3148 illius
358 3080 491 3148 babitus
502 3093 533 3148 et
546 3080 641 3148 istius
653 3079 754 3170 osficn'e'
765 3078 934 3148 diuersitas
943 3107 954 3147 :
964 3080 1031 3148 illie
1042 3079 1127 3148 enine
1139 3081 1240 3171 quies,

95 3186 221 3269 oratio,
234 3186 328 3254 labor
338 3209 501 3255 manuum
514 3213 524 3254 .·
537 3199 573 3254 at
588 3186 830 3255 diocaesaream
843 3186 994 3278 capnitis,
1006 3189 1242 3269 conventiones,

96 3309 207 3376 act-us,
220 3295 356 3386 publica
370 3295 489 3386 litipia,
506 3309 536 3362 et
550 3317 766 3386 quaecumque
781 3296 832 3363 uel
848 3293 1058 3364 ecclesiastica
1076 3297 1241 3378 destituto,

96 3405 150 3471 vel
157 3403 422 3495 supplicantium
434 3405 600 3472 necessitas
608 3403 723 3495 poscit.
740 3401 840 3470 Addit
854 3403 1049 3470 Gratianus:
1068 3431 1084 3467 a
1099 3403 1245 3473 Gelasius

100 3539 116 3575 a
142 3519 254 3578 tamen
264 3511 420 3602 permittit
430 3510 502 3578 illos
511 3533 551 3578 ex
565 3509 801 3602 dispensatione
813 3509 884 3577 fieri
896 3509 1117 3578 defensores.»
1129 3511 1245 3603 (Caput

96 3617 136 3686 de
152 3619 372 3687 Praenstinum
388 3621 442 3703 20,
456 3641 489 3708 q.
507 3621 538 3702 1,
553 3639 660 3685 causae
677 3615 743 3702 16.)
761 3616 798 3682 ln
812 3615 949 3683 concilio
964 3626 1073 3684 aulem
1089 3615 1245 3686 Tarraco·

97 3726 196 3794 uensi
211 3725 255 3793 sic
271 3724 437 3793 decretum
451 3723 513 3792 fuit
528 3725 631 3815 capite
646 3727 682 3790 11
701 3749 707 3789 :
727 3725 770 3800 Ut
784 3722 897 3790 nullus
912 3745 1038 3805 eorum,
1055 3721 1157 3804 idest,
1173 3746 1245 3792 mo-

95 3833 298 3913 metrorum,
314 3831 449 3922 forenses
468 3830 592 3922 nepotii
613 3842 778 3919 susceptor
793 3829 845 3897 vel
868 3842 1019 3897 executor
1033 3829 1163 3912 eaistat,
1182 3832 1247 3900 nisi

95 3939 193 4032 quod
205 3939 395 4008 monasterii
408 3937 550 4030 exposcit
566 3935 705 4018 utititas,
723 3936 846 4004 Abbate
869 3937 930 4004 sibi
951 3936 1166 4007 nibilominus
1181 3939 1245 4007 im-

91 4059 249 4140 perante.
274 4047 364 4137 (Cap.
391 4043 546 4126 Menoetii
571 4047 625 4130 35,
650 4067 683 4136 q.
710 4048 741 4128 1,
770 4065 876 4111 causae
903 4045 969 4134 16.)
994 4043 1127 4112 Decimo
1152 4047 1245 4117 tertio

95 4155 223 4224 saeculo
250 4153 385 4244 quidam
417 4151 563 4221 canonici
593 4150 760 4240 regulares
790 4148 1026 4219 contenderunt
1057 4150 1119 4219 sibi
1149 4152 1245 4222 licere

96 4263 282 4338 advocatiae
296 4260 502 4348 exercitium,
513 4258 649 4351 eoquod
662 4281 777 4349 nempe
790 4279 928 4328 «canones
940 4257 974 4325 id
986 4257 1193 4350 prohibentes
1206 4261 1245 4330 dc

261 4387 283 4434 l.
1048 4373 1086 4432 ll
