3046 4962
565 867 708 937 CAPUT
734 867 792 936 lV.

158 1071 196 1114 art
219 1071 259 1115 ΕΤ
285 1067 347 1122 QUO
375 1069 465 1114 SENSU
487 1070 507 1114 Α
529 1070 724 1116 suerranum
756 1071 850 1116 artam
876 1070 950 1116 suna
981 1069 1203 1116 necansmsrrca

331 1175 447 1222 subtele
469 1175 599 1222 NOltllffl
629 1175 837 1228 mentruatis
859 1175 1025 1222 demetant.

154 1393 207 1462 Ad
222 1394 441 1484 regulandum
455 1396 490 1462 in
501 1392 631 1485 judiciis
646 1393 869 1464 ecclesiasticis
890 1391 1084 1485 procedendi
1100 1393 1245 1476 modum,

112 1500 234 1568 nullam
262 1523 320 1591 per
342 1523 377 1570 se
401 1501 470 1569 vim
501 1500 654 1569 heberent
682 1500 896 1570 Justinianeae
923 1499 1119 1570 collectionis
1147 1499 1246 1588 leges,

111 1616 222 1699 utpote
235 1631 309 1700 quae
324 1632 345 1677 a
358 1630 448 1677 mera
459 1614 614 1699 potestate
629 1607 778 1676 saeculari
792 1607 1016 1700 processerint.

153 1717 279 1784 Atrero
300 1715 428 1784 dnobue
454 1716 560 1785 modis
585 1716 772 1804 contingere
803 1715 908 1806 potuit
935 1723 973 1784 ut
997 1715 1033 1782 in
1055 1715 1126 1785 foro
1149 1716 1247 1784 etiam

110 1821 324 1890 ecclesiastico
349 1821 415 1889 vim
441 1821 598 1891 haberent
626 1819 787 1913 ejusmodi
812 1821 900 1910 leges
929 1848 936 1890 :
963 1825 995 1888 1⁰
1020 1821 1047 1887 si
1074 1821 1247 1890 nonnullas

110 1951 261 2020 expresse
284 1929 425 1997 Ecclesia
449 1930 699 2015 canonizaverit,
716 1927 749 1996 id
774 1935 834 2013 est,
858 1929 893 1996 in
918 1950 1057 1998 canones
1081 1951 1138 1997 seu
1160 1929 1248 2018 leges

110 2036 335 2104 ecclesiasticae
350 2058 409 2104 sua
429 2039 645 2128 accepiatione
670 2036 950 2113 transmutaverit;
969 2038 1003 2102 2⁰
1018 2035 1045 2102 si
1066 2035 1248 2126 generatim

111 2143 298 2228 decreverit,
325 2141 565 2212 observandum
596 2141 665 2211 lore
696 2141 882 2210 Romanum
900 2141 956 2232 jus
977 2142 1013 2208 iu
1038 2141 1079 2210 iis
1105 2141 1248 2209 materiis

110 2271 196 2318 mere
210 2248 355 2340 profanis
370 2270 430 2340 pro
443 2249 563 2340 quibus
583 2248 674 2318 nulla
688 2248 828 2317 occurrit
846 2247 933 2338 juris
953 2246 1100 2316 canonici
1119 2247 1245 2336 regula,

108 2365 138 2424 et
150 2356 186 2426 in
201 2355 324 2448 quibus
338 2355 410 2424 haec
429 2355 621 2425 lastinianei
646 2355 732 2445 juris
751 2355 923 2446 applicatio
944 2353 1027 2422 nibil
1052 2353 1178 2422 inducit
1191 2377 1247 2421 oa-

109 2462 225 2532 tholico
240 2461 385 2552 dogmati
407 2471 464 2531 aut
487 2461 559 2530 aliis
583 2460 732 2530 Ecclesia
756 2460 886 2550 legibus
910 2460 1123 2530 contrarium.
1141 2461 1244 2531 Porro

108 2577 285 2660 utrumque
302 2591 416 2638 revera
437 2568 581 2658 contigit.
599 2568 714 2636 Plures
738 2567 858 2638 scilicet
877 2567 1017 2638 Romani
1032 2566 1116 2658 juria
1135 2567 1245 2661 dispo·

108 2677 243 2746 sitiones
269 2695 421 2767 expresse
446 2698 521 2744 snas
548 2673 623 2742 iecit
648 2674 800 2761 Ecclesia,
819 2674 865 2744 ita
887 2683 922 2746 ut
946 2675 982 2742 in
1004 2695 1136 2765 corpore
1159 2675 1244 2766 juris

107 2782 253 2852 canonici
263 2783 394 2852 insertae
406 2781 622 2872 reperiantur.
638 2781 717 2852 Item
730 2781 953 2870 generalitate
963 2780 1046 2850 Sede
1058 2782 1246 2871 Apostolica

8 2937 17 2978 ,
107 2891 266 2960 sancitum
290 2898 338 2956 est
363 2897 411 2975 nt,
437 2889 494 2958 nbi
523 2887 672 2956 deficeret
693 2887 781 2978 juris
804 2888 953 2957 canonici
975 2887 1100 2978 regula,
1128 2911 1148 2955 a
1170 2888 1245 2979 jure

8 2989 12 3098 l
105 2999 254 3067 Romano
281 3018 319 3064 ea
343 2995 581 3081 desumeretur,
598 2995 694 3064 modo
717 3003 825 3062 tamen
846 2994 956 3062 illaeais
979 2994 1130 3063 omnibus
1146 3020 1244 3066 cano-

105 3106 186 3173 nicis
201 3104 340 3172 decretis
356 3103 390 3170 id
405 3101 478 3172 fieri
492 3111 610 3192 posset.
628 3101 763 3171 Constat
781 3100 883 3192 capite
898 3100 1121 3170 Intellecimus
1137 3103 1181 3193 (t,
1197 3106 1244 3172 ti-

8 3293 10 3302 s
105 3213 163 3280 tuli
181 3215 236 3298 32,
253 3210 327 3280 libri
346 3213 363 3275 5
377 3209 605 3298 Decretalium)
620 3209 653 3276 in
668 3231 734 3299 quo
749 3207 869 3278 Lucius
890 3207 946 3294 lll,
962 3207 1002 3276 de
1021 3211 1166 3298 materia,
1182 3234 1242 3304 pro

104 3343 168 3411 qua
182 3321 233 3410 (nt
253 3319 322 3410 ipse
347 3315 433 3408 dicit)
450 3315 533 3386 nibil
558 3315 777 3407 reperiebatur
797 3316 832 3384 in
856 3315 1032 3384 amonitus
1055 3317 1236 3409 defrutum,

105 3448 254 3496 normam
279 3446 347 3494 esee
368 3422 471 3493 voluit
489 3421 573 3514 juris
599 3422 738 3492 Romani
765 3421 1023 3512 dispositionem
1046 3425 1133 3514 quod
1155 3437 1187 3495 et
1206 3429 1240 3495 in

11 3551 18 3563 ·
103 3533 264 3601 similibus
290 3529 483 3618 generaliter
501 3528 628 3596 omibus
647 3549 715 3596 esse
735 3527 983 3616 intelligendum
1005 3529 1150 3598 indicant
1170 3533 1239 3602 baec

104 3641 207 3734 ipsius
235 3637 335 3708 verba
363 3663 371 3704 ι
397 3637 479 3706 sicta
507 3637 589 3728 lepos
622 3659 685 3703 non
715 3635 937 3726 dedignantur
958 3659 1070 3710 sacros
1103 3661 1239 3709 canones

100 3745 241 3826 imitari,
258 3745 307 3812 ita
329 3757 359 3811 et
381 3765 551 3812 sacrorum
570 3753 697 3812 statuta
723 3764 887 3811 canonum
899 3743 1093 3834 principum
1116 3749 1238 3815 corati-

103 3852 280 3924 aeonibus
302 3849 517 3941 adp’uoamur.
542 3849 594 3918 Ex
615 3857 769 3919 contextu
784 3856 891 3918 autem
917 3857 1003 3940 patet
1025 3871 1097 3920 eam
1123 3875 1236 3924 vocem

101 3963 309 4053 adjuvamur
320 3959 365 4026 ibi
388 3955 630 4046 intelligendam
645 3979 713 4025 esse
736 3957 796 4026 hoo
811 3979 909 4026 senen
927 3981 936 4024 τ
953 3964 989 4024 nt
1013 3955 1236 4030 deficientibus

101 4073 135 4138 in
149 4069 259 4160 aliqua
272 4065 405 4135 materia
426 4086 590 4133 sacrorum
611 4086 771 4134 canonum
793 4063 1105 4156 praeacriptionibus,
1123 4066 1163 4136 iis
1178 4091 1237 4160 per

8 4179 10 4190 '
97 4177 182 4269 juris
196 4173 337 4243 Romani
353 4171 442 4260 leges
454 4171 495 4238 sit
514 4170 743 4263 supplendum.
760 4174 868 4262 Atque
884 4170 929 4238 ita
950 4170 1146 4242 unanimiter
1161 4175 1238 4245 doc·

101 4293 185 4352 tores
215 4279 400 4369 intelligunt
425 4277 506 4346 sacri
534 4287 565 4346 et
592 4277 785 4346 lastinianei
809 4276 894 4369 juris
918 4276 1234 4354 confoederationem.

8 2657 11 2700 l
