3056 4972
7 1128 12 1167 ι

7 1170 13 1223 l

560 477 636 525 enus
659 479 765 525 aaran.
1173 457 1236 523 223

102 598 179 668 llam
207 607 281 670 ante
308 599 375 668 litis
397 599 661 669 contestationem
687 599 749 692 ipsi
776 599 916 668 liberum
946 605 994 666 est
1022 599 1241 690 procuratoris

102 705 239 777 officium
259 707 439 798 resignare.

142 817 264 884 Atvero
288 823 360 907 post
382 815 448 885 litis
476 815 754 902 contestationem,
781 813 894 906 nequit
915 821 1117 906 procurator,
1137 814 1241 884 invito

102 921 242 1009 domino,
253 945 323 992 sese
334 921 439 992 officio
454 945 646 1010 exonerare,
660 923 723 992 nisi
735 922 825 1014 justa
838 922 878 990 de
892 943 1007 1002 ceusa;
1020 922 1111 991 verbi
1122 921 1239 1012 gratia,

103 1052 138 1098 eo
150 1028 237 1122 qnod
255 1030 479 1121 supervenerit
502 1030 688 1117 iufirmitas,
704 1029 758 1098 vel
779 1029 1038 1098 inimicitiarum
1054 1029 1240 1121 principali,

103 1135 152 1204 vel
166 1136 421 1229 inexspectatum
437 1138 617 1228 negotium,
635 1145 668 1207 et
689 1134 889 1228 hujusmodi.
918 1135 965 1203 lta
988 1135 1134 1205 doctores
1153 1159 1243 1205 com-

103 1243 254 1314 maniter.

145 1353 176 1418 t.
193 1350 275 1418 Item
287 1358 391 1421 cesset
410 1350 592 1421 mutatione
614 1350 845 1444 procuratoris,
863 1371 921 1419 seu
935 1348 1068 1442 mendo
1082 1350 1144 1443 ipsi
1160 1350 1243 1419 elius

99 1457 322 1544 substituitur;
352 1458 432 1550 quia
457 1457 648 1550 hujusmodi
673 1457 861 1526 substitutio
887 1467 1038 1526 censetur
1064 1459 1238 1526 revocatio.

99 1562 156 1632 liat
171 1563 331 1636 mutantia
343 1565 527 1634 communis
538 1563 721 1634 doctorum.
739 1563 834 1634 Unde
848 1585 924 1656 quse
941 1563 1089 1633 diximus
1110 1563 1150 1632 de
1166 1585 1242 1634 casu

99 1670 325 1758 revocationis,
340 1670 561 1740 substitutioni
576 1669 769 1763 applicanda
783 1669 930 1740 veniunt.

146 1781 176 1845 5.
195 1776 305 1846 Cessat
316 1777 413 1846 linita
428 1777 593 1864 instantia,
611 1799 669 1845 scu
693 1777 758 1846 lata
779 1775 952 1846 definitiva
973 1777 1142 1847 sententia.
1158 1780 1242 1849 Nam

100 1893 178 1954 tunc
194 1892 385 1976 procurator
400 1882 494 1953 debet
514 1883 660 1978 quidem,
676 1905 717 1957 ne
738 1883 896 1953 sententia
919 1883 953 1952 in
977 1906 1047 1953 rem
1067 1884 1243 1976 judicatam

100 1998 254 2078 trauseat,
279 1991 526 2086 appellationem
557 1991 775 2084 interponere,
804 1990 856 2060 vel
885 1990 1000 2059 saltem
1032 1991 1243 2086 principalem

99 2097 210 2166 statim
225 2097 400 2167 admonere
419 2104 457 2167 ut
476 2097 558 2190 ipse,
575 2096 602 2164 si
619 2095 707 2184 velit,
724 2095 881 2188 appellet,
900 2118 967 2166 non
986 2105 1094 2166 eutem
1116 2107 1244 2169 tenetur

99 2204 347 2298 appellationem
363 2205 528 2298 prosequi.
545 2203 602 2274 Est
616 2205 775 2276 mutantia
790 2204 975 2274 eommunis
991 2204 1173 2276 doctorum.

146 2315 177 2381 6.
199 2313 310 2383 Cessat
333 2334 392 2405 per
414 2319 553 2382 mortem
577 2311 803 2382 constituentis
821 2333 857 2380 re
876 2310 984 2381 adhuc
1004 2312 1146 2404 integrm
1167 2337 1244 2385 nam

98 2419 341 2490 Justiuiaueum
367 2419 434 2511 jus,
461 2419 503 2488 ab
527 2417 673 2488 Ecclesia
696 2419 730 2486 in
756 2417 817 2488 hoe
842 2426 963 2511 puncto
991 2430 1170 2511 receptum,
1199 2423 1245 2491 ita

99 2549 253 2620 expresse
274 2527 483 2596 decreverat:
500 2529 591 2596 Inter
615 2547 731 2596 ccccm
756 2524 932 2594 omittendi
955 2525 1119 2609 mandati,
1142 2515 1243 2598 etiam

99 2633 403 2704 mcrsmarrdatcrr's
414 2647 479 2718 ert;
491 2655 573 2702 nam
584 2631 783 2702 mandatum
797 2632 937 2702 solvitur
947 2645 1052 2702 morte
1064 2634 1145 2725 (lege
1155 2637 1244 2705 later

100 2763 215 2811 caueae
228 2745 284 2830 26,
300 2740 389 2810 tituli
408 2745 438 2829 l,
455 2741 534 2810 libri
553 2743 591 2809 17
608 2739 834 2831 digestorum).
854 2744 935 2809 ltem
950 2741 979 2809 si
993 2739 1104 2810 adduc
1117 2741 1243 2834 intepro

100 2848 272 2931 mndata,
283 2871 371 2918 mors
383 2848 518 2917 ulterius
533 2847 742 2929 interveniat,
754 2846 792 2916 id
804 2859 862 2930 est,
877 2848 929 2916 cel
942 2848 1016 2939 ejus
1029 2848 1090 2940 qui
1102 2849 1245 2920 manda·

101 2958 193 3040 oerit,
212 2956 265 3026 vel
277 2956 366 3026 illivs
380 2957 438 3048 qai
451 2954 631 3025 maadctus
642 2954 757 3047 licerit,
775 2953 914 3024 solvitur
927 2953 1125 3025 manorum
1138 2957 1243 3046 (titulo
1260 2951 1264 2960 ’

102 3062 300 3134 dlcrrdctum
321 3067 376 3151 27,
393 3063 415 3155 ξ
430 3067 485 3151 10,
500 3062 576 3132 libri
592 3067 610 3132 3
633 3061 905 3151 Institutionum).
923 3061 966 3130 llt
980 3061 1016 3129 in
1032 3061 1092 3132 hoc
1108 3084 1244 3134 concor·

60 3251 64 3258 ,
101 3167 180 3238 daut
194 3169 383 3252 canonista.

147 3276 183 3348 Si
196 3299 277 3347 vero
296 3285 486 3368 procurator
499 3275 541 3346 ed
559 3275 784 3346 executionem
806 3273 875 3368 jam
896 3273 1035 3346 deduxit
1054 3271 1260 3348 mandatum‘

102 3406 211 3473 suum,
228 3383 360 3477 quando
376 3383 550 3454 intervenit
569 3383 793 3452 constituentis
813 3381 933 3471 obitus,
952 3381 987 3452 in
1010 3407 1070 3453 suu
1090 3392 1245 3476 potestate

103 3501 298 3582 perseverat.
324 3493 457 3562 Constat
479 3515 521 3562 ex
540 3491 635 3561 citato
658 3492 732 3583 jure
754 3490 921 3578 Romau03
937 3492 973 3559 in
994 3490 1135 3562 adducto
1156 3493 1246 3564 enim

103 3599 352 3670 Imtitatiorrum
366 3599 570 3691 paragrapho
582 3599 630 3668 sic
641 3598 773 3668 additur
786 3625 794 3666 ε
808 3599 984 3690 deceptam
996 3611 1054 3682 est,
1066 3599 1095 3667 si
1106 3622 1141 3669 ec
1156 3623 1244 3670 mor-

104 3717 165 3772 tuo
178 3707 236 3797 qor'
250 3705 312 3776 tibi
325 3705 554 3788 mandaverat,
571 3718 609 3774 tu
632 3705 788 3796 ipnorcrrs
810 3727 887 3774 evm
911 3703 1075 3775 decessisse
1091 3719 1246 3778 oreretur

98 3811 204 3900 fitero
214 3811 425 3896 mandatum,
439 3835 531 3905 poree
547 3826 579 3882 te
591 3834 688 3904 apere
707 3811 861 3882 mandati
874 3809 1012 3881 actione.
1033 3813 1074 3881 Et
1089 3812 1196 3883 valere
1212 3815 1247 3884 in

101 3916 178 3986 foro
190 3919 398 3990 ecclesiastico
413 3919 502 3990 illam
515 3917 603 4011 juris
628 3919 871 4010 dispositionem
894 3918 1097 3988 concorditer
1112 3921 1246 3991 tradunt

102 4026 296 4114 canonistm3
315 4027 371 4094 sed
385 4049 461 4096 cum
476 4025 611 4096 notabili
625 4026 847 4118 exceptiones
862 4025 1026 4094 Clemente
1042 4025 1171 4096 Vincta
1187 4030 1247 4098 boc

104 4129 226 4199 ruodo:
245 4135 495 4225 Procuratorem
515 4156 536 4202 α
555 4133 710 4214 prelato,
727 4145 860 4214 rectore,
876 4132 927 4200 cel
938 4131 1005 4200 alio
1026 4133 1168 4224 quolibet
1184 4159 1247 4227 pro

103 4237 250 4310 Ecclesia
260 4242 383 4311 maort
395 4241 545 4334 beneficio
561 4241 786 4323 constitutum,
794 4263 857 4332 per
870 4255 1010 4310 mortem
1021 4241 1246 4314 constitueretis
