3056 4972
590 509 666 556 raas
688 509 792 559 rarus.
1200 494 1261 560 189

118 629 177 700 sed
197 629 250 700 rel
268 630 368 723 partis
387 629 557 722 litigantis,
577 631 630 700 vel
651 631 754 723 ipsius
768 630 990 724 procuratoris
1008 657 1015 700 ε
1032 640 1064 702 et
1083 633 1129 702 sic
1144 633 1183 702 de
1199 658 1264 703 cm·

119 739 201 806 teris
216 737 386 830 injudicio
402 737 607 830 perficiendis
620 739 755 808 actibus.

163 846 256 916 Patet
273 845 372 915 etiam
391 868 433 914 ax
451 847 622 938 praemissa
641 846 830 916 delinitione
849 847 1016 940 quomodo
1034 863 1225 940 procurator
1246 873 1266 920 a

120 961 227 1022 tutore
244 963 276 1021 et
291 961 439 1022 curatore
459 951 596 1022 differat.
620 953 705 1022 Nam
722 953 776 1022 isti
797 977 863 1022 non
879 979 898 1022 a
914 954 1038 1046 pupillo
1056 956 1107 1022 vel
1124 957 1263 1044 minore,

119 1061 177 1131 sed
202 1060 326 1151 alege,
357 1062 552 1152 magistratu
575 1061 628 1132 vel
655 1063 808 1132 defuncto
832 1071 982 1133 testatore
1005 1065 1261 1136 constituuntur.

119 1167 318 1238 Procurator
337 1191 416 1237 vero
436 1167 477 1237 ab
496 1168 568 1260 ipso
584 1168 733 1260 litigante
754 1171 948 1239 mandatum
968 1170 1097 1262 accipit,
1119 1172 1151 1239 vi
1170 1173 1265 1266 cujus

118 1275 225 1368 possit
238 1275 308 1366 ejus
324 1275 410 1344 vices
426 1297 535 1366 agere.

167 1387 199 1450 2.
221 1381 386 1472 Distingui
405 1383 509 1452 solent
533 1391 758 1476 procuratores
783 1384 818 1453 in
844 1385 952 1454 varias
976 1384 1098 1477 species
1114 1411 1123 1452 t
1137 1383 1262 1476 primo,

118 1490 205 1558 alius
222 1498 270 1558 ast
283 1489 456 1581 pecualis,
473 1490 531 1581 qui
546 1491 588 1558 ad
604 1491 715 1560 omnia
730 1491 861 1582 negotia
879 1513 1058 1583 omnesque
1077 1491 1165 1578 lites;
1182 1491 1266 1558 alius

118 1597 281 1688 specialis,
303 1599 360 1690 qni
378 1596 420 1665 ad
438 1606 564 1668 certum
588 1597 761 1668 dumtaxat
783 1600 963 1690 negotium,
989 1607 1153 1668 certamve
1174 1599 1265 1666 litem

118 1705 359 1796 expediendam
379 1706 597 1774 constituitur.
616 1705 778 1788 Secundo,
795 1715 985 1798 procurator
1004 1706 1164 1796 gcnmffls
1185 1727 1266 1774 con-

119 1812 267 1880 stituitur
282 1811 334 1881 vel
352 1811 554 1904 simpliciter,
573 1811 625 1880 vel
641 1833 716 1880 rum
730 1811 847 1894 libera,
866 1811 976 1900 idest,
997 1834 1074 1879 cum
1096 1811 1190 1903 plens
1205 1834 1266 1904 po-

120 1927 236 1988 testate
262 1918 380 2009 egendi
407 1919 520 1988 omnia
545 1940 620 2010 qnae
652 1927 757 2010 potest
782 1941 878 2009 agere
908 1918 1073 1987 dominus.
1104 1918 1267 1988 Posterior

119 2025 264 2095 alienare
282 2033 386 2116 potest
401 2026 472 2094 sive
491 2025 626 2094 mobilia
641 2027 710 2096 siva
726 2025 911 2096 immobilia
930 2025 1030 2094 variis
1049 2027 1266 2096 contractibus

124 2133 273 2224 (excepto
292 2139 403 2200 tamen
424 2138 590 2199 contractu
618 2130 827 2223 donationis).
850 2133 944 2202 Prior
961 2133 1102 2202 alienare
1120 2155 1186 2202 non
1206 2155 1265 2224 po-

121 2245 185 2308 test
212 2239 275 2306 nisi
301 2261 340 2306 es
367 2259 442 2329 quse
468 2239 561 2306 brevi
587 2247 848 2332 corrumpuntur
876 2248 908 2309 et
933 2240 1057 2308 servari
1086 2249 1264 2332 nequeunt.

123 2347 244 2426 Tertio,
265 2345 348 2414 alius
369 2354 418 2414 est
439 2344 643 2436 principalis,
658 2367 717 2414 seu
736 2345 777 2414 ab
797 2345 868 2438 ipsc
889 2345 1023 2416 domino
1046 2347 1263 2416 constitutus:

120 2453 208 2521 alius
226 2452 430 2539 substitutus,
450 2451 528 2542 quia
547 2473 701 2543 nempoa
722 2452 894 2544 principali
915 2459 1123 2544 procuratore
1142 2455 1266 2523 consti-

119 2561 238 2630 tuitur.
262 2561 400 2642 (treurto,
422 2558 506 2627 alius
523 2567 571 2627 est
583 2557 760 2649 judicialis,
780 2559 839 2651 qui
856 2558 948 2626 litem
969 2558 1122 2628 mandato
1141 2559 1267 2629 domini

118 2665 301 2757 geremam
325 2666 471 2757 suscipit,
494 2672 526 2734 et
549 2673 720 2757 propterea
738 2677 939 2756 procurator
961 2665 1009 2735 ad
1027 2666 1099 2734 lites
1121 2666 1264 2736 dicitur:

119 2775 209 2844 atius
230 2772 495 2865 extrajudicialis‚
521 2772 579 2864 qui
600 2770 641 2840 ad
663 2773 790 2862 negotia
810 2781 904 2842 extra
920 2771 1082 2863 judicium
1102 2774 1268 2842 tractanda

118 2891 154 2950 et
175 2880 366 2972 explicanda
383 2879 602 2966 constituitur,
622 2887 654 2948 et
674 2889 865 2970 procurator
884 2878 930 2948 ad
944 2880 1075 2971 repotia
1093 2881 1264 2950 salutatur.

118 2987 226 3058 Nobis
246 2987 411 3078 agendum
434 2984 643 3056 solummodo
663 2986 704 3054 de
721 2995 930 3077 procuratore
949 2985 1108 3078 judiciali.
1130 2988 1265 3072 Quinto,

119 3103 351 3186 procuratores
373 3093 430 3162 alii
455 3100 532 3161 sunt
555 3091 745 3182 simpliciter
766 3092 931 3161 constituti
950 3118 958 3159 ε
976 3091 1032 3160 alii
1054 3091 1264 3178 insolidum,

121 3199 158 3270 id
178 3208 235 3286 est,
255 3200 300 3268 ita
314 3207 351 3268 ut
370 3197 507 3291 quilibet
524 3197 625 3289 possit
644 3218 778 3265 causam
794 3197 960 3288 expedire.
980 3196 1018 3265 Si
1038 3197 1149 3288 plures
1164 3197 1267 3290 depu-

120 3317 238 3376 tantur
254 3305 456 3398 simpliciter,
476 3327 563 3374 unns
577 3305 646 3372 sine
666 3303 740 3372 aliis
757 3303 888 3373 admitti
903 3325 970 3372 nou
987 3303 1093 3372 debet.
1111 3305 1146 3372 Si
1165 3305 1269 3396 depu-

121 3423 236 3484 tentur
250 3415 286 3482 in
302 3413 464 3503 solidum,
481 3421 513 3482 et
528 3434 614 3480 unus
628 3433 760 3479 causam
777 3411 1064 3502 praeoccupaverit,
1081 3413 1191 3480 caetcri
1207 3412 1268 3483 hoc

120 3523 197 3613 ipso
219 3521 344 3590 exclusi
367 3526 518 3588 manant:
534 3519 596 3586 nisi
622 3527 729 3586 tamen
753 3519 787 3585 in
809 3516 963 3586 mandato
985 3524 1117 3587 cautum
1140 3519 1265 3608 fuisset,

121 3639 165 3698 ut
182 3649 312 3696 sarisam
332 3649 398 3696 non
418 3633 631 3716 prosequente
652 3647 690 3692 eo
711 3625 767 3714 qui
784 3623 875 3714 prior
894 3646 965 3694 eam
987 3625 1168 3715 occupavit,
1186 3626 1267 3696 atter

121 3735 363 3804 admitteretur.
384 3734 431 3801 lta
452 3753 604 3822 expresse
625 3729 812 3798 Bonilacius
833 3731 910 3800 Vlll
928 3731 1070 3800 decrevit
1093 3732 1206 3822 (eapite
1226 3735 1268 3803 Si

122 3841 192 3911 duo
206 3845 239 3926 6,
255 3840 295 3910 de
307 3837 578 3909 Procuratoribus
589 3839 624 3905 in
638 3841 668 3928 6)
684 3863 690 3906 :
709 3837 749 3905 Si
761 3837 826 3905 duo
838 3850 1068 3928 procuratores
1078 3838 1189 3920 umul,
1201 3864 1267 3912 non

120 3949 256 4039 adjecto
268 3949 302 4016 in
314 3947 470 4030 solidum,
484 3945 692 4038 depreciatur,
705 3967 789 4012 uuus
800 3944 867 4011 sine
878 3945 981 4012 attero
993 3967 1058 4012 nou
1069 3944 1193 4014 debebit
1204 3949 1266 4017 od-

121 4057 227 4126 mittr'.
245 4059 343 4124 Serus
357 4055 386 4122 si
399 4055 463 4121 sint
477 4053 513 4122 in
527 4051 668 4121 solidum
682 4051 850 4119 constituti
857 4075 869 4133 ;
883 4049 940 4119 sed
954 4063 1028 4118 orric
1049 4050 1137 4120 iltius
1152 4055 1268 4123 melior

122 4165 188 4234 erit
203 4161 356 4240 conditio,
375 4160 433 4251 qui
439 4182 500 4252 per
511 4159 577 4226 titis
590 4157 856 4226 contestationem
868 4156 1034 4248 capotium
1042 4157 1199 4248 primitus
1213 4185 1267 4230 oc-

123 4271 272 4366 cupabit.
295 4272 373 4369 Post
391 4267 637 4359 occupatiorem
658 4279 770 4332 cutem
785 4263 989 4353 hujusmodi,
1007 4263 1092 4332 atter
1106 4288 1138 4334 se
1158 4268 1268 4366 iutro-¹¹
