3030 4980
288 451 349 522 532
802 477 908 523 tunes.

375 597 464 662 peritis
477 597 605 660 assignare
624 595 740 647 vicarios
760 611 805 647 een
826 598 1007 664 coadjutores3
1024 601 1051 647 ttt
1066 599 1221 650 constituero
1241 614 1347 652 ‹scono-

375 690 446 728 mum
464 677 491 728 in
505 677 632 728 beneflcio
650 681 757 728 vacante
760 713 1346 732 ...............
1383 686 1424 730 tas

346 759 457 820 ocmtto
476 762 526 808 pes,
545 759 584 808 An
603 759 686 822 possit
704 758 801 822 absque
821 758 929 823 speciali
946 757 1068 810 mandato
1083 759 1201 812 conterre
1220 761 1349 814 beneficia
1494 797 1495 830 p

374 838 518 902 spectantia
532 838 565 888 ad
583 839 749 890 collationem
762 839 885 903 Episcopi
887 875 1346 893 ............
1383 847 1424 892 itt
1494 899 1495 902 Ἰ

345 921 456 982 Quartae
468 923 519 968 37⁸.
535 921 572 970 44
586 919 735 984 parochiam
748 920 866 970 conferre
878 920 964 970 electo
978 919 1005 970 in
1017 933 1147 972 concursu
1160 925 1282 986 unquam
1294 936 1348 974 rna·
1494 911 1495 944 i

374 999 412 1063 gis
424 999 519 1050 idoneo
551 1035 1346 1054 ....................
1382 1008 1425 1052 449
1494 1005 1495 1008 ’

280 1109 350 1162 cte.
366 1109 398 1158 V.
410 1109 447 1158 Ite
458 1107 595 1158 vicariatus
609 1107 737 1172 generalis
751 1107 928 1172 precellentis
967 1145 1347 1160 ..........
1382 1115 1425 1162 444
1494 1113 1495 1138 ¹

281 1219 349 1270 CAP.
363 1218 405 1266 vt.
418 1219 455 1268 De
466 1217 605 1268 vicariatus
619 1219 747 1280 generalis
760 1217 920 1282 expiratione
924 1253 1349 1271 ...........
1383 1226 1426 1270 444
1494 1203 1495 1264 ἶ

344 1301 503 1363 pacatiore.
518 1298 666 1364 Quotupiici
680 1299 758 1350 modo
770 1299 872 1362 expiret
887 1299 983 1350 vicarii
995 1299 1124 1364 generatis
1136 1299 1306 1362 iurisdictio.
1340 1339 1347 1352 .
1382 1306 1427 1352 tte
1494 1301 1495 1312 ³

344 1383 455 1444 suessio
469 1385 505 1430 sa.
519 1383 559 1432 An
573 1379 1264 1445 Viceriusgensraiispossiiabequccausarsvocari.
1299 1417 1306 1428 .
1341 1419 1348 1432 .
1384 1387 1427 1432 444

345 1462 455 1524 Quaestio
470 1465 505 1510 ³¹.
516 1463 554 1512 An
567 1461 670 1511 valcant
680 1464 752 1525 gesta
760 1459 886 1510 aVicsrio
898 1460 1014 1525 generali
1024 1463 1084 1524 post
1095 1465 1205 1512 mortem
1214 1461 1350 1526 Episcopi,

374 1541 418 1592 ssd
433 1541 495 1591 dum
512 1554 582 1590 mors
597 1539 639 1590 illa
651 1541 736 1590 adhuc
749 1540 923 1591 communiter
937 1540 1100 1605 ignoraretur
1133 1579 1348 1592 ......
1384 1546 1425 1592 444

345 1623 456 1686 Quaestio
466 1627 501 1673 tt.
514 1624 553 1673 An
565 1621 667 1672 valeant
680 1625 752 1684 gesta
762 1634 810 1684 per
820 1621 952 1672 Vicurium
967 1621 1115 1684 generalem
1126 1621 1181 1686 jam
1189 1625 1352 1684 revocatum,

373 1703 420 1753 sed
432 1705 569 1766 antequam
583 1701 714 1752 revocatio
728 1701 753 1751 ei
766 1699 882 1752 intimata
895 1699 972 1752 tuerit
1003 1737 1351 1752 .........
1384 1707 1427 1754 444

346 1785 456 1846 Quastio
470 1782 507 1830 5¹.
523 1785 561 1833 An
577 1781 680 1845 expiret
688 1780 835 1846 jurisdictio
850 1780 945 1832 Vicarii
957 1781 1085 1845 generetis
1096 1796 1144 1846 per
1156 1783 1350 1834 revocationem

375 1866 420 1913 aut
443 1865 554 1912 mortem
575 1860 726 1926 delegantis,
741 1861 825 1925 quoad
842 1875 931 1911 causas
948 1860 997 1927 ipsi
1013 1861 1145 1927 delegatas
1163 1863 1216 1912 sive
1239 1863 1273 1914 ab
1291 1863 1352 1928 Epi-

375 1957 466 2008 scopo,
479 1943 532 1992 sive
547 1941 808 2006 aSeuetpostotica.
844 1977 850 1991 .
874 1961 878 1970 ·
885 1977 1351 1996 ............
1385 1949 1428 1994 444

281 2053 352 2104 cte.
367 2051 421 2100 vit.
434 2051 470 2100 De
484 2049 581 2100 Vicarii
599 2049 729 2113 generalis
746 2049 934 2100 sustentatione
968 2085 1351 2102 ..........
1385 2055 1428 2100 444

282 2170 351 2222 (444).
366 2169 432 2218 vili.
445 2165 580 2227 Quomodo
593 2165 736 2230 Episcopus
757 2179 789 2216 ex
803 2165 868 2216 actis
881 2164 978 2216 Vicarii
989 2165 1028 2216 sui
1042 2166 1170 2231 generalis
1179 2169 1307 2218 teneatur.
1342 2205 1350 2218 .
1386 2173 1429 2219 444

346 2247 457 2311 Quaestio
471 2251 506 2297 ta.
522 2251 561 2298 An
574 2247 719 2310 Episcopus
731 2249 851 2296 teneatur
865 2259 897 2295 ex
910 2245 974 2296 actis
986 2249 1012 2296 st
1025 2245 1136 2308 delictis,
1147 2247 1278 2298 eviceris
1292 2261 1351 2311 sno,

378 2333 499 2393 tanquam
513 2327 612 2391 privetu
625 2339 745 2390 persons,
758 2330 830 2378 extra
843 2325 963 2376 vicariaie
976 2326 1092 2376 officium
1105 2327 1183 2392 gestis
1216 2365 1223 2377 .
1258 2365 1264 2376 .
1300 2365 1306 2377 .
1341 2367 1348 2378 .
1387 2335 1429 2380 444

347 2409 459 2472 Quaestio
471 2411 507 2456 2².
518 2408 557 2459 An
572 2406 652 2471 possit
660 2405 804 2470 Episcopus
817 2405 965 2456 rescindere
979 2405 1137 2457 definitivam
1148 2407 1244 2458 Vicsrii
1256 2408 1297 2460 sui
1307 2423 1353 2473 gc·

376 2487 472 2543 ceratis
482 2487 645 2545 senteutiam,
657 2487 836 2536 anticanonice
851 2487 989 2550 prolatam,
1002 2501 1046 2537 ssu
1061 2489 1118 2552 ipso
1128 2489 1187 2553 J’ure
1199 2489 1307 2540 nuliam.
1342 2528 1349 2540 .
1387 2495 1429 2541 444

347 2570 455 2631 caestre
470 2567 507 2617 ³⁸.
520 2572 560 2619 An
574 2567 717 2631 Episcopus
733 2567 817 2631 possit
829 2567 977 2618 rescindere
989 2571 1034 2618 aut
1050 2567 1181 2632 corrigere
1195 2570 1352 2620 sententiam
1494 2555 1495 2574 ¹

377 2647 689 2711 definitivam,aVicario
701 2661 747 2698 suo
761 2647 854 2710 injuste
870 2647 932 2710 (non
946 2649 1035 2698 tamen
1046 2647 1160 2710 nulliter)
1172 2649 1309 2713 prolatam.
1345 2689 1352 2700 .
1387 2655 1430 2702 tts
1494 2679 1495 2692 t

347 2730 458 2792 Quaestio
474 2732 509 2777 sa,
525 2729 563 2778 tn
583 2731 608 2778 et
626 2727 757 2791 quomodo
770 2727 915 2792 Episcopus
928 2731 1047 2778 teneatur
1061 2742 1093 2778 ex
1110 2729 1175 2780 actis
1194 2729 1354 2793 jurisdictio·

376 2810 478 2860 natibus
490 2807 585 2858 vicarii
597 2807 646 2870 sui,
657 2807 896 2871 extra-judicieiiter
912 2809 991 2873 gestis
1009 2846 1351 2862 .........
1388 2817 1429 2860 tte

349 2891 458 2956 occatio
478 2889 514 2939 5¹.
529 2891 568 2940 An
589 2889 719 2952 Episcopo
738 2868 890 2952 immutanda
913 2887 964 2938 sint
986 2889 1083 2941 delicta
1095 2889 1191 2940 vicarii
1213 2891 1355 2955 generalis,

379 2969 560 3024 anticanonice
575 2973 601 3020 et
613 2968 707 3033 injuste
722 2969 925 3019 administrantis
956 3006 1355 3022 ..........
1391 2977 1431 3024 444

349 3053 459 3116 occatio
471 3049 507 3099 6¹.
521 3052 560 3101 An
570 3048 719 3114 Episcopus
732 3051 851 3099 teneatur
865 3048 992 3100 resarcire
1005 3049 1109 3112 damna,
1122 3065 1154 3100 cx
1165 3050 1267 3116 injustis
1278 3052 1357 3104 Vica-

380 3133 412 3184 rii
424 3130 552 3196 generalis
566 3130 665 3180 actibus
679 3134 736 3180 orte
764 3167 1354 3184 ...............
1390 3139 1432 3184 444

287 3251 357 3301 cst).
368 3249 410 3300 nt.
424 3250 466 3300 An
478 3246 596 3298 Viearius
606 3247 736 3311 generalis
750 3247 835 3310 qtroad
850 3247 946 3298 delicte
960 3246 986 3298 in
999 3245 1085 3298 officio
1097 3260 1144 3298 suo
1157 3249 1296 3300 commissa
1308 3264 1358 3315 pa·

350 3329 401 3384 oiri
412 3329 493 3394 possit
504 3328 537 3378 ab
549 3327 678 3392 Episcopo
685 3343 693 3390 ;
707 3331 733 3378 et
745 3327 872 3391 numquid
886 3328 1018 3392 subjaceat
1028 3327 1176 3393 syndioetui
1179 3366 1356 3382 .....
1393 3336 1432 3380 444

320 3412 336 3476 9
354 3412 373 3460 4.
389 3408 534 3473 Exponitur
546 3421 578 3457 ea
587 3407 620 3458 de
635 3421 662 3457 re
675 3406 821 3458 communis
835 3407 971 3458 doctorum
984 3407 1113 3458 sententis
1138 3441 1358 3460 ......
1394 3415 1434 3459 tts

319 3493 336 3556 5
351 3489 494 3549 tionibus
512 3486 704 3538 difficultatibus
723 3486 838 3537 obnoxie
851 3487 967 3538 videatur
978 3488 1107 3539 sententia
1121 3487 1177 3540 baso
1180 3526 1357 3540 .....
1394 3495 1429 3540 tit

319 3575 337 3636 g
352 3572 396 3623 111.
410 3568 476 3629 Quid
491 3566 631 3618 tenendum
643 3567 762 3617 videatur
765 3601 1359 3620 ...............
1394 3575 1433 3621 tes

319 3651 396 3716 §ib
407 3651 473 3700 Num
486 3648 531 3714 qui
544 3647 619 3698 desiit
631 3660 686 3696 esse
698 3647 819 3698 vicarius
830 3645 956 3712 generatis
969 3647 1115 3712 syndicetui
1128 3647 1269 3712 subjaceat
1307 3687 1314 3699 .
1350 3688 1358 3700 .
1394 3655 1430 3699 444

288 3761 359 3811 cti).
373 3757 415 3808 tii.
431 3755 467 3806 De
479 3753 588 3806 vicariis
606 3753 720 3804 forensis
722 3789 1357 3807 ................
1394 3763 1431 3806 sss

321 3841 336 3904 ς
350 3841 370 3890 1.
390 3839 427 3888 bs
441 3849 532 3887 corum
550 3833 649 3898 origine
684 3869 1359 3888 .................
1394 3842 1431 3885 sss

321 3921 338 3984 Q
355 3921 386 3970 ti.
398 3915 464 3976 Quid
478 3913 582 3980 proprie
596 3914 629 3964 sit
643 3913 760 3964 vicarius
777 3913 909 3976 foraneus,
923 3917 1080 3980 etquenam
1100 3914 1184 3979 ipsius
1198 3914 1358 3979 jurisdictio.
1393 3921 1431 3964 444

290 4029 358 4080 0414.
374 4025 416 4076 tit.
429 4025 465 4074 De
477 4021 637 4074 auditoribus
651 4020 838 4087 episcopalium
851 4021 980 4072 curiarum
1015 4056 1358 4074 .........
1393 4028 1431 4074 itt

354 4111 463 4174 04444444
475 4112 511 4161 41.
526 4107 592 4168 Quid
607 4107 659 4158 sini
681 4143 1358 4160 .................
1393 4113 1431 4158 tib

356 4193 468 4256 0444444
481 4191 518 4240 4·.
536 4193 575 4240 An
588 4203 696 4239 necesse
708 4189 741 4239 sit
750 4189 792 4238 vel
803 4188 893 4240 saitem
906 4187 1029 4252 expediat
1040 4187 1163 4238 constitui
1175 4189 1323 4242 auditorem
1332 4191 1360 4242 in

385 4269 681 4338 archiepiscopalicuria
685 4301 1360 4322 .................
1392 4273 1431 4320 444
