3046 4962
265 485 304 549 46
638 494 812 548 reserares
835 501 875 548 nr,
895 501 1030 550 sunrcrra.

266 651 284 690 ιι
307 624 427 717 quibus
442 632 529 716 patet
544 623 696 711 Paulum,
708 646 774 692 non
788 624 828 693 ab
842 625 1049 717 imperatore,
1064 623 1121 694 sed
1136 647 1156 693 a
1170 624 1238 694 Deo
1254 621 1404 692 habuisse

266 739 496 824 «potestatem
526 731 622 801 etiam
646 731 844 818 coactivam3
875 729 969 823 cujus
996 731 1195 802 contrarium
1221 719 1404 822 blasphemi
1512 739 1513 816 g

151 844 154 854 ’
265 847 513 931 «praesumunt
527 837 633 906 dicere
648 838 879 931 supradicti.»
1512 903 1513 930 ,

310 946 497 1014 «Rursum
523 944 695 1014 advertant
718 944 771 1012 isti
797 967 939 1038 nequam
965 945 1127 1034 homines,
1150 943 1315 1039 quommo
1339 967 1404 1013 au·
1512 947 1513 1036 ζ

267 1077 285 1120 ιι
307 1053 385 1121 dent
407 1051 525 1138 dicere,
542 1049 630 1143 quod
646 1050 687 1120 ab
709 1051 906 1142 imperatore
930 1061 1060 1122 terreno
1084 1052 1301 1122 Ecdesiarum
1316 1073 1405 1142 prm·

267 1185 285 1226 ιι
307 1159 364 1228 lati
385 1159 563 1228 coactivam
577 1157 629 1227 rel
652 1157 749 1226 aliam
776 1157 957 1250 receperint
981 1159 1184 1250 originaliter
1200 1165 1403 1250 potestatem,

267 1295 284 1333 ι
304 1290 392 1354 cum,
407 1273 445 1334 ut
460 1287 561 1356 supra
585 1263 709 1333 dietum
735 1274 795 1354 est,
810 1266 1023 1358 imperatores
1043 1289 1147 1358 usque
1163 1266 1204 1334 ad
1219 1264 1406 1336 Constanti·

267 1396 389 1445 cnum
403 1373 461 1461 ΙΙΙ,
478 1372 546 1442 lere
561 1393 675 1440 omncs
695 1371 814 1463 pagani
838 1371 960 1442 fuerint
975 1395 1033 1441 seu
1053 1373 1233 1444 idololatrae
1250 1379 1281 1441 et
1296 1395 1406 1463 perse-
1512 1379 1513 1453 ζ

267 1509 285 1548 ι
307 1489 447 1568 cutores,
463 1481 530 1548 imo
554 1478 835 1567 exterminatores,
852 1489 1012 1572 quantum
1035 1479 1097 1550 luit
1117 1480 1151 1548 in
1176 1481 1236 1568 eis,
1253 1479 1404 1548 Ecclesiae
1512 1475 1513 1542 l

267 1596 426 1658 «sanctae
451 1585 522 1656 Dei.
540 1585 710 1668 Quomodo
726 1607 804 1676 ergo
825 1585 872 1654 illi
890 1587 1010 1656 talibus
1028 1587 1219 1674 coactivam,
1237 1586 1288 1656 vel
1309 1585 1405 1654 aliam

268 1723 286 1762 ιι
309 1701 496 1788 potestatem
522 1692 746 1780 concederent,
773 1693 884 1786 utique
909 1694 1021 1764 nullus
1044 1695 1172 1787 sapiens
1195 1692 1327 1764 credere
1349 1692 1406 1762 de·

269 1829 287 1868 a
309 1804 375 1874 bel.
401 1829 417 1867 n

309 1909 465 2001 Sequitur
479 1917 590 2000 postea
609 1929 763 2000 expressa
783 1907 1008 1979 condemnatio
1021 1918 1091 1980 tum
1109 1908 1222 2001 hujus,
1238 1917 1308 1977 tum
1322 1907 1406 1977 alio-
1512 1925 1513 1968 i

264 2039 339 2086 rum
354 2039 503 2086 errorum
519 2016 580 2084 hoc
597 2014 716 2084 modo:
1512 2015 1513 2084 ἶ

313 2153 330 2190 ι
345 2124 398 2194 Ad
415 2124 543 2194 laudem
556 2131 588 2191 et
601 2123 740 2213 gloriam
756 2133 875 2192 sanctae
889 2134 921 2194 et
934 2124 1118 2196 individue
1132 2123 1313 2210 Trinitatis,
1326 2145 1406 2192 con·

269 2259 286 2297 ι
309 2229 562 2320 relationemque
587 2228 733 2296 fidelium
747 2238 779 2296 et
801 2228 880 2296 fidei
905 2229 1070 2300 catholicae
1092 2231 1348 2322 firmamentum,
1366 2230 1406 2297 de

269 2338 447 2406 «fratrum
463 2345 650 2404 nostrorum
674 2335 821 2422 consilio,
838 2335 898 2404 Dei
921 2337 1070 2406 invocato
1095 2337 1238 2422 nomine,
1254 2335 1407 2405 articulos
1512 2327 1513 2402 ἶ

269 2473 287 2512 ιι
311 2445 495 2537 praedictos,
511 2440 685 2509 videlicet:
766 2440 862 2524 Quod
884 2445 978 2535 Papa
994 2445 1046 2512 oct
1059 2457 1129 2513 tota
1149 2443 1294 2514 Ecclesia
1307 2443 1410 2511 smel

270 2581 287 2620 ι
310 2565 442 2644 sumpto
456 2549 586 2618 trullum
600 2547 765 2616 homonem
781 2561 1081 2643 quantumcumque
1094 2551 1286 2620 sceleratum
1297 2562 1406 2642 potest

269 2687 286 2727 a
304 2659 426 2753 punire
442 2656 618 2749 pernitiem
632 2655 789 2737 coactiva,
805 2657 870 2723 nisi
889 2657 1071 2747 imperator
1083 2656 1178 2726 deret
1201 2659 1245 2726 eis
1261 2657 1407 2726 auctori-

270 2797 288 2836 ιι
311 2780 434 2848 tatem,·
454 2762 545 2833 velut
568 2785 668 2831 sacrae
695 2761 872 2854 Scriptura
894 2765 1085 2853 contrarios,
1103 2776 1134 2834 et
1148 2765 1225 2834 fidei
1240 2763 1407 2834 catholicas

271 2902 288 2941 ιι
311 2874 471 2960 inimicos,
488 2870 655 2938 haereticos
678 2892 734 2938 seu
759 2870 958 2939 hareticoles
985 2885 1015 2939 ct
1039 2895 1208 2955 erroneum·
1231 2895 1356 2941 necnon
1377 2883 1409 2939 et
1512 2859 1513 2940 l

269 3007 287 3047 ιι
310 2980 479 3074 praedictos
496 2975 677 3044 lllarsilium
693 2985 725 3042 et
739 2975 897 3044 loannem
915 2977 1096 3063 haereticos,
1117 2980 1218 3047 immo
1238 2979 1408 3047 haeresiar-
1512 2995 1513 3060 ᾖ

223 3129 225 3134 -
269 3116 288 3155 ιι
311 3088 387 3156 ciras
408 3085 477 3154 iore
491 3083 677 3152 manifestos
690 3093 722 3150 et
739 3084 882 3152 notorios
902 3084 1134 3154 sententialiter
1147 3084 1361 3154 declaramus.
1387 3110 1404 3150 n

279 3283 282 3292 ι
309 3192 404 3263 Unde
425 3199 550 3260 certum
568 3191 703 3259 omnino
727 3198 775 3257 est
801 3191 1146 3283 propositionemque
1174 3191 1323 3260 Ecclesiae
1349 3191 1408 3258 de·
1512 3175 1513 3262 l

267 3310 405 3393 negatur
434 3305 572 3392 potestas
599 3297 784 3384 coercitiva,
810 3306 964 3388 tanquam
991 3296 1175 3367 hereticam
1205 3299 1304 3367 luisse
1321 3298 1408 3390 jam·

267 3409 393 3480 dudum
413 3405 611 3473 damnatam.
1512 3471 1513 3482 ἵ

313 3515 353 3584 ll.
371 3516 475 3582 Breve
492 3512 540 3580 Ob
555 3510 703 3580 caeduae
718 3511 883 3580 Benedicti
904 3511 982 3582 XlV
1003 3512 1044 3580 ad
1066 3513 1254 3600 Primatem,
1273 3513 1408 3582 Archia·

268 3627 416 3718 piscopos
430 3629 461 3689 et
476 3619 653 3710 Episcopus
669 3620 763 3709 regni
779 3619 923 3687 Poloniae
938 3621 1097 3689 directum
1117 3646 1124 3687 :
1512 3613 1513 3636 ³

318 3759 335 3796 ιι
348 3731 436 3800 Licet
452 3726 645 3796 universalis
662 3737 779 3795 uostrae
790 3727 1011 3818 inquisitionis
1026 3728 1165 3814 decreto,
1181 3727 1233 3796 die
1248 3731 1265 3794 5
1278 3727 1409 3818 augusti
1512 3727 1513 3814 j

271 3869 289 3908 ι
311 3839 389 3908 anni
409 3839 491 3903 1753
507 3834 605 3918 edito,
623 3833 789 3902 confixum
813 3832 1067 3927 damnatumque
1091 3834 1189 3903 luerit
1214 3836 1408 3926 opusculum
1512 3833 1513 3922 ξ

271 3972 289 4011 ιι
312 3942 425 4032 gallice
434 3939 557 4008 editum
571 3937 631 4006 hoc
645 3938 737 4007 titulo
750 3967 757 4006 :
770 3939 936 4032 Principes
947 3963 1004 4008 sur
1014 3941 1168 4022 dessence,
1180 3941 1213 4009 la
1225 3940 1410 4009 distinction
1512 3935 1513 4000 3

272 4077 289 4117 a
312 4061 342 4116 et
358 4047 402 4116 les
424 4045 544 4114 limites
559 4042 613 4111 des
634 4042 720 4111 deca
741 4046 930 4137 paraeneses
955 4047 1136 4138 spirituelle
1157 4061 1188 4116 et
1210 4047 1408 4139 temporellc,
1512 4055 1513 4144 i

272 4186 290 4225 ιι
312 4175 455 4244 ouvrape
472 4151 650 4244 posthume
671 4150 1060 4234 depercursorem
1079 4155 1276 4237 soraterra·
1295 4177 1410 4224 rursus
1512 4203 1513 4232 ι

272 4292 289 4334 ιι
313 4277 420 4334 tamen
437 4261 522 4328 idom
537 4257 731 4349 opusculum
746 4260 917 4350 prodiisse,
935 4270 1000 4360 tam
1017 4261 1132 4350 gallico
1146 4285 1244 4354 quam
1260 4263 1410 4354 polonico
