3030 4980
308 492 371 558 tot
681 509 857 559 mersurus
879 509 918 556 nn
940 507 1073 558 muscus.

303 633 532 704 controversia
546 632 689 703 obnoxia
702 642 751 702 est
763 641 820 701 aut
829 653 899 702 esse
914 641 1017 724 potest
1028 629 1115 722 (vide
1128 630 1213 700 inter
1225 629 1307 699 elios
1316 629 1430 700 leuse
1501 667 1502 712 3

305 743 413 828 nium,
429 744 500 811 loco
513 765 612 834 supra
627 741 746 833 citato).

345 847 491 929 Qunsrm
504 851 548 914 θ’.
560 883 605 898 -
616 848 667 916 Aa
677 845 948 938 Metropolitanus
959 845 1151 938 querelaque
1158 847 1262 938 possit
1277 845 1431 913 Vicosium
1501 903 1502 936 3

302 953 484 1044 pecudem
498 955 699 1044 suffraganei
713 951 1126 1033 constitueret-Qumstio
1139 953 1209 1021 haec
1219 952 1318 1020 aliem
1329 952 1432 1020 invol-
1501 939 1502 978 ³

300 1060 361 1148 vit,
376 1082 419 1128 an
432 1081 550 1152 nempe
568 1061 745 1152 Episcopus
758 1067 907 1129 teneatur
921 1059 1091 1128 Vicarium
1107 1059 1292 1148 generalem
1306 1059 1429 1126 babere.

300 1165 455 1234 Dicemus
467 1175 577 1233 autem
589 1166 675 1234 inira
690 1165 773 1252 dari,
785 1165 881 1257 juxte
892 1166 1155 1234 communiorem
1167 1164 1373 1252 senteutiam,
1385 1187 1433 1232 ca-
1501 1233 1502 1238 ,

300 1293 356 1339 sus
373 1271 560 1358 nonnullos,
583 1273 617 1341 iu
637 1273 757 1364 quihus
774 1280 921 1340 tenemur
939 1293 1053 1342 revera
1070 1272 1249 1364 Episcopus
1268 1271 1433 1343 Vicarinm
1500 1243 1502 1380 1

296 1378 481 1468 generalem
500 1379 706 1448 constituere.
724 1379 785 1446 Hic
798 1399 877 1469 ergo
893 1379 1111 1470 supponimus
1124 1399 1238 1448 veram
1258 1399 1328 1445 esse
1346 1377 1432 1445 illam
1501 1385 1502 1458 t

299 1485 507 1571 sententiam,
524 1506 651 1554 necnon
668 1486 793 1553 temari
812 1486 848 1552 in
867 1484 1028 1575 ejusmodi
1047 1485 1176 1554 casibus
1196 1484 1361 1554 dimemim
1379 1483 1435 1550 ali·

297 1614 415 1684 quam;
432 1600 465 1660 et
478 1593 665 1683 negligente
678 1601 756 1661 tunc
767 1592 926 1684 Episcopo
938 1591 1110 1664 vicarium
1122 1591 1309 1682 ffirmalem
1320 1591 1435 1660 cousti-

297 1706 400 1787 tuere,
417 1700 579 1791 queantur
593 1722 673 1768 uum
689 1700 717 1767 is
732 1700 833 1790 possit
847 1721 868 1768 a
881 1699 1130 1791 Metropolitano
1144 1699 1309 1769 constitui.
1323 1697 1434 1789 Sieque
1500 1709 1502 1738 ³

296 1803 510 1875 determinato
521 1806 714 1898 questionis
730 1827 839 1894 seusu,
856 1806 936 1898 quid
951 1807 1117 1876 tenuerint
1128 1806 1274 1875 doctores
1289 1805 1435 1897 praemit-

297 1919 425 1998 temus3
441 1920 514 1980 tum
529 1912 609 2003 quid
622 1911 884 1981 concludendum
900 1912 1049 1981 videatur
1063 1912 1292 1981 indicabimus.
1501 1999 1502 2008 ἵ

342 2019 375 2082 1⁰
387 2017 530 2109 Excepta
540 2039 617 2086 casu
632 2041 698 2110 quo
713 2018 893 2110 Episcopus
904 2027 1055 2088 teneatur
1065 2028 1097 2086 et
1110 2019 1256 2109 negligat
1266 2017 1434 2087 Vicerium
1501 2081 1502 2100 ,

296 2124 484 2213 generalem
504 2125 710 2213 constituere,
732 2126 845 2217 nequit
863 2125 1024 2216 eJusmodi
1044 2125 1194 2194 Vicerius
1213 2147 1233 2192 a
1251 2123 1435 2215 Metropoli·
1501 2109 1502 2120 ¹

295 2237 372 2298 tanc
385 2231 549 2299 constitui.
567 2256 584 2297 e
598 2231 870 2323 Archiepiscopus
883 2231 939 2323 (ait
951 2231 1100 2322 Layman
1111 2233 1146 2299 in
1158 2253 1229 2323 cap.
1241 2234 1392 2299 Romano
1406 2233 1416 2294 1
1424 2281 1432 2314 ,

298 2362 316 2402 c
340 2336 425 2405 tituli
440 2337 479 2405 de
496 2337 612 2428 Officio
634 2339 765 2420 Vicorii,
783 2339 819 2405 in
838 2345 942 2420 sexte,
959 2360 993 2406 n.
1013 2340 1047 2430 1)
1061 2340 1097 2406 in
1109 2339 1302 2408 dioecesibus
1317 2337 1434 2406 suffra-

300 2469 317 2511 «
340 2466 521 2533 ganearum
535 2445 797 2536 jurisdictionem
810 2445 934 2513 nullam
951 2454 1079 2514 exercet
1093 2472 1100 2514 :
1115 2468 1192 2514 cum
1207 2467 1274 2514 non
1286 2446 1328 2513 sit
1338 2443 1434 2534 judex

300 2577 318 2618 e
340 2553 526 2620 ordinarius
546 2552 805 2621 diceceeanorum
826 2552 890 2620 nisi
911 2552 946 2618 in
967 2551 1092 2639 habitu,
1112 2575 1170 2621 seu
1190 2560 1337 2643 respectu
1357 2573 1435 2642 quo-
1500 2561 1501 2650 t

300 2684 317 2723 a
339 2657 495 2726 rumdam
518 2659 759 2746 emergentium
775 2667 967 2746 eventuum,
983 2658 1076 2727 verbi
1091 2659 1209 2749 gratia,
1227 2659 1255 2725 si
1269 2659 1311 2724 ad
1328 2658 1433 2748 ipsum

299 2789 317 2830 a
340 2765 529 2855 appelletur.
552 2766 794 2856 Consequenter
809 2787 875 2833 non
894 2775 999 2854 potest
1013 2766 1287 2857 Archiepiscopus
1303 2765 1338 2831 in
1354 2765 1435 2832 dte-

301 2873 467 2942 acesibus
488 2872 763 2964 Coepiscoporum
792 2871 952 2940 Officiales
975 2881 1031 2940 aut
1052 2872 1178 2964 judiees
1205 2893 1316 2940 creare
1342 2893 1435 2961 super

301 3007 319 3047 a
341 2978 446 3048 causis
458 2980 494 3045 in
508 2978 660 3047 futurum
673 2979 917 3068 emergentibus
937 3005 944 3046 :
961 2981 1039 3071 quia
1050 2979 1120 3048 haee
1134 2979 1293 3047 institutio
1309 2977 1435 3046 Officia·
1499 2995 1500 3000 ’

301 3113 319 3154 a
342 3087 425 3154 lium
439 3085 480 3153 ad
492 3107 547 3154 eos
558 3086 689 3176 proprie
702 3089 852 3176 pertinet,
866 3087 925 3178 qui
937 3085 1097 3155 actualem
1110 3087 1145 3154 in
1160 3087 1230 3155 loco
1240 3085 1435 3176 jurisdictio·

303 3219 320 3261 a
343 3215 420 3262 nem
436 3192 582 3262 obtinent
597 3202 630 3260 et
643 3202 808 3262 exercent.
825 3219 842 3260 s

346 3327 364 3368 e
379 3301 464 3368 Sane
478 3323 497 3366 a
510 3299 636 3368 fortiori
651 3301 707 3390 (eit
721 3299 912 3392 Leureuiue)
930 3301 1009 3369 hinc
1023 3301 1169 3392 sequitur
1185 3322 1252 3369 uon
1266 3321 1361 3392 posse
1377 3303 1436 3368 Ar-

303 3434 322 3476 e
343 3407 584 3498 chicpiscopum
603 3408 638 3474 in
658 3407 752 3474 dictis
772 3406 965 3477 dioecesibus
984 3409 1180 3477 constituere
1195 3407 1369 3478 Vicarium
1384 3431 1437 3498 ge·

303 3541 322 3583 a
344 3513 489 3583 neralem
501 3513 663 3605 Episcopi,
677 3535 734 3581 scu
746 3515 952 3583 committere
966 3515 996 3583 ei
1007 3516 1255 3584 universitatem
1266 3537 1436 3584 causarum

304 3649 322 3692 a
344 3621 558 3715 spectantium
578 3621 619 3687 ad
636 3621 897 3711 jurisdictionem
916 3622 992 3690 dicti
1007 3623 1205 3715 Episcopi.»
1227 3625 1287 3713 (De
1309 3621 1439 3690 Vicuriis

301 3732 426 3822 Epist„
443 3749 513 3818 cap.
535 3731 567 3815 1,
583 3749 616 3818 q.
633 3727 702 3818 23.)

345 3844 378 3905 2ο
395 3837 430 3904 Si
452 3843 562 3903 tamem
582 3833 761 3926 Episcopus
782 3844 930 3904 teneatur
944 3846 976 3905 et
995 3837 1140 3928 negliget
1155 3837 1326 3908 Vicarium
1341 3859 1437 3928 gene·
1497 3885 1498 3935 ,

295 3943 398 4013 ralam
420 3941 627 4026 constituere,
655 3941 836 4009 docueruut
860 3943 1007 4010 nonnulli
1034 3945 1209 4013 canonistas
1235 3967 1329 4034 posse
1360 3965 1432 4012 aum

300 4051 452 4120 constitui
467 4071 487 4116 a
501 4047 760 4138 Metropolitano.
783 4075 800 4114 e
813 4050 878 4117 Ubi
893 4059 1003 4119 tamen
1020 4051 1202 4144 (subjungit
1218 4053 1336 4121 citatus
1354 4053 1436 4120 leu-

302 4182 320 4224 e
343 4156 468 4244 senius)
480 4154 657 4244 Episcopus
667 4153 846 4244 negligeret
857 4157 1050 4223 constituere
1062 4157 1247 4244 Vicerium,
1262 4159 1321 4227 ubi
1329 4159 1371 4225 ad
1381 4160 1436 4226 hoc

300 4291 318 4333 c
342 4269 516 4348 teneretur,
537 4269 639 4352 potest
660 4268 692 4328 et
713 4261 808 4328 debet
823 4261 1089 4352 Metropolitanus
1107 4263 1280 4354 prefigere
1303 4266 1352 4334 illi
1376 4277 1436 4333 ter-
