3030 4980
666 499 841 548 tutemus
863 502 902 548 BE
925 501 1059 548 sumens.

810 802 904 894 gv.

318 989 358 1038 An
374 991 401 1040 ct
415 989 442 1040 in
459 990 517 1042 otiis
538 997 632 1058 proter
648 993 822 1060 episcopalem
846 993 924 1046 curiis
946 993 1131 1047 cccctcicsticic
1152 995 1286 1048 Promotcr
1302 994 1398 1048 fiscalis

727 1085 760 1136 sit
776 1083 993 1136 constituendus?

331 1274 564 1348 Adnotcndum
584 1279 637 1348 hic
653 1282 829 1367 voluimus,
845 1303 912 1352 non
935 1289 1061 1352 tontum
1076 1282 1111 1351 in
1127 1281 1291 1374 Episcopi,
1308 1281 1428 1350 Archi-

288 1382 510 1478 cpiscopiquc,
542 1387 713 1477 PrimatiS,
743 1399 774 1458 ct
804 1389 1004 1459 Potricrchae
1036 1390 1145 1476 curia,
1174 1412 1242 1458 csse
1272 1389 1427 1458 Fiscalcm

287 1491 561 1580 constituendum,
579 1495 634 1563 scd
660 1505 690 1565 ct
715 1497 749 1565 in
775 1496 921 1567 Concilio
946 1497 1150 1590 provinciali,
1169 1497 1306 1588 aliisque
1332 1495 1428 1564 curiis

288 1598 520 1669 ecclesiasticis.
536 1602 619 1671 Nom
641 1613 672 1672 ct
688 1604 734 1672 ibi
750 1627 948 1696 magnopere
966 1604 1110 1696 expedit,
1127 1613 1164 1672 ut
1179 1603 1253 1697 quis
1268 1626 1308 1671 cx
1325 1601 1428 1672 officio

288 1706 385 1775 instet
411 1730 470 1800 pro
492 1709 602 1800 legum
625 1712 912 1782 ecclesiasticarum
940 1712 1175 1800 observatione,
1196 1721 1228 1780 ct
1250 1719 1428 1800 transgres-

290 1815 419 1883 sionum
435 1815 610 1885 vindictam
630 1819 769 1910 juridice
784 1827 1008 1913 persequatur.
1033 1820 1075 1888 Et
1090 1820 1222 1911 quando
1237 1841 1345 1888 causae
1367 1819 1428 1887 cri-

291 1920 426 1992 minales
443 1923 478 1992 in
502 1925 664 2017 ejusmodi
678 1928 778 1996 curiis
799 1928 1010 2020 expediendos
1032 1937 1121 2014 sunt,
1138 1927 1249 1996 ecdem
1272 1935 1321 1996 ost
1346 1950 1382 1995 cc
1397 1927 1429 1994 in

290 2032 380 2099 curia
406 2033 580 2124 episcopali
611 2035 811 2105 Promotoris
845 2035 964 2104 fiscalis
1005 2035 1187 2124 necessitas,
1220 2042 1317 2126 atquc
1347 2032 1429 2101 idem

292 2135 446 2207 officium.

811 2338 914 2431 §vi

523 2527 589 2590 Quid
605 2526 657 2580 sint
673 2527 793 2580 advocati
808 2527 920 2580 discolos
941 2529 1096 2595 episcopatis
1113 2529 1200 2582 curto.

337 2727 532 2816 Contingcrc
547 2732 770 2818 potestates<
783 2749 956 2797 causarum
979 2727 1080 2797 nimio
1103 2749 1255 2814 numero,
1270 2727 1377 2796 aliave
1398 2726 1435 2796 dc

294 2857 403 2920 causa,
420 2833 592 2902 Promotor
611 2833 728 2902 fiscalis
753 2843 892 2926 nequeat
914 2835 1131 2927 perseipsum
1153 2843 1356 2926 opportunas
1378 2858 1436 2925 pro

295 2949 385 3032 parto
400 2941 485 3010 Fisci
505 2940 707 3010 defensiones
728 2964 837 3011 coram
860 2941 1014 3011 tribunali
1038 2963 1203 3034 peroraro.
1218 2941 1305 3009 Hinc
1325 2943 1389 3009 sibi
1405 2943 1437 3007 in

294 3046 456 3116 auxilium
481 3058 573 3117 vocat
599 3057 773 3140 patronum
800 3049 871 3117 sive
894 3047 1104 3135 advocatum,
1126 3047 1184 3138 qui
1210 3070 1253 3116 cx
1280 3048 1343 3116 hoc
1369 3049 1438 3138 ipso

296 3152 471 3222 advocatus
486 3154 606 3222 fiscalis
620 3154 750 3223 dicitur.
762 3155 813 3222 Ex
827 3155 929 3224 libera
940 3164 1048 3224 autom
1060 3155 1210 3246 Episcopi
1226 3152 1439 3244 dispositione

296 3259 427 3354 pendet,
448 3271 486 3329 ut
505 3263 533 3329 is
553 3262 653 3352 possit
676 3284 735 3352 pro
757 3261 893 3330 arbitrio
913 3262 1113 3330 Promotoris
1137 3261 1255 3329 fiscalis
1279 3260 1371 3350 eligi,
1389 3261 1440 3329 vel

297 3369 468 3438 dumtaxat
490 3369 576 3438 inter
595 3378 699 3438 certos
727 3367 899 3460 quosdam,
921 3390 981 3458 pro
1004 3365 1166 3459 ejusmodi
1190 3365 1297 3436 officio
1318 3389 1439 3458 appro-

297 3477 400 3546 botos.
