3030 4980
542 478 617 528 eres
643 471 793 528 summa.
1169 457 1229 525 131

98 607 193 672 rant
216 600 251 670 in
272 599 370 670 aliam
395 607 595 671 commutare
621 609 738 694 potest,
761 600 929 693 multoque
953 598 1064 670 minus
1091 600 1233 693 recipere

99 709 397 802 «compositiones,
421 731 519 800 super
547 709 696 779 omnibus
724 708 997 778 criminibus...»
1024 707 1232 800 (Lenranius,

95 819 164 888 loco
178 818 248 905 cit„
263 841 298 910 q.
318 817 406 906 153.)
423 816 508 886 Vide
523 815 620 886 etiam
635 824 782 886 suctores
792 839 814 884 a
827 816 923 887 citato
938 817 1099 889 munnio
1112 817 1234 887 ibidem

95 924 262 995 adductos.

138 1031 282 1114 Quane
294 1035 365 1100 20².
376 1067 420 1086 -
429 1032 480 1100 An
491 1031 595 1120 possit
606 1029 726 1122 absque
735 1030 869 1123 speciali
879 1029 1039 1100 mandato
1052 1053 1237 1124 commorere

95 1151 126 1207 ct
139 1137 295 1231 judicare
309 1160 425 1208 caenas
443 1137 729 1206 matrimoniales?
742 1175 787 1191 -
801 1137 985 1228 Loquimur
999 1137 1052 1206 bic
1067 1137 1107 1206 de
1128 1139 1235 1208 causis
1299 1223 1315 1234 Ι,

95 1244 386 1314 matrimonialibus
396 1265 472 1335 qum
483 1242 659 1312 ordinaria
675 1242 827 1334 Episcopi
844 1241 1063 1333 jurisdictioni
1077 1243 1232 1332 subsunt3

94 1375 160 1421 uon
173 1361 283 1422 numm
302 1351 344 1420 de
364 1351 405 1420 iis
424 1371 500 1442 quse
517 1371 536 1418 a
551 1349 640 1442 Papa
654 1349 823 1441 Episcopis
839 1349 1039 1440 delegantur.
1058 1350 1130 1433 Quo
1146 1375 1236 1443 pra-

95 1465 217 1546 uotato,
234 1457 468 1549 respondemus
486 1459 517 1524 1·
530 1478 738 1526 communem
751 1477 821 1525 esse
836 1455 1005 1526 doctorum
1027 1459 1233 1548 munatium,

96 1585 188 1658 posse
200 1587 314 1634 musas
328 1563 582 1633 matrimoniales
594 1586 614 1633 a
627 1563 759 1634 Vicario
772 1563 916 1653 generali
928 1564 1091 1656 expediri,
1105 1564 1179 1637 dato
1194 1569 1236 1636 ad

93 1672 156 1741 hoc
169 1671 301 1764 speciali
311 1670 353 1739 ab
365 1671 524 1762 Episcopo
540 1669 704 1740 mandato.
717 1669 783 1738 Nec
795 1669 925 1738 obstant
937 1672 1037 1741 verba
1052 1671 1236 1743 Tridentini

97 1780 186 1870 (sess
206 1782 261 1865 2⁴,
275 1799 345 1870 cap.
362 1781 419 1865 20,
430 1776 469 1846 dc
483 1776 585 1869 liet),
596 1797 704 1846 causa
718 1777 980 1846 matrimoniales
991 1791 1022 1846 et
1036 1779 1233 1864 criminales,

93 1909 162 1954 non
177 1887 308 1968 Decani,
327 1883 558 1954 Arcltidiacnni
577 1897 636 1952 ant
659 1883 802 1952 aliorum
816 1885 1010 1974 inferiorum
1025 1886 1166 1977 jndicio,
1182 1889 1239 1958 sed

94 1993 251 2086 Epr‘scapi
264 2005 397 2062 tarmen
417 1991 565 2063 examini
585 2005 616 2060 ct
636 1991 866 2082 jurisdictioni
887 1993 1118 2085 relinquantur
1133 2023 1144 2064 .·
1160 2019 1236 2066 nam

94 2103 135 2170 iis
163 2100 273 2170 verbis
300 2099 522 2168 excluduntur
544 2097 676 2190 quidem
701 2121 721 2166 a
747 2100 1035 2170 matrimonialium
1063 2125 1236 2174 causarum

93 2209 278 2298 cognitione
304 2206 574 2288 Archidamum,
593 2214 626 2274 ct
648 2205 706 2273 alii
728 2207 785 2298 qui
807 2205 975 2276 diversum
1000 2210 1041 2278 ab
1063 2211 1237 2303 episcopali

94 2314 239 2383 tribunal
262 2315 396 2400 habent,
419 2320 615 2381 nouantem
639 2311 791 2382 Vicarius
814 2315 987 2402 generalis,
1003 2317 1061 2407 qui
1088 2327 1236 2388 censetur

92 2443 194 2492 unam
209 2428 241 2492 et
254 2420 403 2490 eamdem
422 2441 497 2488 cum
513 2419 673 2510 Episcopo
690 2440 863 2510 personam
883 2443 990 2510 agere.
1009 2423 1078 2492 lmo
1092 2447 1152 2516 per
1165 2426 1235 2495 bac

94 2531 196 2598 verba
224 2551 292 2597 non
319 2525 512 2619 prohibetur
536 2525 718 2617 Episcopus
743 2525 848 2594 dictas
872 2549 985 2598 causas
1013 2529 1106 2600 alteri
1136 2555 1236 2624 quam

92 2637 227 2706 Vicario
249 2634 392 2726 genemi
416 2631 584 2722 delegare3
602 2631 658 2700 sed
680 2631 871 2723 prohibetur
889 2634 1061 2704 dumtaxat
1082 2659 1125 2705 ne
1148 2639 1237 2707 ullus

91 2745 179 2814 alius
198 2745 233 2813 vi
254 2741 396 2834 propria
420 2762 489 2809 suaa
507 2738 755 2830 jurisdictionis,
768 2761 824 2808 eas
843 2751 1016 2831 cognoscat
1033 2770 1041 2811 c
1057 2765 1136 2834 ergo
1155 2745 1238 2838 Epi-

90 2873 211 2945 scopus
225 2849 343 2943 poterit
356 2871 375 2916 a
389 2847 516 2916 fortiori
529 2869 585 2915 eas
600 2845 731 2916 Vicario
750 2869 810 2917 suo
824 2851 1035 2919 committere.

140 2962 176 3026 2·
188 2957 294 3026 Etiam
310 2955 379 3024 sine
394 2953 525 3046 speciali
550 2951 714 3040 mandato,
736 2977 829 3046 posse
850 2978 963 3025 causas
983 2959 1235 3031 matrimoniales

90 3087 113 3134 a
128 3064 261 3135 Vicario
275 3060 420 3154 generali
434 3059 595 3152 expediri,
611 3067 659 3128 cst
677 3062 884 3131 communior
896 3072 928 3131 et
947 3065 1145 3154 probabilior
1158 3069 1235 3138 doc-

89 3181 205 3242 torum
218 3170 386 3240 sententia.
403 3167 500 3260 (Vide
514 3166 726 3252 Leurenium,
743 3168 813 3237 loco
826 3169 932 3253 citato,
951 3193 1021 3263 cap.
1042 3175 1074 3261 3,
1091 3198 1124 3266 q.
1144 3179 1232 3271 160.)

88 3279 178 3348 Nam
191 3277 295 3346 citatis
309 3273 493 3344 Tridentini
506 3273 628 3360 verbis,
643 3275 800 3366 Episcopi
817 3287 951 3344 tantam
973 3281 1122 3349 reamini
1133 3283 1235 3354 relin-

87 3398 254 3478 qaantnr,
267 3406 333 3453 nou
347 3382 492 3469 excludi,
507 3380 565 3449 sad
576 3381 700 3449 includi
714 3382 895 3452 censendus
907 3393 956 3452 est
970 3387 1121 3459 Vicarius
1135 3414 1234 3482 gene-

88 3493 185 3579 ralis,
200 3493 243 3560 ob
264 3491 420 3560 unitatem
442 3488 615 3556 tribunalis
629 3510 704 3556 cnm
727 3489 896 3581 Episcopo.
918 3491 1015 3583 (Vide
1037 3497 1234 3570 cardinalem

87 3602 202 3684 Petra,
218 3607 297 3666 tom.
322 3600 356 3684 2,
372 3597 407 3663 in
425 3597 535 3664 Const.
555 3599 573 3662 d
590 3593 770 3663 Aleaandri
783 3597 845 3678 111,
862 3607 940 3666 sect.
956 3602 988 3687 2,
1002 3622 1036 3668 n.
1055 3604 1100 3694 8.)

138 3709 239 3778 Nota.
264 3704 318 3774 Ad
341 3725 454 3772 causas
478 3702 731 3770 matrimoniales
753 3704 841 3793 qnod
869 3704 994 3794 attinet,
1010 3731 1085 3800 quae
1107 3733 1127 3778 a
1148 3712 1237 3807 Papa

87 3814 254 3906 Episcopo
273 3811 475 3899 delegantur,
492 3808 693 3899 disputatum
718 3808 851 3900 quidem
874 3820 934 3900 est,
950 3835 1031 3882 num
1053 3827 1160 3907 posset
1180 3843 1235 3890 eas

88 3922 273 4013 Episcopus
290 3917 418 3988 Vicario
440 3915 584 4006 generali
598 3915 817 4007 expediendas
835 3919 1046 3990 committere.
1064 3923 1129 3992 Sed
1146 3927 1237 3997 affir-

86 4027 215 4096 mative
250 4022 512 4116 respondendum
552 4043 628 4090 cum
652 4021 778 4091 abbate
816 4024 1060 4115 Panormitano,
1088 4030 1235 4123 Laynrau

90 4143 124 4202 et
150 4130 321 4220 Pirrhiug,
344 4127 420 4198 vide
442 4127 529 4219 apud
556 4127 754 4198 Laurenium
781 4128 832 4220 (de
852 4131 987 4202 Vaccis
1011 4135 1136 4225 Epire„
1153 4163 1182 4208 c.
1201 4146 1234 4228 3,

94 4240 186 4334 160).
217 4237 311 4306 Ratio
338 4237 426 4306 enim
453 4235 617 4327 opinionis
647 4237 817 4305 contrariae
851 4240 984 4328 (censeri
1015 4265 1132 4336 nempe
1160 4247 1236 4342 eligi
