3056 4972
302 464 364 528 226
670 481 844 528 1111111110
868 483 1061 529 1111011111.

301 625 413 672 eorum
427 601 555 696 dr'sporri
569 600 716 684 debeam,
732 601 894 671 ordinare.
916 606 978 670 Pro
994 625 1060 694 quo
1076 625 1111 670 re
1134 602 1193 672 tibi
1211 603 1437 694 precipimus,

300 723 459 804 quatenus
478 733 554 778 cum
576 712 696 778 Fausto
714 709 805 801 loqui
819 709 933 780 debeas
940 736 953 794 ,·
967 712 1022 780 cui
1039 711 1078 802 (si
1095 711 1244 800 volume)
1263 711 1440 779 constituto

299 819 432 900 solorio,
461 818 652 886 monasterii
677 817 868 909 qeneroliter
892 817 1005 887 debeas
1030 817 1162 910 nepotis
1193 817 1437 886 commendere.

299 925 443 1017 Erpedit
456 925 541 994 enim
557 947 623 1016 pro
639 947 746 1017 porco
769 925 973 994 incommodo
988 947 1010 994 o
1024 925 1162 1017 strepitu
1177 947 1354 994 causarum
1368 947 1442 992 ser-
1505 929 1506 968 ³

298 1057 353 1102 cos
365 1033 426 1101 Dei
435 1055 498 1101 esse
509 1032 642 1124 quietos.
655 1031 779 1123 (Capite
790 1033 898 1118 unico,
911 1033 999 1102 tituli
1012 1032 1177 1118 selibris
1191 1033 1439 1123 Decretslium.}
1505 1049 1506 1070 t

344 1145 376 1209 7.
387 1141 469 1210 Cum
484 1146 591 1207 temen
604 1138 759 1230 praedicte
770 1138 937 1208 decretalis
952 1139 1086 1208 suadent
1102 1147 1241 1225 tanturn,
1251 1161 1316 1208 non
1327 1151 1441 1210 autem

298 1247 443 1337 rigorose
457 1245 635 1337 praecipist,
651 1253 688 1313 ut
701 1246 736 1313 in
751 1252 995 1337 procuratorem
1011 1268 1108 1316 suum
1123 1247 1371 1316 communitates
1385 1271 1442 1314 re-

298 1355 422 1445 ligiosae
432 1360 623 1422 extraneum
633 1360 800 1422 assumant
807 1353 895 1440 ;imo
907 1375 981 1422 oum
991 1375 1056 1422 non
1068 1353 1113 1422 ita
1121 1353 1274 1446 loquetur
1285 1353 1442 1423 laudatus
1506 1341 1507 1422 1

298 1460 451 1530 Pontifex
466 1459 527 1528 nisi
541 1460 577 1526 in
590 1481 667 1528 essu
689 1459 789 1550 parvi
808 1459 1016 1543 incommodi,
1033 1483 1074 1528 er
1095 1469 1263 1552 assumpto
1283 1469 1442 1530 extraneo

298 1567 427 1652 orituri,
445 1567 591 1658 sequitur
607 1563 742 1634 vetitum
766 1587 831 1634 non
847 1589 916 1634 esse
937 1567 1150 1637 conventibus
1171 1577 1204 1636 et
1220 1569 1439 1654 monasteriis,

298 1672 479 1765 praesertim
494 1673 521 1739 si
535 1672 684 1741 notabilis
695 1671 771 1742 inde
782 1673 861 1764 ipsis
872 1682 1011 1764 exurgat
1025 1675 1164 1762 utilitas,
1173 1673 1362 1765 religiosum
1376 1697 1441 1766 pro

299 1780 356 1848 tuli
368 1779 476 1849 officio
492 1778 658 1871 deputare.
674 1779 768 1862 Quod
784 1789 943 1870 praeteres
956 1790 1080 1851 certum
1094 1781 1218 1850 fecium
1242 1781 1338 1850 multi
1351 1782 1442 1873 juris

298 1887 382 1956 sacri
400 1895 506 1956 textos
525 1913 532 1954 :
548 1885 707 1956 scribebat
726 1887 832 1956 Priori
853 1896 885 1956 et
906 1887 1074 1957 Fratribus
1099 1887 1134 1957 S.
1153 1889 1335 1977 Trinitatis,
1351 1912 1441 1958 anno

301 1997 399 2078 1180,
415 1992 581 2082 Eugenius
595 1990 641 2059 111
660 2019 667 2060 :
687 1995 823 2084 Insuper
835 1993 1022 2078 1111011100,
1038 2006 1076 2063 ut
1090 1995 1184 2063 liceat
1202 1995 1441 2064 0061111111-

299 2102 342 2170 sis
357 2099 506 2170 Ecclesiee
522 2112 634 2168 cestre
651 2101 738 2189 serre
759 2100 1001 2184 testimonium;
1017 2100 1196 2170 dummodo
1221 2125 1441 2172 0111111100-

300 2205 1441 2302 bisvelduoedopendumetrespondendumimtituentur:quorum
1508 2199 1509 2206 ¹

300 2315 522 2385 testimonium
545 2313 581 2380 irs
602 2314 708 2381 conns
729 2313 764 2380 in
786 2314 902 2404 quibus
925 2327 1050 2384 actores
1071 2316 1123 2384 cel
1144 2316 1340 2407 responsales
1361 2333 1442 2386 sum

298 2422 443 2492 imtituti
457 2443 523 2489 nore
537 2417 627 2488 debet
648 2418 792 2489 admitti.
810 2421 860 2511 (C.
879 2426 1015 2514 Insuper
1031 2425 1084 2509 16,
1100 2421 1140 2491 de
1156 2425 1183 2490 Τ
1180 2423 1323 2514 estibus.)

342 2531 440 2598 Anno
465 2530 562 2614 1200,
579 2527 788 2596 Innocentius
802 2527 848 2596 III
870 2527 1074 2615 decernebat,
1091 2529 1209 2620 injuste
1233 2551 1252 2597 e
1271 2529 1442 2621 judicibus

299 2660 364 2706 non
380 2635 479 2726 recipi
501 2633 542 2701 ad
557 2632 720 2724 egendum
737 2642 768 2701 et
781 2634 1044 2725 respondendum
1060 2657 1119 2727 pro
1134 2637 1273 2726 negotiis
1286 2637 1354 2704 suis
1370 2637 1442 2706 liti·

299 2743 401 2835 giosis
414 2739 583 2832 cujusdam
599 2739 732 2808 Ordinis
746 2740 888 2830 religiosi
904 2741 1030 2810 fratres.
1046 2742 1095 2833 (C.
1112 2744 1199 2811 Cum
1213 2741 1367 2833 deputati
1383 2747 1439 2831 16,

299 2851 387 2920 tituli
405 2852 436 2935 1,
451 2847 527 2916 libri
541 2852 560 2914 1
578 2846 719 2936 Deerat.)

343 2958 505 3027 Consonat
520 2953 691 3022 concilium
707 2952 891 3043 Agathenso
904 2955 948 3023 its
959 2963 1120 3024 statuens:
1136 2955 1298 3026 Similiter
1308 2970 1347 3025 ut
1362 2959 1442 3026 mil-

300 3065 349 3132 les
365 3083 490 3144 eorum,
507 3059 544 3128 id
566 3072 623 3143 est,
641 3059 888 3144 monoclerum,
903 3063 1040 3152 forensis
1061 3061 1184 3154 negotii
1209 3075 1374 3154 smeeptor
1392 3065 1446 3133 vel

301 3183 450 3240 executor
463 3169 594 3252 1111111,
615 3168 680 3236 nisi
693 3167 785 3259 qood
796 3171 987 3237 monosterii
1002 3169 1144 3262 exposcit
1158 3170 1299 3252 utilitas,
1316 3170 1444 3239 Albete

301 3279 362 3348 sibi
374 3277 590 3347 nihilominus
601 3275 795 3366 imperante.
810 3275 952 3366 (Conone
968 3276 1123 3346 Menoetii
1134 3278 1189 3363 35,
1202 3277 1395 3366 quaestionis
1409 3281 1441 3364 1,

302 3407 407 3456 causee
430 3384 495 3474 16.)
514 3382 734 3452 confirmatur
750 3383 885 3473 insuper
899 3383 1058 3452 constanti
1083 3384 1260 3452 multorum
1285 3383 1445 3454 ordinum

304 3491 531 3582 religiosorum
546 3489 653 3582 praxi,
671 3489 740 3579 qui,
759 3511 824 3556 non
839 3498 1021 3576 extraneos,
1040 3489 1095 3558 sed
1113 3491 1164 3558 sui
1177 3489 1302 3557 ordinis
1322 3489 1443 3560 fratres

305 3606 528 3694 procuratores
552 3596 762 3664 constituunt.
790 3597 911 3664 Contra
935 3596 994 3664 hos
1024 3605 1131 3664 antem
1163 3619 1229 3664 non
1258 3596 1445 3666 admittitur

306 3706 451 3798 exceptio
480 3727 500 3772 a
527 3701 762 3788 tribunalibus,
792 3726 834 3770 ex
869 3725 906 3772 eo
944 3703 1012 3771 solo
1044 3703 1138 3772 titulo
1173 3702 1260 3795 quod
1298 3704 1446 3795 religiosi

307 3817 382 3882 sint.

351 3926 380 3988 8.
397 3916 647 3988 «Commuuitas
663 3917 840 3985 necessario
849 3917 943 3986 debet
955 3919 1148 3986 constituere
1159 3919 1345 4009 syndicum.
1357 3920 1444 3989 Cum

310 4054 326 4094 1
350 4027 437 4094 enim
462 4022 679 4117 perseipsum
701 4046 760 4090 nec
778 4024 953 4092 convenire
973 4047 1032 4092 nec
1052 4026 1220 4093 conveniri
1242 4026 1358 4115 possit,
1384 4050 1446 4096 ne-

312 4163 327 4200 1
351 4132 526 4202 cessarium
542 4131 676 4199 omnino
691 4137 738 4196 est
753 4131 902 4198 constitui
917 4131 1059 4223 aliquem
1070 4132 1128 4224 qui
1142 4131 1243 4222 ipsam
1258 4153 1446 4224 represen—

311 4271 328 4316 e
351 4233 407 4329 tet,
418 4248 450 4306 et
462 4239 533 4331 ejus
547 4261 660 4307 causas
675 4238 708 4306 in
721 4237 842 4328 judicio
859 4247 1083 4330 persequatur,
1094 4246 1126 4306 et
1138 4239 1166 4306 is
1177 4247 1222 4306 est
1238 4239 1407 4328 syndicus.
1423 4269 1441 4306 1
