3030 4980
290 459 351 522 tlt
663 475 839 523 raimerus
861 476 900 522 na
923 475 1056 524 runicus.

289 598 415 668 minum
435 596 614 666 vindictam
636 617 746 666 coram
773 596 930 666 tribunali
952 595 1164 668 ecclesiastico
1189 597 1350 690 persequi.
1375 598 1425 666 Ex

287 727 352 798 quo
370 705 448 774 satis
467 713 554 797 patet
572 703 686 796 quanti
705 705 860 774 momenti
877 704 918 773 sit
935 703 1146 774 commissum
1160 705 1224 796 ipsi
1240 727 1373 774 munus.
1389 707 1424 774 ln

288 835 353 904 quo
381 820 467 882 certa
488 811 664 904 explendo,
694 813 722 880 si
752 810 958 904 negligenter
987 835 1055 884 sese
1082 812 1229 904 gesserit,
1261 819 1359 904 atque
1385 835 1425 882 ax

287 919 357 1011 ejus
375 919 471 1011 culpa
487 941 545 1012 per
564 918 729 988 dioecesim
745 927 843 1012 atque
861 920 897 988 in
916 922 1002 990 clero
1019 921 1120 990 libere
1140 927 1328 1011 grassentur
1347 919 1425 990 vitia

287 1034 319 1094 et
339 1025 502 1114 mandale,
530 1026 594 1119 ipsi
622 1049 732 1096 coram
757 1049 909 1119 supremo
930 1025 1040 1120 judica
1063 1027 1191 1096 Christo
1214 1027 1425 1119 imputabitur

285 1131 436 1230 collapsa
456 1132 651 1226 discipline,
670 1134 930 1204 conculcaturum
950 1133 1237 1204 ecclesiasticarum
1256 1133 1380 1225 legum,
1397 1142 1426 1203 ct

283 1239 484 1332 perditarum
498 1241 574 1310 inde
593 1242 778 1310 ammarum
790 1241 900 1312 ruina.
916 1240 1095 1332 Eligendus
1109 1263 1188 1332 ergo
1204 1241 1309 1311 estad
1323 1241 1359 1310 id
1372 1241 1426 1310 ol-

288 1346 370 1433 ficii,
390 1370 457 1417 non
479 1348 604 1440 pavidi,
624 1347 680 1418 sed
696 1349 789 1418 tortis
807 1349 909 1418 animi
925 1349 992 1436 vir,
1015 1349 1098 1419 etin
1115 1350 1191 1441 jura
1210 1349 1353 1442 peritum
1370 1349 1425 1441 qui

288 1476 354 1523 non
375 1453 488 1524 timeat
505 1455 694 1548 iniquorum
715 1455 875 1526 iuvidiam
893 1455 954 1524 sibi
970 1457 1147 1536 concitarc3
1168 1455 1223 1526 sed
1238 1456 1347 1548 potius
1361 1455 1426 1524 ini-

286 1561 442 1654 quitatem
472 1561 539 1632 zelo
566 1571 598 1632 ct
628 1563 811 1653 integritate
841 1586 901 1632 sna
928 1572 1055 1632 terrent.
1088 1566 1133 1633 At
1161 1571 1281 1656 prater
1307 1561 1424 1632 dictam

285 1671 459 1740 criminum
479 1671 657 1741 vindictam
680 1673 857 1764 publicam,
875 1672 977 1764 ipsius
992 1672 1089 1742 ctiam
1103 1671 1202 1742 officii
1219 1681 1267 1740 ast
1283 1673 1319 1740 in
1331 1671 1425 1762 judi-

286 1779 338 1848 cio
357 1801 453 1868 agere
471 1786 504 1847 et
521 1779 728 1870 respondere,
745 1779 779 1846 in
793 1779 897 1848 causis
916 1803 991 1871 que
1011 1780 1098 1848 bona
1112 1777 1314 1870 temporalia,
1337 1801 1424 1871 pre-

285 1888 460 1976 rogativas,
471 1895 503 1954 et
518 1887 580 1955 alia
591 1887 669 1979 jura
681 1887 767 1955 Fisci
784 1885 990 1956 ecclesiastici
1004 1886 1191 1979 respiciunt.

333 2021 350 2060 c
371 1994 504 2064 Fiscalis
519 1995 621 2064 curiae
639 1994 827 2087 episcopalis
841 1994 989 2063 officium
1003 2005 1052 2064 est
1071 1993 1126 2084 (ait
1139 1992 1357 2083 Pellegrinus)
1370 2015 1424 2060 as-

289 2129 307 2169 u
330 2104 441 2172 sistere
456 2105 588 2175 Vicario
607 2104 766 2194 generali3
785 2104 904 2172 instare
919 2125 980 2195 pro
992 2101 1122 2194 juribus
1137 2101 1306 2188 Ecclesiae3
1330 2123 1424 2190 agere

288 2237 305 2275 «
327 2235 365 2278 ac
380 2209 553 2280 defendere
567 2211 689 2280 fiscalia
709 2238 716 2278 ε
735 2219 811 2278 suut
824 2218 933 2279 autem
954 2208 1088 2294 fiscalia,
1108 2231 1145 2277 aa
1165 2209 1199 2276 in
1218 2208 1340 2300 quibus
1355 2208 1422 2298 agi·
1499 2293 1500 2304 ἵ

286 2342 302 2381 o
325 2324 381 2387 tur
403 2317 443 2385 de
467 2317 595 2409 publica
618 2317 755 2408 pecunia
773 2315 826 2384 vel
845 2314 1026 2384 vindicta...
1053 2315 1227 2407 Propterea
1246 2323 1352 2406 potest
1370 2338 1423 2406 pe-

288 2451 305 2488 «
329 2432 409 2511 tare,
433 2423 520 2517 quod
539 2424 633 2494 detur
654 2424 813 2493 terminus
831 2421 871 2490 cd
892 2421 1097 2514 probandum
1117 2421 1270 2490 delictum
1297 2430 1422 2512 :potest

288 2559 305 2596 a
328 2539 435 2623 petere
459 2531 696 2618 remissionem,
724 2530 779 2600 ubi
806 2529 847 2599 da
870 2531 944 2622 Juro
969 2529 1102 2598 concedi
1128 2527 1223 2598 debet
1248 2528 1425 2597 :similiter

287 2666 304 2704 «
327 2645 429 2731 potest
452 2646 559 2730 petere
581 2639 672 2708 citari
698 2665 705 2706 :
733 2660 858 2707 necnon
879 2636 1129 2729 publicationem
1155 2635 1225 2704 ficri
1252 2663 1260 2702 ι
1284 2635 1424 2728 inquisi-

287 2775 303 2812 ι(
328 2756 376 2815 tos
406 2769 470 2816 non
501 2745 610 2814 audiri
639 2748 772 2838 :repeti
801 2753 922 2814 testes:
952 2745 1039 2837 ipsos
1068 2751 1162 2812 testes
1190 2744 1421 2834 interrogari:

287 2882 305 2920 c
327 2877 400 2922 reos
429 2877 495 2923 non
523 2862 747 2945 comparentes
775 2861 979 2922 contumaces
1010 2850 1165 2920 declarari
1197 2878 1205 2918 :
1236 2859 1268 2919 et
1295 2851 1424 2920 tandem

286 2990 303 3028 c
327 2961 504 3053 culpabiles
521 2961 741 3030 condemnari.
763 2961 872 3029 Potest
890 2959 1038 3029 similiter
1053 2960 1091 3027 iu
1111 2957 1262 3027 omnibus
1278 2981 1355 3027 cum
1369 2961 1425 3051 jn·

286 3096 303 3134 ι(
326 3067 397 3136 dice
412 3067 620 3156 intervenire,
632 3075 664 3136 et
677 3068 803 3137 consilii
814 3067 919 3156 gratia
930 3077 1043 3135 votum
1055 3072 1221 3158 prestare,
1236 3087 1303 3135 uon
1320 3073 1424 3134 tamen

287 3205 304 3242 c
323 3177 516 3268 judicare.»
538 3175 597 3266 (Dc
621 3175 748 3244 Vicario
763 3198 836 3266 qen.
856 3175 980 3266 Episc,
1000 3183 1090 3265 p'arte
1106 3177 1139 3260 l,
1157 3181 1232 3242 sect.
1254 3177 1287 3260 l,
1303 3196 1337 3240 n.
1360 3178 1424 3261 19.)

329 3288 359 3352 3.
390 3284 442 3352 Ad
468 3283 643 3374 quesitum
670 3305 712 3350 an
738 3283 909 3351 Promotor
937 3281 1055 3350 fiscalis
1081 3280 1308 3372 perpetuitatis
1339 3305 1428 3372 prm·
1496 3295 1497 3385 t

281 3391 429 3481 rogativa
451 3389 602 3480 gaudeat,
624 3389 758 3459 omnino
782 3389 933 3480 negative
961 3386 1224 3480 respondendum
1241 3395 1302 3457 est.
1329 3389 1429 3460 Nulla

281 3500 367 3568 enim
374 3497 471 3590 juris,
485 3505 542 3566 aut
554 3498 716 3588 generalis
730 3495 974 3566 consuetudinis
988 3495 1211 3587 dispositione,
1222 3495 1256 3564 id
1268 3497 1301 3564 ei
1311 3498 1427 3567 tribui·
1495 3575 1496 3590 χ

281 3615 347 3675 tur.
375 3603 470 3676 Unde
495 3604 536 3673 ad
562 3613 679 3674 nutum
703 3605 855 3698 Episcopi
879 3603 1070 3674 revocabilis
1090 3611 1150 3691 est,
1174 3626 1232 3674 seu
1256 3611 1364 3695 potsst
1389 3605 1428 3672 ab

281 3713 440 3805 Episcopo
460 3713 620 3782 removeri
642 3713 764 3805 absque
782 3733 879 3782 causa
894 3719 926 3781 ct
942 3711 1050 3800 figura
1064 3710 1190 3802 judicii.
1213 3713 1259 3780 At
1273 3711 1428 3782 Vicarius

279 3821 440 3911 generalis
465 3841 670 3912 naquaquam
697 3829 801 3914 potest
828 3841 900 3888 cam
922 3817 1150 3906 exauthorare,
1176 3841 1277 3910 quem
1302 3820 1426 3889 consti·
1494 3881 1495 3908 ,

280 3926 342 3996 tuit
358 3926 553 4020 Episcopum
570 3927 721 4020 quamvis
736 3927 838 4020 possit
855 3947 1024 3996 removere
1044 3947 1122 3995 eum
1144 3947 1242 4018 quem
1261 3927 1333 4018 ipse
1348 3949 1428 3996 con-
1494 3919 1495 3995 l

282 4029 452 4112 stituisset;
473 4040 572 4125 prout
593 4033 727 4102 adnotat
744 4031 949 4122 Pallegrinus
972 4031 1123 4122 (portel,
1145 4037 1222 4100 sect.
1247 4034 1278 4119 1,
1299 4053 1333 4100 n.
1356 4031 1426 4120 20);

280 4136 337 4229 qni
351 4145 464 4207 auctor
478 4139 576 4208 simul
591 4142 717 4228 asserit,
735 4140 781 4208 ita
796 4147 904 4206 mucre
918 4137 1065 4208 doctores
1076 4138 1306 4208 communiter.
1493 4167 1494 4182 ¹

326 4243 1419 4337 thmmfflfflfflmmffim
