3046 4968
596 469 669 512 rans
692 471 797 514 ratur.
1204 453 1263 516 tte

168 585 333 668 Scottum,
366 593 470 678 potest
498 585 665 678 delegatus
694 613 714 658 a
743 590 853 658 stricta
883 597 914 658 et
948 589 1078 658 litterali
1118 591 1266 682 rescripti

123 694 351 764 observatione
367 693 526 779 recedere,
544 695 675 787 quando
695 695 728 763 id
753 697 867 765 suadet
886 697 1019 766 evidens
1047 697 1195 788 mquitas,
1211 707 1267 767 aut

122 799 343 868 necessarium
373 809 421 868 cst
445 808 482 868 ut
505 801 594 870 Reus
618 823 687 870 scse
711 800 883 870 defendere
910 802 1023 894 possit.
1055 827 1071 866 c
1095 802 1191 886 Quia,
1222 803 1267 870 ait

128 934 145 969 a
168 905 470 996 Scbmalzgrueber,
496 907 584 998 Papa
613 907 818 976 rescribendo
848 931 913 976 uon
934 914 1082 976 censetur
1110 907 1267 997 derogare

128 1039 145 1076 n
165 1012 234 1102 juri
253 1003 440 1106 partium.»
462 1013 574 1102 (latit.
594 1019 648 1098 29,
665 1015 687 1082 l.
708 1019 720 1082 l
742 1015 881 1100 Decret,
899 1038 932 1082 u.
952 1015 1021 1103 28.)

171 1122 288 1200 Tertio,
312 1122 388 1190 item
411 1120 542 1214 quando
569 1131 675 1214 partes
702 1123 889 1190 renuntiant
913 1123 1019 1190 favori
1047 1145 1105 1214 per
1125 1123 1266 1191 formam

122 1229 272 1320 rescripti
288 1229 368 1320 ipsis
382 1251 544 1299 concesso.
561 1229 663 1300 Verbi
679 1231 796 1320 gratia,
811 1229 839 1297 si
862 1229 1056 1321 rescriptum
1079 1231 1268 1323 praescribat

122 1357 253 1404 cansam
275 1335 415 1424 judicari
431 1339 465 1406 in
482 1337 537 1406 tali
552 1338 635 1425 loco,
658 1337 787 1429 poterit,
804 1337 1084 1408 consentientibus
1107 1338 1266 1428 partibus,

122 1443 158 1509 in
172 1443 239 1512 alio
260 1443 401 1534 judicari
408 1473 417 1532 ;
436 1445 532 1514 modo
547 1453 655 1515 tamen
671 1446 730 1514 iste
754 1444 838 1513 alius
864 1444 955 1514 locus
971 1443 1189 1535 jurisdictioni
1206 1444 1267 1513 de-

122 1549 263 1640 legantis
280 1551 454 1643 subjaceat,
471 1553 523 1620 vel
542 1553 581 1644 (si
603 1575 670 1620 uon
691 1551 879 1642 subjaceret)
901 1548 997 1618 modo
1011 1551 1066 1618 ille
1090 1551 1269 1618 consentiat

121 1657 177 1726 cui
192 1658 357 1748 subjectns
372 1669 429 1727 est.
448 1663 486 1727 In
498 1659 588 1728 trullo
603 1681 730 1752 quoquc
743 1658 801 1750 (ait
823 1658 1012 1726 bonifacius
1028 1657 1117 1748 Vlll)
1132 1679 1269 1726 casuum

118 1763 357 1854 predictorum
365 1765 474 1856 judan
486 1779 579 1834 extra
595 1765 761 1836 ciuitatem
772 1787 827 1834 sen
842 1763 1016 1846 dioeccsim,
1030 1766 1066 1832 in
1080 1765 1196 1856 quibus
1211 1765 1268 1833 de-

120 1883 262 1960 putatus
273 1872 376 1963 suerit
391 1872 465 1941 citet
483 1886 605 1964 partes,
625 1897 682 1943 nec
695 1873 735 1942 de
748 1895 847 1941 causa
866 1872 928 1940 sios·
942 1871 1113 1940 commissa
1131 1894 1269 1963 ccpnos-

122 1991 178 2044 cut
197 1979 263 2046 ursi
284 1978 330 2047 ad
348 1979 384 2048 id
406 2003 572 2072 expressus
594 1982 760 2048 occesserit
783 1979 974 2048 earumdem
999 1999 1155 2050 assensus,
1176 1979 1265 2070 (Gap.

122 2087 301 2153 Statutum
319 2091 371 2172 ll,
385 2087 472 2156 tituli
489 2091 521 2172 3,
537 2088 614 2155 libri
632 2091 663 2173 1,
681 2089 714 2154 in
733 2087 779 2178 6.)

168 2192 208 2258 ln
222 2193 410 2278 bisantem,
427 2202 458 2263 et
478 2195 505 2262 si
527 2195 584 2288 qui
607 2195 729 2263 similes
748 2195 803 2264 alii
827 2194 903 2280 sint,
921 2193 1063 2280 casibus,
1080 2191 1153 2261 licet
1176 2193 1268 2261 dele-

121 2307 221 2387 gatus
235 2321 254 2366 a
269 2299 375 2369 littera
393 2301 538 2392 rescripti
554 2297 703 2368 videatur
718 2301 874 2392 tantisper
897 2297 1058 2384 recedere,
1076 2322 1142 2368 nou
1158 2307 1267 2367 tammr

123 2406 257 2496 proprie
278 2407 404 2478 excedit
427 2416 617 2499 potestatem
632 2407 694 2476 sibi
710 2429 914 2486 concessam
932 2405 987 2474 sed
1010 2407 1180 2476 dumtaxat
1195 2429 1267 2474 cam

122 2519 316 2603 potestatem
330 2537 372 2584 ex
385 2515 530 2605 legitima
545 2515 630 2584 circa
643 2514 822 2605 delegantis
838 2519 979 2582 mentem
1003 2513 1267 2603 interpretatione

122 2619 274 2688 estimat.

667 2850 724 2918 Vl.

487 3048 521 3096 De
536 3049 661 3110 potestate
677 3045 792 3112 detcpntr'
802 3046 911 3113 judicis.

171 3265 315 3354 Delegati
336 3273 476 3357 potestas
498 3266 658 3335 metienda
672 3275 733 3353 est,
751 3275 822 3335 tum
841 3289 881 3333 cr
903 3274 1057 3357 potestate
1073 3265 1265 3356 delegantis,

123 3381 196 3442 tum
210 3395 252 3438 ex
267 3373 420 3442 mandato
435 3395 597 3442 concesso.
617 3374 710 3442 Unde
724 3383 848 3442 certum
865 3380 911 3442 est
926 3372 1074 3463 delegato
1087 3381 1268 3464 competere

122 3501 191 3548 non
206 3501 299 3570 posse
315 3479 575 3570 jurisdictionem
595 3503 660 3571 qua
674 3489 762 3548 caret
777 3480 930 3569 delegans
950 3507 958 3547 :
979 3479 1036 3548 sed
1053 3479 1207 3565 vicissim,
1226 3501 1267 3546 ex

120 3611 161 3656 eo
185 3588 273 3679 qnod
294 3588 416 3679 aliquid
439 3590 539 3680 possit
557 3588 724 3679 delegans,
742 3612 808 3658 non
827 3589 981 3657 continuo
1006 3585 1267 3657 concludendum

121 3703 171 3762 cst
194 3693 282 3762 idem
304 3717 397 3784 posse
418 3695 619 3785 delegatnm3
644 3696 696 3763 bio
719 3696 805 3764 enirn
834 3718 900 3764 non
927 3694 1018 3764 aliud
1045 3703 1148 3786 potest
1168 3717 1267 3786 qnam

121 3801 213 3892 quod
227 3801 281 3868 ille
296 3823 354 3891 per
371 3801 558 3870 mandatum
574 3802 777 3870 concesserit.
1030 3809 1033 3814 “

167 3907 389 3977 Nihilominus
414 3931 486 3976 earn
512 3910 623 3978 saltem
650 3916 840 4001 potestatem
864 3909 1029 4000 delegatus
1055 3930 1181 3999 semper
1205 3908 1268 3976 ha-

121 4015 190 4097 het,
209 4016 281 4105 ipso
300 4015 384 4084 facto
409 4017 496 4107 quod
522 4017 701 4106 delegatur,
728 4017 797 4084 sine
824 4040 889 4108 qua
917 4015 1101 4085 mandatam
1127 4015 1189 4082 sibi
1211 4015 1268 4106 ju-

122 4122 346 4190 risdictionem
361 4123 480 4214 exequi
503 4146 569 4191 non
594 4131 713 4214 posset.
733 4125 892 4206 Quaenam
916 4123 972 4190 illa
996 4122 1037 4188 sit
1058 4130 1209 4212 potestas,
1225 4145 1266 4191 eu

121 4229 192 4298 solo
215 4228 424 4318 delegationis
444 4229 528 4301 tacto
552 4229 670 4317 fluens,
690 4229 743 4298 bic
769 4230 911 4299 breviter
933 4227 1143 4299 indicandum
1163 4229 1263 4299 venit.
