3046 4968
588 509 663 556 eins
685 509 789 556 1111111.
1220 491 1260 555 93

121 657 137 692 n
164 628 254 700 ritus
268 628 449 708 affirmant;
469 629 508 698 de
532 632 766 724 posterioribus
786 639 918 720 negant,
937 631 991 700 sed
1009 631 1124 700 volunt
1146 629 1264 700 borum

121 768 137 801 a
164 739 398 829 negligentiam
423 762 443 806 a
469 739 648 830 superiore,
666 763 763 830 quem
790 746 1025 829 recognoscunt
1048 740 1083 807 in
1104 748 1268 830 tempora-

122 875 138 908 1
164 847 266 932 libus,
284 845 497 938 supplendam
514 855 546 914 et
559 845 783 936 corrigendam
801 869 869 914 esse
889 874 895 913 :
913 846 1013 938 quisi
1032 846 1146 937 etipse
1161 846 1194 913 in
1211 845 1267 913 de-

125 979 143 1017 r
168 953 253 1021 [ectu
270 953 455 1046 supplendo
470 962 527 1021 aut
551 953 705 1022 inferiore
728 953 923 1042 corrigendo
939 950 1108 1042 negligens
1123 954 1176 1039 sit,
1194 962 1270 1021 tune

123 1087 141 1124 1
166 1061 312 1152 primum
336 1060 571 1129 recurrendum
596 1059 636 1128 ad
656 1059 845 1128 Ecclesiam.
865 1060 912 1128 111
938 1060 1144 1128 Innocentius
1158 1061 1204 1128 lV
1224 1059 1269 1149 (in

124 1177 264 1259 «caput
291 1168 379 1236 Licet
414 1171 466 1254 10,
485 1166 627 1235 deForo
654 1167 861 1259 ronrpetenti,
887 1190 920 1234 n.
956 1168 998 1256 1),
1021 1167 1143 1252 Abbas,
1161 1166 1268 1252 Oliva,
1380 1203 1382 1206 ·

123 1301 141 1340 r
166 1275 289 1343 Suaroz
301 1274 353 1364 (de
367 1275 528 1356 Censoris,
542 1274 626 1365 disp.
643 1279 696 1357 20,
710 1284 786 1342 sect.
805 1278 836 1360 1,
850 1297 904 1341 an.
926 1273 992 1364 15),
1007 1273 1122 1362 Engel‚
1144 1274 1266 1364 Konig,

123 1411 140 1444 1
165 1393 197 1450 et
220 1382 277 1450 alii
292 1383 334 1451 ab
356 1383 408 1450 his
426 1382 524 1450 citati.
543 1382 640 1450 Ratio
660 1391 707 1449 est
727 1382 804 1472 quia
831 1381 973 1450 Ecclesia
998 1381 1270 1449 administrationi

123 1517 139 1552 a
162 1489 303 1580 justitiae
319 1489 352 1556 in
375 1489 612 1580 temporalibus
627 1511 661 1557 se
675 1511 740 1556 non
758 1489 955 1573 intromittit,
973 1487 1104 1578 quando
1120 1511 1271 1558 recursus

123 1625 139 1658 a
166 1607 216 1664 est
231 1594 272 1663 ad
289 1596 494 1688 superiorein
509 1596 568 1686 qni
585 1595 748 1663 inferioris
773 1594 932 1664 defectum
954 1595 1105 1686 supplere
1122 1605 1223 1686 potest
1239 1605 1271 1664 et

123 1733 140 1766 1
167 1704 251 1772 vult.
270 1703 354 1772 Casu
371 1713 479 1772 autem
503 1725 568 1794 quo
585 1703 695 1771 nullus
715 1712 762 1769 eat
783 1703 932 1792 superior
947 1703 987 1769 ad
1004 1725 1101 1793 quem
1122 1726 1272 1772 recurra-

125 1839 142 1874 1
168 1823 235 1896 tur,
253 1812 294 1878 ad
311 1810 434 1878 bonum
452 1808 624 1901 spirituale
640 1809 779 1901 pertinet
800 1817 835 1876 ut
856 1808 982 1898 justitia
1006 1809 1268 1899 administretur;

125 1947 143 1981 ιι
169 1941 206 1987 ae
221 1941 279 2010 per
294 1940 495 2010 consequens
511 1917 544 1984 id
561 1915 632 1986 fieri
655 1926 759 2008 potest
779 1939 837 2007 per
852 1924 1039 2006 potestatem
1056 1918 1269 2008 spiritualem,

126 2054 144 2088 1
170 2048 247 2117 quae
262 2026 411 2117 superior
423 2031 483 2112 est,
494 2026 610 2116 cuique
625 2025 735 2092 omnia
748 2023 938 2115 temporalia
948 2023 980 2090 in
994 2022 1107 2110 ordine
1122 2026 1161 2094 ad
1174 2050 1270 2096 suum

127 2161 144 2193 ιι
170 2131 269 2201 finem
286 2133 409 2200 servire
430 2131 558 2200 debent.
585 2158 602 2196 a

170 2239 354 2308 Pnorosrno
380 2238 511 2308 1111-
533 2239 584 2307 Ad
606 2239 794 2308 seculorem
819 2252 1018 2330 potestatem
1043 2263 1110 2308 uon
1128 2242 1273 2334 pertinet

123 2347 331 2414 ecclesiastici
344 2345 470 2438 judicis
489 2345 722 2436 negligentium
738 2346 887 2437 supplere
908 2346 940 2412 in
961 2347 1065 2414 causis
1080 2348 1271 2419 ecclesiasti-

124 2453 181 2520 cis.
200 2452 419 2521 -Probatur
438 2456 468 2518 1ο
485 2451 635 2520 decretali
655 2452 805 2535 Qualiter
818 2453 997 2520 lnnocentii
1016 2453 1073 2538 111,
1091 2454 1203 2546 inqua
1226 2456 1271 2522 sic

123 2560 248 2648 legitur
268 2561 356 2630 :Nec
369 2581 431 2649 pro
447 2558 570 2649 defectu
590 2559 746 2648 justitie,
765 2559 873 2627 clerici
895 2559 1107 2627 traiecturo
1122 2559 1274 2630 Ioiei'sud

118 2664 292 2756 judicium
326 2666 491 2747 seculare,
522 2665 611 2760 quod
638 2665 772 2734 omnino
806 2667 882 2757 fieri
918 2666 1129 2758 prohibemus
1156 2667 1270 2759 (capite

130 2776 283 2858 eruliter
312 2779 364 2861 17,
387 2774 473 2843 tituli
498 2773 538 2843 de
559 2774 696 2842 tudiciis
713 2779 745 2861 1,
760 2773 869 2842 librit
896 2775 1081 2866 Decretal.).
1099 2775 1187 2864 Ergo
1214 2801 1272 2868 per

2 2937 3 2948 .
126 2883 234 2970 legem
259 2903 333 2973 quae
349 2882 383 2949 in
400 2881 616 2950 universalem
638 2880 841 2972 disciplinam
863 2882 991 2949 transiit
1014 2882 1078 2949 sibi
1093 2883 1272 2952 vindicavit

128 2987 272 3056 Ecclesia
293 2995 479 3078 potestatem
501 2987 696 3080 probibendi
724 3011 763 3054 ne
786 2988 952 3056 saeoularis
971 2998 1120 3078 potestas,
1139 2989 1173 3057 in
1195 3014 1272 3058 casu

129 3094 307 3162 deficientis
321 3117 360 3163 ex
379 3104 468 3184 parte
486 3095 606 3186 judicis
622 3094 824 3162 ecelesiastici
845 3095 993 3185 justitie,
1010 3107 1216 3184 cognosceret
1233 3099 1271 3165 de
1299 3099 1303 3110 '

2 3247 3 3276 1
130 3203 235 3270 musis
246 3201 344 3268 etiam
361 3200 594 3292 temporalibus
609 3201 800 3270 clericorum
815 3229 822 3268 :
835 3224 910 3293 quae
928 3201 1132 3293 prohibition
1144 3204 1271 3273 fortiori

2 3337 3 3348 ¹
131 3309 342 3399 intelligenda
360 3316 408 3375 est
423 3307 463 3375 de
483 3310 591 3377 causis
614 3307 811 3400 quibuslibet
827 3309 1062 3400 spiritualibus.
1081 3311 1163 3380 Cum
1178 3335 1268 3402 ergo,

2 3435 3 3500 1
131 3425 168 3484 ut
182 3439 267 3509 saepe
283 3415 404 3484 dictum
421 3427 480 3502 est,
499 3439 562 3484 non
581 3417 681 3507 possit
703 3415 843 3484 Ecclesia
857 3439 915 3508 per
930 3417 1062 3485 modum
1079 3421 1272 3490 universalis

131 3524 212 3614 legis
225 3531 257 3592 et
271 3522 452 3612 disciplinae
467 3521 647 3613 quidquam
662 3521 821 3612 injustum
837 3522 898 3588 sibi
914 3545 1084 3614 usurpare,
1098 3523 1270 3592 dicendum

2 3719 3 3730 ἵ
133 3629 241 3721 adjus
263 3629 415 3698 Ecclesia
437 3629 611 3719 pertinere,
627 3638 664 3695 ut
689 3628 852 3698 saecularis
877 3637 1015 3720 potestas
1040 3653 1103 3698 non
1121 3631 1273 3700 1111101-

134 3739 266 3805 misceat
287 3737 392 3805 causis
414 3737 619 3805 ecclesiastici
640 3735 701 3803 1011
730 3737 882 3827 propriis,
901 3737 1029 3805 etiamsi
1048 3737 1151 3827 judex
1167 3741 1271 3810 eccle-

135 3847 279 3914 siasticus
293 3868 313 3912 a
327 3855 412 3913 recte
428 3842 607 3913 exercenda
618 3843 743 3934 justitia
757 3844 916 3913 deficeret.

176 3954 338 4021 Probatur
352 3957 396 4018 2⁰.
413 3952 463 4020 Ex
479 3951 568 4020 bulla
586 3952 696 4018 Caeneo
710 3959 741 4018 et
765 3951 835 4021 aliis
855 3951 1016 4042 ejusmodi
1035 3954 1274 4028 universalibus

135 4061 281 4145 decretis,
298 4060 331 4126 iu
348 4059 467 4149 quibus
488 4072 643 4149 tanquam
668 4079 836 4126 summum
856 4058 1015 4147 flagitium
1030 4063 1221 4152 reprobatur
1243 4073 1275 4134 et

137 4167 335 4257 gravissimis
351 4166 495 4233 censuris
517 4173 681 4233 coercetur
708 4163 844 4256 quilibet
866 4188 1016 4235 recursus
1031 4167 1070 4235 ad
1086 4179 1274 4260 potestatem

139 4273 322 4344 saecularem
348 4273 383 4340 111
406 4272 512 4341 causis
536 4271 768 4340 ecclesiasticis.
792 4272 828 4340 Si
848 4273 936 4341 enim
959 4273 1008 4342 fas
1030 4285 1111 4344 esset
1135 4279 1272 4372 principi
