3046 4962
289 460 330 526 66
659 473 833 524 macrarus
862 475 900 521 on
922 473 1054 522 movens.

288 607 379 669 neret
396 597 568 667 Ecclesiam
594 597 641 666 vis
667 597 842 687 inserenda
865 609 1059 690 potestatem
1084 618 1150 664 non
1165 593 1294 665 holme.
1313 591 1422 664 Dictus

287 717 396 776 antem
415 707 575 798 professor
589 705 741 773 Ecclesiae
755 728 820 773 non
835 703 1007 794 denegavit
1022 705 1090 772 vim
1109 703 1424 772 excommunicatio-

285 837 343 882 nes
356 825 387 882 et
401 815 480 882 alias
492 835 580 881 mere
594 812 777 903 spirituales
792 834 903 904 poenas
914 810 1119 881 decernendi.
1134 812 1220 902 Ergo
1231 813 1264 878 in
1280 834 1318 878 eo
1329 833 1423 878 sensu
1505 879 1506 884 ,

287 921 462 990 damnatus
488 928 548 1006 est,
573 919 660 1010 quod
683 927 873 1010 potestatem
896 941 954 1010 per
976 919 1171 1011 temporales
1196 927 1226 986 et
1246 917 1424 1009 corporales

287 1051 399 1120 poenas
415 1028 620 1096 coercitivam
637 1027 815 1115 negaverit.

333 1135 473 1204 Atlantis
495 1141 605 1203 autem
632 1133 795 1225 praedictis
815 1133 1058 1203 definitionibus
1085 1157 1150 1203 non
1177 1135 1306 1203 videtur
1327 1134 1424 1202 etiam

287 1251 443 1334 tanquam
459 1239 658 1332 probabilem
674 1241 826 1309 sustineri
845 1241 1008 1310 ullatenus
1027 1265 1120 1334 posse
1135 1242 1334 1334 opinionem,
1352 1263 1425 1332 qnae
1506 1261 1507 1272 ¹

287 1349 438 1418 Ecclesiae
465 1348 531 1414 vim
554 1347 731 1437 quamlibet
755 1371 813 1440 per
834 1369 947 1440 peenas
972 1349 1166 1440 temporales
1190 1356 1222 1416 et
1246 1347 1427 1438 corporales

287 1456 477 1540 coactivam,
493 1463 524 1522 et
538 1476 558 1521 a
572 1453 701 1523 Christo
725 1463 887 1546 acceptam
904 1456 1042 1544 denegat
1059 1483 1066 1523 :
1087 1455 1154 1523 imo
1169 1453 1300 1523 videtur
1315 1453 1428 1545 opinio

287 1564 356 1650 illa,
370 1562 410 1630 ad
426 1561 534 1628 minus
549 1582 684 1629 erronea
694 1570 726 1630 et
742 1563 913 1630 temeraria
927 1562 1075 1630 dicenda.
1087 1561 1160 1630 Non
1176 1569 1285 1629 tamen
1300 1559 1429 1628 videtur

288 1668 351 1760 ipsi
366 1667 453 1736 inuri
467 1689 559 1758 posse
575 1675 682 1737 notam
696 1667 869 1756 haereseos,
881 1669 1031 1761 quamvis
1047 1669 1218 1738 Suaresius
1234 1666 1427 1736 contrariam
1507 1673 1508 1676 ’

289 1775 468 1844 doctrinam
485 1774 570 1842 dicat
593 1797 657 1842 esse
671 1774 710 1842 de
721 1775 787 1866 fide
805 1803 815 1842 :
832 1797 907 1844 nam
931 1777 966 1844 in
988 1775 1163 1867 praeallatis
1188 1772 1430 1842 delinitionibus
1507 1761 1508 1764 ¹

289 1880 471 1951 declaratur
492 1881 624 1971 quidem
649 1880 800 1950 Ecclesia
827 1891 1006 1973 competere
1036 1890 1223 1973 potestatem
1248 1892 1375 1948 externe
1400 1891 1430 1946 et

290 1987 447 2057 celeriore
463 1985 593 2077 judicio
608 1987 834 2055 etaolubridus
853 1989 960 2080 paenis
983 1987 1150 2057 coercendi
1163 2001 1262 2079 atque
1276 1985 1432 2078 copendc',·
1508 2070 1509 2074 Ἰ

289 2117 356 2164 non
371 2105 478 2162 tamen
493 2095 655 2183 expressis
668 2095 817 2162 terminis
831 2095 974 2181 additur,
988 2119 1049 2186 per
1063 2096 1256 2188 temporales
1271 2107 1302 2162 ct
1317 2114 1431 2184 corpo·
1508 2079 1509 2158 i

290 2203 514 2292 ratesponae.
532 2201 574 2268 Et
596 2201 750 2291 quamvis
763 2202 964 2292 apertissime
979 2224 1093 2271 sensus
1109 2202 1163 2270 ille
1180 2203 1214 2269 in
1231 2201 1324 2269 dictis
1349 2198 1432 2266 defi-

290 2308 468 2378 nitionibus
483 2307 679 2394 includatur,
694 2330 767 2376 oum
789 2318 896 2376 tamen
919 2310 1063 2399 propriis
1078 2309 1228 2377 terminis
1240 2331 1305 2378 non
1321 2308 1433 2398 expri-

291 2425 411 2501 matur,
429 2437 494 2484 uno
518 2414 630 2482 saltem
652 2414 841 2505 syllogismo
856 2437 938 2506 opus
961 2424 1009 2483 est
1031 2417 1168 2483 adeum
1191 2413 1430 2484 deducendum.
1509 2478 1510 2504 ,

291 2526 398 2615 Atque
411 2521 496 2608 ideo,
510 2521 606 2590 modo
622 2522 696 2612 quis
711 2521 892 2589 coactivam
906 2521 1054 2590 Ecclesia
1067 2531 1255 2614 potestatem
1270 2521 1433 2606 admittat,
1509 2519 1510 2606 f

291 2631 388 2698 etiam
404 2629 431 2696 si
445 2628 601 2696 sustineat
616 2650 682 2696 non
698 2650 767 2697 esse
792 2629 969 2697 coactivam
989 2651 1050 2721 per
1065 2630 1258 2720 temporales
1272 2642 1303 2696 et
1317 2649 1436 2718 corpo-

291 2737 377 2804 rales
386 2757 515 2828 poenes,
532 2735 705 2803 haereticus
722 2757 786 2801 non
803 2735 864 2802 erit
880 2734 1035 2803 dicendus
1052 2763 1060 2804 ι
1077 2759 1142 2804 non
1159 2745 1278 2824 tamen,
1296 2743 1333 2803 ut
1346 2734 1436 2802 dixi-

293 2867 380 2932 mus,
398 2845 482 2912 licite
497 2841 680 2910 istiusmodi
694 2841 840 2932 opinioni
855 2841 1044 2930 adherebit,
1061 2865 1136 2911 cum
1158 2843 1270 2911 saltem
1287 2852 1324 2910 ut
1338 2863 1436 2909 erro-

293 2973 353 3020 nea
367 2959 399 3019 et
414 2949 586 3019 temeraria
604 2947 752 3018 habenda
768 2949 820 3016 sit.
