3032 4976
578 491 652 538 runs
674 491 780 540 rmus.
1188 475 1248 541 337

116 634 134 674 ε
158 608 300 680 nissimae
313 617 346 681 et
359 631 434 703 qum
449 610 515 679 sint
528 611 600 682 lure
614 613 794 684 meridiane
805 612 956 684 clariores
973 614 1055 706 (lege
1066 614 1193 704 ultima,
1209 617 1250 684 ti-

114 740 133 780 «
158 717 219 785 tuli
234 716 273 786 de
288 718 437 800 Probat„
454 719 488 787 in
504 719 706 790 Justimaneo
720 721 839 812 codiee)
852 747 862 808 ;
883 729 914 790 et
937 744 1065 792 neeesse
1080 731 1128 791 est
1143 722 1249 792 Reum

115 851 133 892 a
148 845 217 894 esse
232 825 282 893 vel
296 825 479 894 confessum
497 827 548 896 vel
561 828 757 914 convictum,
770 837 807 896 ut
827 828 1037 898 condemnari
1051 830 1153 921 possit
1169 830 1250 922 (lege

114 957 132 996 ε
158 932 225 1016 Qui
236 933 431 1002 sententiam
447 937 500 1020 16,
518 956 547 1003 e.
566 933 605 1002 de
619 934 738 1024 Ptenis)
754 960 761 1002 :
780 933 852 1003 talis
870 945 978 1005 autem
998 936 1158 1027 probatio,
1175 959 1249 1027 quae
1357 995 1361 1003 .

114 1037 244 1108 «babet
257 1062 299 1108 ex
310 1038 496 1131 juramento
516 1041 632 1108 autoris
651 1040 914 1132 supplementum
928 1065 1037 1130 suum,
1061 1065 1126 1111 non
1147 1051 1250 1134 potest

113 1171 131 1211 ε
154 1146 219 1214 dici
241 1145 312 1215 luce
337 1147 515 1216 meridiane
536 1147 699 1217 clarior.»
729 1146 1041 1239 (Sehmalzgrueber,
1064 1149 1099 1218 in
1121 1149 1173 1217 tit.
1190 1152 1247 1238 24,

108 1253 131 1320 l.
150 1259 170 1322 2
186 1255 329 1344 Deerat,
344 1277 378 1326 n.
398 1256 466 1345 tt.)

155 1365 190 1429 2ο
203 1362 422 1454 Exeipiuutur
439 1383 546 1432 eausa
559 1383 669 1430 omnes
685 1364 833 1453 famose,
850 1362 885 1432 id
904 1370 964 1452 εει,
979 1386 1055 1455 quse
1071 1363 1189 1432 famem
1213 1363 1248 1432 in

108 1468 283 1538 discrimen
312 1467 495 1550 adducunt3
525 1478 623 1561 prout
659 1481 736 1538 sunt
769 1491 876 1538 oeusae
912 1471 1004 1558 furti,
1038 1472 1247 1563 iujuriarum,

108 1598 298 1663 usurarum,
316 1585 376 1646 ete.
402 1577 510 1644 Potest
530 1575 662 1667 quidem
682 1576 716 1644 in
735 1577 781 1644 eis
799 1575 867 1646 Reo
885 1575 1007 1646 deferri
1024 1577 1248 1670 jurameutum

107 1682 314 1774 purgationis
324 1709 334 1770 ;
352 1683 408 1751 sed
424 1683 650 1774 jurameutum
670 1682 907 1774 suppletorium
926 1683 1038 1752 Actori
1054 1681 1174 1753 deferri
1190 1708 1247 1754 ue-

107 1790 181 1882 quit
202 1791 293 1860 :imo
311 1790 375 1858 sibi
398 1789 541 1859 delatum
564 1789 766 1881 purgationis
786 1789 1008 1880 juramentum
1030 1791 1142 1882 nequit
1160 1792 1250 1862 Reus

106 1897 220 1969 Actori
236 1896 368 1966 referre.
385 1896 466 1980 Quae
480 1896 555 1966 vide
571 1897 712 1966 textibus
723 1896 809 1988 juris
825 1897 959 1990 probata
973 1896 1063 1988 opud
1077 1897 1248 1968 Sehmalz-

106 2005 249 2093 grueber
268 2004 469 2097 (eitutolooo,
486 2025 521 2072 n.
540 2004 607 2094 tt).

153 2116 187 2180 3⁰
201 2111 420 2203 Exeipiuutur
433 2133 541 2181 cause
556 2111 662 2181 aniles
676 2109 771 2180 valde
784 2109 912 2194 ardue,
929 2135 1004 2203 quae
1020 2115 1124 2182 causis
1136 2115 1250 2184 erimi-

107 2219 237 2290 nalibus
253 2221 508 2313 aequipurantur.
533 2218 628 2288 Ratio
643 2231 691 2286 est
706 2218 784 2310 quia
801 2219 843 2286 ob
859 2219 1076 2310 suspicionem
1096 2221 1247 2314 perjurii,

102 2327 326 2418 jurameutum
339 2349 405 2395 non
420 2327 539 2394 laceret
551 2325 783 2417 semi-plenam
798 2324 1037 2417 probationem.

154 2439 187 2502 ιο
196 2434 411 2527 Excipiuntur
425 2455 532 2503 rause
545 2432 816 2502 matrimoniales.
832 2432 871 2500 ln
886 2432 936 2500 bis
951 2433 1083 2520 seilicet,
1094 2434 1120 2500 si
1132 2445 1249 2524 agatur

106 2541 148 2610 de
178 2542 383 2610 matrimonio
407 2541 626 2629 dissolvendo,
652 2563 719 2609 non
749 2539 895 2610 defertur
912 2539 1136 2630 juramentum
1165 2542 1249 2631 perti

106 2647 149 2716 ad
171 2647 376 2740 probandum
399 2648 597 2741 suppletorie
624 2646 894 2738 impedimentum
915 2646 1094 2730 dirimens;
1114 2647 1170 2714 sed
1190 2649 1248 2738 qui

105 2755 187 2848 petit
202 2755 458 2842 dissolutionem,
475 2755 570 2846 plene
592 2753 862 2846 impedimentum
878 2753 1016 2844 probare
1034 2752 1149 2832 debet;
1166 2753 1248 2822 alio-

104 2862 188 2954 quin
216 2862 458 2956 pronuntianda
478 2863 637 2932 sententia
655 2872 704 2931 est
722 2885 781 2952 pro
802 2861 955 2930 firmitate
977 2859 1190 2928 matrimonii.
1212 2861 1249 2929 Si

103 2970 276 3059 ageturde
291 2969 499 3039 matrimonio
518 2969 588 3062 jem
604 2969 684 3038 inito
705 2967 908 3056 sustinendo,
930 2966 1045 3035 inutile
1065 2975 1114 3036 est
1128 2967 1248 3052 deterri

100 3076 328 3168 juramentum
351 3078 587 3170 suppletorium
606 3076 654 3144 illi
676 3077 733 3168 qui
754 3075 947 3168 semi-plene
968 3075 1119 3168 probavit
1140 3077 1247 3145 omnis

104 3183 332 3276 impedimenti
350 3185 531 3254 dirimentis
549 3184 746 3270 absentiam3
770 3205 845 3251 eum
864 3183 1019 3251 sustineri
1040 3183 1154 3252 debeat
1176 3208 1248 3254 ma-

104 3291 313 3380 trimonium,
329 3315 369 3362 ex
390 3292 451 3362 hoo
472 3293 540 3362 solo
557 3291 646 3384 quod
667 3290 761 3382 plene
784 3311 850 3358 non
872 3290 1029 3382 probetur
1044 3291 1185 3361 irritum.
1210 3293 1246 3362 Si

103 3421 185 3468 vero
199 3408 315 3489 agatur
330 3400 370 3469 de
385 3400 592 3468 matrimonio
605 3397 839 3483 contrahendo,
862 3397 940 3466 dicit
955 3397 1247 3489 Sohmalzgrueber

103 3506 227 3576 deferri
251 3530 345 3600 posse
364 3507 596 3598 juramentum·
617 3505 853 3599 suppletorium
884 3505 946 3593 illi,
964 3506 1022 3598 qui
1048 3509 1246 3600 semi-plene

103 3615 257 3706 probavit
271 3637 338 3685 non
349 3617 485 3684 existere
501 3614 770 3706 impedimentum
786 3611 832 3703 (jn
844 3611 893 3680 tit.
907 3615 962 3700 tt,
977 3612 1085 3682 librit
1102 3615 1245 3704 Deerat,

104 3744 138 3790 n.
161 3725 227 3812 51),
245 3722 273 3789 si
287 3723 329 3790 sit
342 3723 394 3790 vir
409 3721 566 3814 probitate
580 3731 611 3790 et
626 3720 808 3809 integritate
824 3720 1029 3813 conspicuus.

149 3831 293 3912 Qunsmo
306 3834 400 3898 btt-
409 3830 571 3914 Quasnam
580 3828 621 3898 sit
633 3829 760 3919 effeetus
766 3827 789 3918 j
791 3827 960 3896 stramenti
970 3851 992 3896 a
996 3829 1018 3918 j
1020 3825 1112 3896 edire
1125 3827 1246 3900 delati?

103 3941 203 4004 --1⁰
232 3935 373 4006 Effectus
397 3937 575 4028 juramenti
599 3935 793 4030 purgatorii,
818 3944 878 4018 est,
904 3944 940 4004 ut
964 3935 1052 4003 Reus
1076 3939 1134 4028 qui
1162 3937 1245 4008 illud

104 4052 239 4136 praestat
260 4044 345 4113 liber
367 4047 493 4114 censeri
515 4045 629 4114 debeat
656 4066 675 4111 a
700 4043 950 4133 suspicionibus,
976 4065 1051 4135 quoe
1078 4065 1120 4112 ex
1144 4047 1245 4114 semi-

105 4151 351 4242 probatiouibus
379 4149 502 4221 eontra'
516 4154 623 4244 ipsum
651 4150 785 4245 prolatis
812 4159 892 4218 ortae
917 4149 1058 4220 fueraut.
1085 4156 1119 4220 2ο
1138 4151 1246 4222 Semel

106 4258 212 4329 deluto
239 4283 259 4327 s
285 4259 394 4350 judice
417 4260 615 4352 suppletorio
639 4260 840 4350 juramento,
869 4256 1029 4325 incumbit
1056 4258 1136 4329 illud
1165 4283 1249 4352 prae-

267 4385 287 4430 1.
1048 4371 1086 4430 22
