3056 4972
550 495 625 542 rans
647 496 752 542 ranna.
1157 476 1214 542 191

128 621 155 684 p
186 618 239 686 An
275 615 434 687 Praelatus
470 619 592 710 absque
625 640 784 688 consensu
816 615 950 710 capituli
978 625 1221 709 procuratorem

90 725 273 794 constituere
299 727 400 817 possit
428 725 468 794 ad
496 724 738 818 prosequendas
769 725 841 794 lites
865 747 940 816 qnae
967 726 1145 819 respiciunt
1170 749 1222 794 res

90 832 232 901 Ecclesiae
256 833 308 902 vel
331 833 543 902 monasterii?
558 873 603 886 -
624 833 852 924 Respondetur
874 832 1067 902 affirmative
1082 834 1110 901 si
1129 856 1225 902 causa

90 941 198 1008 nonsit
211 939 315 1008 ardua
331 967 339 1008 :
355 941 474 1010 sivero
489 940 593 1010 ardua
606 942 664 1030 sit,
679 942 899 1010 necessarium
915 961 984 1009 esse
998 940 1130 1032 capituli
1145 964 1225 1010 con-

90 1069 222 1116 sensum.
241 1047 324 1116 Nem
350 1071 438 1135 oum,
462 1069 503 1117 ex
523 1047 709 1140 hypothesi,
727 1048 887 1117 bonorum
912 1045 1063 1116 Ecclesiae
1080 1048 1129 1116 vel
1154 1071 1225 1117 mo-

91 1155 211 1223 nasterii
232 1153 472 1224 administratio
488 1156 530 1225 ad
555 1155 734 1225 Prmlatum
750 1155 921 1247 pertineat,
940 1154 1023 1225 sicut
1043 1162 1150 1247 posset
1166 1177 1223 1248 per

91 1262 223 1354 seipsum
242 1261 344 1330 dietas
364 1285 476 1332 causas
497 1265 664 1356 prosequi,
687 1263 732 1332 ita
755 1262 935 1332 censendus
957 1270 1005 1330 cst
1026 1285 1120 1353 posse
1142 1285 1224 1354 pro-

91 1369 172 1460 sequi
196 1391 257 1462 per
278 1379 534 1462 procuratorem.
557 1371 621 1439 Per
641 1371 783 1462 seipsum
799 1377 907 1438 autem
929 1367 1083 1460 expedire
1105 1370 1226 1462 absque

91 1477 215 1567 capituli
250 1499 411 1548 consensu
439 1485 543 1570 potest
573 1478 705 1548 levioris
736 1477 891 1546 momenti
927 1499 1040 1546 causas
1071 1477 1117 1566 (ut
1147 1477 1225 1547 alibi

92 1583 291 1676 ostenditur),
307 1607 375 1655 non
395 1594 502 1655 autem
527 1584 658 1654 arduas.
678 1584 791 1654 Ardua
817 1592 926 1654 autem
948 1607 1045 1654 causa
1069 1586 1228 1654 censenda

92 1699 143 1778 est,
158 1693 251 1761 verbi
266 1693 385 1784 gratia,
402 1717 477 1784 qnae
498 1693 649 1762 Ecclesiae
664 1693 717 1761 vel
733 1692 920 1762 monasterii
940 1692 1133 1782 libertatem,
1151 1693 1229 1762 sub-

90 1797 267 1887 jectionem,
291 1801 425 1888 limites,
450 1801 622 1888 bonorem,
644 1801 696 1869 vel
712 1799 939 1869 alienationem
957 1800 1120 1870 bonorum
1141 1801 1231 1871 illius

92 1903 302 1975 immobilium
327 1907 377 1976 vel
402 1907 570 1976 mobilium
589 1907 806 1999 pretiosorum
827 1908 1002 1976 concernit.
1028 1908 1107 1976 ltem
1129 1908 1230 1979 ardua

92 2033 180 2080 cause
202 2021 252 2082 est
276 2014 306 2081 si
326 2014 571 2084 constituendus
596 2015 638 2082 sit
663 2021 854 2105 procurator
877 2014 1037 2104 generalis
1058 2023 1090 2083 et
1115 2039 1230 2108 perpe-

92 2124 171 2188 tuus.
199 2119 236 2188 Si
259 2143 338 2189 vero
364 2141 461 2189 causa
490 2119 640 2212 respiciat
665 2121 751 2190 bona
778 2120 926 2213 capituli,
960 2121 1106 2209 omnino,
1133 2123 1229 2191 etiam

92 2226 191 2314 quoad
214 2227 540 2316 administrationem,
558 2249 578 2296 a
599 2228 693 2296 bonis
712 2227 843 2297 Praelati
865 2237 1025 2320 separata,
1044 2228 1230 2298 nullatenus

92 2334 201 2422 poterit
230 2335 390 2404 Praelatus
414 2343 657 2427 procuratorem
692 2336 899 2404 constituere.
936 2335 1031 2426 (Vide
1062 2335 1229 2405 Schmalz-

91 2442 235 2530 grucber,
253 2443 289 2511 in
301 2443 434 2511 titulum
452 2446 506 2529 38,
521 2441 598 2510 libri
615 2446 628 2509 1
649 2441 881 2530 Decretalium,
895 2465 927 2510 n.
949 2441 992 2531 5.)

136 2552 165 2614 5.
188 2548 391 2617 Universitas
419 2556 522 2640 potest
545 2555 788 2639 procuratorem
814 2551 1009 2618 constituere
1033 2577 1040 2617 -:
1070 2562 1118 2620 est
1140 2552 1229 2621 enim

92 2661 242 2746 tauquam
256 2677 394 2746 persona
409 2657 483 2722 fieta
502 2677 577 2747 quae
598 2654 669 2724 loco
690 2655 816 2724 domini
830 2655 979 2724 habetur.
998 2656 1106 2749 Atque
1121 2657 1154 2725 id
1170 2681 1232 2728 ex·

92 2782 195 2850 presse
217 2761 391 2831 declaravit
412 2763 620 2832 Innocentius
643 2763 689 2830 111
714 2762 914 2832 scholaribus
944 2763 1130 2854 parisiensis
1157 2788 1233 2834 aca-

94 2867 203 2936 demiae
217 2869 279 2938 hoc
294 2868 389 2938 modo
403 2869 582 2937 rescribens
602 2897 609 2936 :
630 2869 717 2954 Quia
735 2869 771 2937 in
792 2871 898 2938 causis
912 2893 983 2961 que
1002 2884 1115 2939 contra
1133 2895 1187 2942 vos
1203 2887 1234 2941 et

91 2997 150 3064 pro
168 2975 255 3044 vobis
277 2987 459 3060 moventur,
479 2987 585 3045 uestra
605 2975 799 3044 universitas
814 2976 861 3045 ed
873 2976 1035 3068 aqeudum
1051 2991 1082 3046 et
1099 3001 1230 3071 respou-

95 3079 234 3150 dendum
256 3082 424 3151 commode
445 3083 596 3151 iuteresse
617 3105 682 3150 uon
702 3095 822 3176 potest,
839 3083 1033 3174 postulastis
1048 3108 1069 3152 u
1085 3085 1176 3155 nobb
1196 3099 1232 3154 ut

92 3201 336 3277 procuratorem
358 3190 525 3259 destituere
546 3189 718 3282 superbos
733 3189 821 3258 vobs's
842 3190 883 3257 de
897 3202 1009 3259 nostra
1021 3193 1235 3282 permissione

96 3295 211 3364 liceret.
229 3298 318 3365 Licet
333 3297 436 3388 ipitur
448 3296 578 3387 dejure
593 3297 760 3366 communi
774 3298 834 3365 doc
846 3300 954 3389 secere
972 3298 1120 3380 soleatis,
1139 3299 1235 3366 iusti-

97 3404 207 3472 tuencli
220 3419 332 3474 tumen
352 3419 600 3498 procuratorem
616 3427 712 3497 super
730 3406 791 3488 bis,
815 3407 1013 3474 auctoritate
1020 3407 1236 3498 presentium

96 3511 183 3578 nobes
206 3512 409 3581 concedimus
431 3514 627 3605 facultatem
652 3515 733 3605 (cap.
758 3517 776 3580 t
798 3513 885 3581 tituli
907 3516 947 3581 28
970 3513 1045 3581 libri
1073 3516 1085 3580 1
1115 3514 1234 3582 Decre-

97 3619 237 3711 talium).

617 3807 720 3900 snt.

385 3970 495 4028 Quinam
508 3973 690 4035 procuratores
703 3970 825 4020 constitui
839 3971 947 4034 possint.

142 4147 299 4216 Gonsdtni
311 4157 447 4238 possunt
460 4171 585 4235 omnes,
598 4149 744 4241 exeeptis
755 4149 796 4217 iis
809 4151 866 4241 qui
882 4172 901 4217 a
912 4149 987 4240 jure
1004 4149 1236 4242 prohibentur;

101 4275 177 4320 cum
197 4256 387 4346 repuleriter
412 4257 466 4346 (ait
487 4255 674 4325 Bonilacius
694 4255 798 4346 Vnt),
815 4259 873 4347 qui
895 4281 959 4325 nou
973 4259 1173 4349 prohibetur
1188 4287 1244 4331 ee·
1326 4301 1328 4308 ·
