3030 4980
276 469 337 534 488
652 493 828 538 raimerus
851 495 889 539 un
910 495 1043 541 runicus.

275 634 357 704 opus
373 634 439 680 non
455 611 579 702 fuisset,
595 637 669 683 cum
684 614 755 684 istae
769 637 876 684 causae
892 615 957 684 sint
968 615 1187 685 ecclesiasticas
1201 625 1232 682 et
1246 615 1287 684 ad
1303 615 1419 684 lorum

274 719 523 788 ecclesiasticum
542 721 749 813 pertinentes.
770 723 865 814 (Vide
886 723 1091 813 Fagnunum,
1107 723 1141 792 in
1161 730 1258 816 caput
1272 725 1372 794 Siaat
1388 739 1422 792 te

275 832 306 916 8,
323 827 408 896 tituli
425 831 478 916 tt,
495 827 571 898 libri
589 832 606 896 3
622 830 764 917 Decret,
782 854 815 899 n.
835 833 874 899 58
891 829 1018 924 etseq.)

316 935 500 1004 Psorosnuo
515 935 619 1008 Vlllt.
631 977 676 990 -
690 937 859 1030 Quidquid
870 937 913 1006 sit
928 937 967 1006 de
976 939 1057 1029 jure
1070 938 1189 1031 scripto
1203 961 1258 1007 seu
1271 938 1311 1008 da
1322 963 1420 1031 pra·

272 1044 381 1113 citatis
396 1044 618 1128 decretalibus,
637 1069 676 1114 ec
691 1046 850 1115 hodierna
863 1045 979 1114 saltem
1001 1047 1147 1136 penerali
1161 1047 1401 1117 cousuetudine
1408 1076 1422 1132 ;

273 1175 347 1244 qaae
361 1153 558 1243 ceteroquin
580 1163 762 1221 constanter
776 1152 818 1221 ab
841 1151 1039 1244 antiquitate
1058 1153 1196 1244 uiguisse
1210 1153 1351 1236 cidetrtr,
1373 1155 1419 1223 Ii-

272 1261 374 1328 citam
390 1273 434 1329 est
459 1259 592 1343 clericis,
610 1261 712 1329 etiam
731 1261 903 1353 majoram
925 1259 1092 1344 ordinum,
1109 1261 1235 1329 notarii
1255 1285 1311 1330 seu
1330 1283 1417 1330 cau·

271 1367 398 1438 cellarii
411 1369 557 1460 officinm
572 1391 716 1437 exercere
727 1391 791 1461 pro
813 1368 938 1436 actibus
956 1367 1165 1438 auctoritatis
1179 1369 1416 1439 modestice.

271 1515 315 1529 —
329 1475 381 1543 Ad
404 1474 596 1544 firmandam
617 1473 707 1543 illam
725 1475 980 1561 conclusionem,
997 1475 1203 1543 ostendemus
1219 1479 1251 1543 1⁰
1266 1475 1418 1546 extitisse

271 1581 450 1675 antiquitus
475 1583 675 1651 notariorum
704 1581 879 1672 quemdam
905 1582 1069 1668 ordinem,
1094 1582 1151 1674 qui
1174 1582 1258 1651 iuter
1278 1583 1419 1653 ordines

271 1691 414 1759 minores
428 1688 590 1758 clericales
604 1689 853 1781 computabatur
862 1716 872 1776 ;
889 1691 923 1756 2⁰
938 1688 1082 1778 viguisse
1102 1689 1136 1756 in
1158 1696 1222 1758 tota
1236 1690 1304 1757 lere
1322 1700 1418 1760 retro

271 1797 471 1890 antiquitate,
491 1806 525 1866 ut
540 1797 647 1866 clerici
665 1797 761 1866 etiam
785 1797 943 1888 majorum
964 1794 1116 1864 ordinum
1141 1797 1318 1866 notariatus
1332 1799 1417 1868 offi-

270 1907 357 1975 cium
381 1912 584 1994 exercerent3
603 1909 636 1972 ³⁶
649 1905 828 1974 etiamnum
854 1903 1037 1995 generalem
1053 1925 1123 1972 esse
1144 1905 1417 1977 consuetudinem

271 2021 308 2082 ut
330 2012 416 2082 idem
441 2013 587 2083 officium
610 2020 793 2098 exerceant,
810 2011 917 2104 quoad
943 2019 1033 2079 actus
1059 2011 1127 2080 sive
1150 2011 1318 2103 judiciales
1341 2015 1417 2084 sive

271 2119 531 2212 extrajudiciales
552 2119 716 2212 potestatis
740 2118 982 2198 ecclesiastirae3
1008 2121 1041 2185 i·
1055 2139 1179 2186 errasse
1202 2119 1415 2210 Fagnauum‚

270 2229 329 2321 qui
342 2227 532 2296 hodiernam
549 2249 620 2294 eam
635 2225 902 2294 cousuetudinem
919 2231 1029 2315 negat,
1045 2233 1076 2294 et
1091 2231 1189 2310 tenet,
1205 2248 1245 2294 ue
1268 2227 1303 2294 in
1318 2231 1417 2298 curia

271 2335 403 2429 quidem
427 2333 649 2420 ecclesiastica,
665 2333 788 2402 licitum
812 2331 935 2402 clericis
955 2354 1024 2400 esse
1042 2332 1221 2400 notariatus
1245 2333 1412 2404 officium.

315 2442 356 2511 Et
372 2445 404 2510 1ο
418 2439 552 2533 quidem
568 2439 711 2510 extitisse
726 2439 804 2510 olim
829 2438 1003 2532 quemdam
1024 2437 1224 2508 notariorum
1245 2441 1414 2530 ordinem,

271 2551 355 2619 inter
378 2548 509 2618 ordines
532 2548 673 2616 minores
697 2546 859 2616 clericales
881 2553 1117 2637 computatum,
1141 2555 1299 2616 memorat
1321 2549 1416 2620 Thn-

271 2657 443 2726 massiuus.
472 2656 628 2725 Reiereus
652 2656 737 2725 enim
765 2655 896 2723 concilii
921 2653 1122 2723 Coloniensis
1145 2655 1224 2723 anni
1250 2659 1333 2724 rste
1354 2659 1416 2727 de-

270 2771 407 2850 cretum,
423 2785 489 2855 quo
505 2763 669 2849 statuitur,
680 2771 715 2831 nt
730 2761 909 2854 Episcopus
925 2761 1093 2830 dioecesim
1108 2761 1243 2830 visitans
1257 2763 1416 2834 adhibeat

271 2871 435 2940 notarium
451 2869 510 2961 qai
528 2869 569 2936 sit
590 2868 738 2937 sacerdos
754 2881 815 2936 aut
833 2869 949 2936 saltem
971 2867 1102 2935 clericus
1117 2891 1184 2936 aaa
1198 2870 1412 2962 conjugatus,

270 2979 316 3046 sic
330 2975 421 3046 addit
440 3003 447 3044 :
469 2975 546 3044 «Ea
561 2975 687 3044 ratione
707 2974 739 3043 id
764 2974 942 3066 perlectum
958 2981 1017 3060 est,
1034 2981 1071 3041 ut
1088 2974 1155 3064 jam
1171 2973 1328 3062 efficium,
1345 3001 1415 3048 non
1499 2995 1500 3075 l

273 3111 290 3152 a
314 3083 395 3154 ordo
411 3082 610 3151 notariorum
625 3090 804 3175 spectetur3
819 3091 892 3148 cnm
909 3081 988 3150 olim
1002 3080 1082 3148 ordo
1098 3087 1192 3167 esset,
1203 3081 1254 3150 vel
1272 3084 1414 3153 minori-

274 3193 375 3260 «bns
405 3197 662 3280 aggregarentur
684 3197 716 3256 et
739 3189 824 3256 inter
848 3187 979 3256 clericos
1002 3194 1246 3256 recenserentur
1272 3193 1412 3278 notarii3
1498 3253 1499 3282 ,

273 3297 372 3367 «etsi
381 3298 448 3366 lere
458 3317 545 3363 nunc
555 3295 630 3362 laici
642 3295 834 3363 habeantur.
845 3295 928 3364 Cum
940 3293 1131 3385 presbyteri,
1142 3292 1413 3390 diaconi,aliique
1498 3287 1499 3382 l

273 3402 500 3498 «spectabiles
526 3401 589 3470 viri
619 3401 765 3494 amplum
795 3401 858 3469 sibi
888 3400 1054 3468 duxerunt
1083 3401 1285 3469 notariorum
1316 3427 1412 3473 exer·
1497 3429 1498 3452 t

273 3541 289 3578 ι(
312 3534 383 3582 cere
399 3531 548 3597 munera,
565 3507 721 3601 paulatim
737 3507 791 3575 illa
809 3507 945 3575 inolevit
958 3506 1083 3598 opinio,
1099 3529 1188 3576 mera
1202 3531 1241 3576 ea
1255 3531 1325 3579 esse
1337 3511 1412 3580 offi-

272 3647 289 3688 c
312 3619 371 3706 cia,
388 3639 462 3710 quae
488 3613 581 3683 indui
595 3625 627 3683 et
640 3615 717 3684 exiri
741 3621 882 3705 possent.
901 3614 1049 3706 Cumque
1070 3613 1176 3682 clerici
1198 3617 1365 3708 conjugati
1379 3621 1411 3687 iu

272 3755 289 3793 a
311 3726 468 3794 laicorum
485 3722 613 3790 tandem
629 3729 748 3790 sortem
765 3731 797 3790 et
812 3722 985 3790 colluviem
1005 3721 1072 3790 lere
1088 3721 1226 3790 demersi
1250 3723 1332 3812 sint,
1349 3749 1412 3796 nu-

271 3860 288 3898 «
312 3831 385 3900 tarii
398 3829 454 3922 qni
471 3827 630 3919 ejusmodi
646 3837 738 3896 erant
753 3828 875 3915 clerici,
893 3851 953 3920 pro
969 3828 1061 3895 laicis
1074 3834 1106 3895 et
1121 3827 1184 3918 ipsi
1200 3828 1306 3899 habiti
1322 3842 1410 3918 sunt,

271 3967 287 4004 a
310 3948 343 4006 at
368 3937 436 4004 solo
459 3936 591 4002 nomine
616 3934 738 4002 clerici.
765 3936 808 4002 At
835 3935 1017 4004 Tridentini
1045 3934 1158 4002 Patres
1185 3936 1410 4027 exploratissi-

271 4075 288 4112 α
311 4066 402 4113 mum
427 4063 503 4110 sanc
529 4041 684 4128 habuere,
703 4042 904 4110 notariorum
926 4063 1063 4110 munera
1078 4039 1119 4108 ab
1134 4042 1266 4131 origine
1291 4067 1350 4113 sua
1370 4047 1408 4114 ad

271 4179 287 4216 a
311 4149 445 4219 clericos
463 4155 623 4238 spectare;
640 4145 738 4238 idque
761 4147 928 4215 manifeste
949 4146 1167 4234 declararunt,
1185 4169 1260 4216 cum
1280 4157 1318 4217 ut
1342 4174 1407 4220 me

272 4285 288 4322 a
312 4257 466 4325 darentur
480 4253 522 4321 iis
538 4253 642 4340 malis,
658 4275 733 4344 quae
757 4277 798 4322 ex
824 4255 1023 4323 notariorum
1041 4253 1206 4344 imperitia
1224 4255 1405 4345 proficisce-
