<?xml version="1.0" encoding="UTF-8"?>
<!DOCTYPE html PUBLIC "-//W3C//DTD XHTML 1.0 Transitional//EN"
    "http://www.w3.org/TR/xhtml1/DTD/xhtml1-transitional.dtd">
<html xmlns="http://www.w3.org/1999/xhtml" xml:lang="en" lang="en">
 <head>
  <title>
</title>
<meta http-equiv="Content-Type" content="text/html;charset=utf-8" />
  <meta name='ocr-system' content='tesseract 3.04.00' />
  <meta name='ocr-capabilities' content='ocr_page ocr_carea ocr_par ocr_line ocrx_word'/>
</head>
<body>
  <div class='ocr_page' id='page_1' title='image "./tractatusdejudi01goog_0169.png"; bbox 0 0 3046 4968; ppageno 0'>
   <div class='ocr_carea' id='block_1_1' title="bbox 263 467 1030 530">
    <p class='ocr_par' dir='ltr' id='par_1_1' title="bbox 263 467 1030 530">
     <span class='ocr_line' id='line_1_1' title="bbox 263 467 1030 530; baseline -0.005 0"><span class='ocrx_word' id='word_1_1' title='bbox 263 467 323 530; x_wconf 80' lang='lat'><strong>158</strong></span> <span class='ocrx_word' id='word_1_2' title='bbox 636 481 812 528; x_wconf 78' lang='lat' dir='ltr'><strong>rnncrxrus</strong></span> <span class='ocrx_word' id='word_1_3' title='bbox 835 483 873 528; x_wconf 89' lang='grc'><strong>11</strong></span> <span class='ocrx_word' id='word_1_4' title='bbox 895 482 1030 528; x_wconf 82' lang='lat' dir='ltr'><strong>ruorcns.</strong></span> 
     </span>
    </p>
   </div>
   <div class='ocr_carea' id='block_1_2' title="bbox 259 600 1411 2728">
    <p class='ocr_par' dir='ltr' id='par_1_2' title="bbox 259 600 1411 2406">
     <span class='ocr_line' id='line_1_2' title="bbox 259 600 1407 696; baseline -0.005 -24"><span class='ocrx_word' id='word_1_5' title='bbox 259 607 306 673; x_wconf 86' lang='lat' dir='ltr'><strong>lta</strong></span> <span class='ocrx_word' id='word_1_6' title='bbox 322 603 463 696; x_wconf 84' lang='lat' dir='ltr'>disponit</span> <span class='ocrx_word' id='word_1_7' title='bbox 478 601 645 672; x_wconf 88' lang='lat' dir='ltr'><strong>decretalis</strong></span> <span class='ocrx_word' id='word_1_8' title='bbox 667 602 882 672; x_wconf 69' lang='lat' dir='ltr'><strong>prudenciam</strong></span> <span class='ocrx_word' id='word_1_9' title='bbox 904 602 1070 672; x_wconf 83' lang='lat' dir='ltr'><strong>Coelestini</strong></span> <span class='ocrx_word' id='word_1_10' title='bbox 1085 601 1130 670; x_wconf 96' lang='lat' dir='ltr'><strong>lll</strong></span> <span class='ocrx_word' id='word_1_11' title='bbox 1150 601 1265 694; x_wconf 86' lang='lat' dir='ltr'><strong>(capite</strong></span> <span class='ocrx_word' id='word_1_12' title='bbox 1285 603 1341 686; x_wconf 91' lang='grc'><strong>21,</strong></span> <span class='ocrx_word' id='word_1_13' title='bbox 1360 600 1407 666; x_wconf 90' lang='lat' dir='ltr'><strong>ti-</strong></span> 
     </span>
     <span class='ocr_line' id='line_1_3' title="bbox 259 707 1408 799; baseline -0.003 -23"><span class='ocrx_word' id='word_1_14' title='bbox 259 710 319 780; x_wconf 94' lang='lat' dir='ltr'><strong>tuli</strong></span> <span class='ocrx_word' id='word_1_15' title='bbox 333 715 388 798; x_wconf 82' lang='lat'><strong>29,</strong></span> <span class='ocrx_word' id='word_1_16' title='bbox 403 711 478 778; x_wconf 87' lang='lat' dir='ltr'><strong>libri</strong></span> <span class='ocrx_word' id='word_1_17' title='bbox 493 713 507 776; x_wconf 93' lang='lat' dir='ltr'><strong>t</strong></span> <span class='ocrx_word' id='word_1_18' title='bbox 525 707 752 793; x_wconf 84' lang='lat' dir='ltr'><strong>Decretalium,</strong></span> <span class='ocrx_word' id='word_1_19' title='bbox 766 709 787 798; x_wconf 65' lang='grc' dir='ltr'>ξ</span> <span class='ocrx_word' id='word_1_20' title='bbox 803 709 849 796; x_wconf 78' lang='grc'><strong>2).</strong></span> <span class='ocrx_word' id='word_1_21' title='bbox 868 709 992 777; x_wconf 88' lang='lat' dir='ltr'><strong>«Ratio</strong></span> <span class='ocrx_word' id='word_1_22' title='bbox 1007 716 1055 777; x_wconf 89' lang='lat' dir='ltr'><strong>eat</strong></span> <span class='ocrx_word' id='word_1_23' title='bbox 1070 709 1160 799; x_wconf 85' lang='lat' dir='ltr'><strong>quia,</strong></span> <span class='ocrx_word' id='word_1_24' title='bbox 1177 730 1251 776; x_wconf 90' lang='lat' dir='ltr'><strong>cum</strong></span> <span class='ocrx_word' id='word_1_25' title='bbox 1267 728 1408 776; x_wconf 88' lang='lat' dir='ltr'><strong>excom-</strong></span> 
     </span>
     <span class='ocr_line' id='line_1_4' title="bbox 263 815 1408 901; baseline -0.002 -19"><span class='ocrx_word' id='word_1_26' title='bbox 263 844 280 882; x_wconf 88' lang='lat'>«</span> <span class='ocrx_word' id='word_1_27' title='bbox 304 818 477 885; x_wconf 89' lang='lat' dir='ltr'><strong>municatio</strong></span> <span class='ocrx_word' id='word_1_28' title='bbox 499 840 519 884; x_wconf 91' lang='lat' dir='ltr'><strong>a</strong></span> <span class='ocrx_word' id='word_1_29' title='bbox 538 815 828 884; x_wconf 77' lang='lat' dir='ltr'><strong>communicatione</strong></span> <span class='ocrx_word' id='word_1_30' title='bbox 849 815 971 884; x_wconf 88' lang='lat' dir='ltr'><strong>forensi</strong></span> <span class='ocrx_word' id='word_1_31' title='bbox 994 823 1171 901; x_wconf 86' lang='lat' dir='ltr'><strong>removeat,</strong></span> <span class='ocrx_word' id='word_1_32' title='bbox 1190 816 1235 882; x_wconf 89' lang='lat' dir='ltr'><strong>ita</strong></span> <span class='ocrx_word' id='word_1_33' title='bbox 1255 835 1408 882; x_wconf 86' lang='lat' dir='ltr'><strong>necessa-</strong></span> 
     </span>
     <span class='ocr_line' id='line_1_5' title="bbox 263 921 1404 1014; baseline -0.001 -25"><span class='ocrx_word' id='word_1_34' title='bbox 263 953 280 991; x_wconf 82' lang='lat'>«</span> <span class='ocrx_word' id='word_1_35' title='bbox 303 926 388 994; x_wconf 88' lang='lat' dir='ltr'><strong>rium</strong></span> <span class='ocrx_word' id='word_1_36' title='bbox 403 933 464 1010; x_wconf 88' lang='lat' dir='ltr'><strong>est,</strong></span> <span class='ocrx_word' id='word_1_37' title='bbox 481 931 518 991; x_wconf 88' lang='lat' dir='ltr'><strong>ut</strong></span> <span class='ocrx_word' id='word_1_38' title='bbox 531 945 628 990; x_wconf 89' lang='lat' dir='ltr'><strong>causa</strong></span> <span class='ocrx_word' id='word_1_39' title='bbox 643 921 834 1012; x_wconf 91' lang='lat' dir='ltr'><strong>principalis</strong></span> <span class='ocrx_word' id='word_1_40' title='bbox 849 945 907 1014; x_wconf 86' lang='lat' dir='ltr'><strong>per</strong></span> <span class='ocrx_word' id='word_1_41' title='bbox 923 922 1107 1013; x_wconf 81' lang='lat' dir='ltr'><strong>delegatum</strong></span> <span class='ocrx_word' id='word_1_42' title='bbox 1123 922 1272 1014; x_wconf 85' lang='lat' dir='ltr'><strong>expediri</strong></span> <span class='ocrx_word' id='word_1_43' title='bbox 1286 922 1404 1014; x_wconf 79' lang='lat' dir='ltr'><strong>possit.</strong></span> 
     </span>
     <span class='ocr_line' id='line_1_6' title="bbox 262 1029 1408 1119; baseline -0.001 -23"><span class='ocrx_word' id='word_1_44' title='bbox 262 1059 280 1098; x_wconf 77' lang='lat' dir='ltr'><strong>a</strong></span> <span class='ocrx_word' id='word_1_45' title='bbox 302 1029 425 1100; x_wconf 81' lang='lat' dir='ltr'><strong>Addidi</strong></span> <span class='ocrx_word' id='word_1_46' title='bbox 440 1031 480 1099; x_wconf 86' lang='lat' dir='ltr'><strong>ob</strong></span> <span class='ocrx_word' id='word_1_47' title='bbox 494 1051 628 1097; x_wconf 81' lang='lat' dir='ltr'><strong>causam</strong></span> <span class='ocrx_word' id='word_1_48' title='bbox 643 1029 871 1119; x_wconf 81' lang='lat' dir='ltr'><strong>pertinentem,</strong></span> <span class='ocrx_word' id='word_1_49' title='bbox 889 1039 949 1098; x_wconf 90' lang='lat' dir='ltr'><strong>etc.</strong></span> <span class='ocrx_word' id='word_1_50' title='bbox 971 1057 979 1096; x_wconf 89' lang='lat'>:</span> <span class='ocrx_word' id='word_1_51' title='bbox 999 1052 1076 1097; x_wconf 88' lang='lat' dir='ltr'><strong>nam</strong></span> <span class='ocrx_word' id='word_1_52' title='bbox 1094 1031 1122 1096; x_wconf 88' lang='lat' dir='ltr'><strong>si</strong></span> <span class='ocrx_word' id='word_1_53' title='bbox 1144 1031 1186 1098; x_wconf 91' lang='lat' dir='ltr'><strong>ob</strong></span> <span class='ocrx_word' id='word_1_54' title='bbox 1199 1051 1326 1097; x_wconf 89' lang='lat' dir='ltr'><strong>causam</strong></span> <span class='ocrx_word' id='word_1_55' title='bbox 1346 1029 1408 1095; x_wconf 94' lang='lat' dir='ltr'><strong>di-</strong></span> 
     </span>
     <span class='ocr_line' id='line_1_7' title="bbox 262 1134 1408 1228; baseline 0 -26"><span class='ocrx_word' id='word_1_56' title='bbox 262 1163 278 1202; x_wconf 81' lang='lat' dir='ltr'><strong>n</strong></span> <span class='ocrx_word' id='word_1_57' title='bbox 302 1161 429 1206; x_wconf 87' lang='lat' dir='ltr'><strong>versam</strong></span> <span class='ocrx_word' id='word_1_58' title='bbox 446 1136 533 1204; x_wconf 90' lang='lat' dir='ltr'><strong>etad</strong></span> <span class='ocrx_word' id='word_1_59' title='bbox 548 1159 618 1203; x_wconf 89' lang='lat' dir='ltr'><strong>eam</strong></span> <span class='ocrx_word' id='word_1_60' title='bbox 635 1140 709 1227; x_wconf 76' lang='lat' dir='ltr'><strong>quae</strong></span> <span class='ocrx_word' id='word_1_61' title='bbox 726 1134 873 1224; x_wconf 81' lang='lat' dir='ltr'><strong>delegata</strong></span> <span class='ocrx_word' id='word_1_62' title='bbox 885 1144 933 1204; x_wconf 90' lang='lat' dir='ltr'><strong>cst</strong></span> <span class='ocrx_word' id='word_1_63' title='bbox 955 1159 1021 1205; x_wconf 92' lang='lat' dir='ltr'><strong>non</strong></span> <span class='ocrx_word' id='word_1_64' title='bbox 1037 1137 1252 1228; x_wconf 70' lang='lat' dir='ltr'><strong>pertinentem</strong></span> <span class='ocrx_word' id='word_1_65' title='bbox 1268 1158 1408 1204; x_wconf 85' lang='lat' dir='ltr'><strong>excom-</strong></span> 
     </span>
     <span class='ocr_line' id='line_1_8' title="bbox 262 1241 1408 1330; baseline 0 -20"><span class='ocrx_word' id='word_1_66' title='bbox 262 1273 279 1310; x_wconf 84' lang='lat'>«</span> <span class='ocrx_word' id='word_1_67' title='bbox 303 1246 486 1313; x_wconf 89' lang='lat' dir='ltr'><strong>municatus</strong></span> <span class='ocrx_word' id='word_1_68' title='bbox 501 1253 560 1330; x_wconf 84' lang='lat' dir='ltr'><strong>cst,</strong></span> <span class='ocrx_word' id='word_1_69' title='bbox 574 1243 614 1311; x_wconf 87' lang='lat' dir='ltr'><strong>ad</strong></span> <span class='ocrx_word' id='word_1_70' title='bbox 627 1243 977 1312; x_wconf 81' lang='lat' dir='ltr'><strong>excommunicatorem</strong></span> <span class='ocrx_word' id='word_1_71' title='bbox 994 1250 1042 1312; x_wconf 88' lang='lat' dir='ltr'><strong>est</strong></span> <span class='ocrx_word' id='word_1_72' title='bbox 1058 1242 1284 1312; x_wconf 86' lang='lat' dir='ltr'><strong>remittendus.</strong></span> <span class='ocrx_word' id='word_1_73' title='bbox 1297 1241 1408 1324; x_wconf 87' lang='lat' dir='ltr'><strong>Quisi</strong></span> 
     </span>
     <span class='ocr_line' id='line_1_9' title="bbox 263 1348 1409 1443; baseline 0.001 -26"><span class='ocrx_word' id='word_1_74' title='bbox 263 1379 280 1417; x_wconf 80' lang='lat' dir='ltr'><strong>n</strong></span> <span class='ocrx_word' id='word_1_75' title='bbox 301 1351 468 1421; x_wconf 87' lang='lat' dir='ltr'><strong>absolvere</strong></span> <span class='ocrx_word' id='word_1_76' title='bbox 482 1349 633 1417; x_wconf 88' lang='lat' dir='ltr'><strong>cumdem</strong></span> <span class='ocrx_word' id='word_1_77' title='bbox 650 1357 776 1434; x_wconf 86' lang='lat' dir='ltr'><strong>renuat,</strong></span> <span class='ocrx_word' id='word_1_78' title='bbox 793 1348 974 1418; x_wconf 85' lang='lat' dir='ltr'><strong>videndum</strong></span> <span class='ocrx_word' id='word_1_79' title='bbox 997 1373 1040 1418; x_wconf 85' lang='lat' dir='ltr'><strong>aa</strong></span> <span class='ocrx_word' id='word_1_80' title='bbox 1063 1373 1104 1419; x_wconf 90' lang='lat' dir='ltr'><strong>cx</strong></span> <span class='ocrx_word' id='word_1_81' title='bbox 1128 1352 1218 1443; x_wconf 81' lang='lat' dir='ltr'><strong>justa</strong></span> <span class='ocrx_word' id='word_1_82' title='bbox 1238 1373 1332 1420; x_wconf 87' lang='lat' dir='ltr'><strong>causa</strong></span> <span class='ocrx_word' id='word_1_83' title='bbox 1348 1373 1409 1418; x_wconf 89' lang='lat' dir='ltr'><strong>re-</strong></span> 
     </span>
     <span class='ocr_line' id='line_1_10' title="bbox 261 1455 1404 1550; baseline 0 -26"><span class='ocrx_word' id='word_1_84' title='bbox 261 1487 278 1524; x_wconf 77' lang='lat' dir='ltr'><strong>a</strong></span> <span class='ocrx_word' id='word_1_85' title='bbox 302 1468 516 1548; x_wconf 87' lang='lat' dir='ltr'><strong>nuat‚anper</strong></span> <span class='ocrx_word' id='word_1_86' title='bbox 528 1455 694 1524; x_wconf 88' lang='lat' dir='ltr'><strong>malitiam.</strong></span> <span class='ocrx_word' id='word_1_87' title='bbox 715 1455 750 1522; x_wconf 88' lang='lat' dir='ltr'><strong>Si</strong></span> <span class='ocrx_word' id='word_1_88' title='bbox 765 1455 826 1524; x_wconf 93' lang='lat' dir='ltr'><strong>boc</strong></span> <span class='ocrx_word' id='word_1_89' title='bbox 845 1457 1036 1545; x_wconf 89' lang='lat' dir='ltr'><strong>secundum,</strong></span> <span class='ocrx_word' id='word_1_90' title='bbox 1050 1459 1147 1550; x_wconf 86' lang='lat' dir='ltr'><strong>juxta</strong></span> <span class='ocrx_word' id='word_1_91' title='bbox 1158 1458 1404 1550; x_wconf 82' lang='lat' dir='ltr'><strong>paragraphum</strong></span> 
     </span>
     <span class='ocr_line' id='line_1_11' title="bbox 263 1562 1407 1657; baseline 0.001 -26"><span class='ocrx_word' id='word_1_92' title='bbox 263 1593 279 1631; x_wconf 83' lang='lat' dir='ltr'><strong>n</strong></span> <span class='ocrx_word' id='word_1_93' title='bbox 302 1566 433 1634; x_wconf 89' lang='lat' dir='ltr'><strong>citatum</strong></span> <span class='ocrx_word' id='word_1_94' title='bbox 451 1565 579 1654; x_wconf 86' lang='lat' dir='ltr'><strong>(nempe</strong></span> <span class='ocrx_word' id='word_1_95' title='bbox 594 1563 615 1654; x_wconf 64' lang='grc' dir='ltr'>ξ</span> <span class='ocrx_word' id='word_1_96' title='bbox 629 1566 662 1648; x_wconf 91' lang='grc'><strong>2,</strong></span> <span class='ocrx_word' id='word_1_97' title='bbox 673 1562 750 1629; x_wconf 92' lang='lat' dir='ltr'><strong>dicti</strong></span> <span class='ocrx_word' id='word_1_98' title='bbox 765 1563 877 1654; x_wconf 91' lang='lat' dir='ltr'><strong>capitis</strong></span> <span class='ocrx_word' id='word_1_99' title='bbox 893 1564 1140 1656; x_wconf 80' lang='lat' dir='ltr'><strong>Prudentiam),</strong></span> <span class='ocrx_word' id='word_1_100' title='bbox 1153 1565 1223 1657; x_wconf 88' lang='lat' dir='ltr'><strong>ipse</strong></span> <span class='ocrx_word' id='word_1_101' title='bbox 1236 1565 1407 1654; x_wconf 84' lang='lat' dir='ltr'><strong>delegatus</strong></span> 
     </span>
     <span class='ocr_line' id='line_1_12' title="bbox 263 1669 1408 1763; baseline 0 -25"><span class='ocrx_word' id='word_1_102' title='bbox 263 1701 280 1738; x_wconf 77' lang='lat' dir='ltr'><strong>c</strong></span> <span class='ocrx_word' id='word_1_103' title='bbox 303 1672 468 1741; x_wconf 88' lang='lat' dir='ltr'><strong>absolvere</strong></span> <span class='ocrx_word' id='word_1_104' title='bbox 487 1671 638 1739; x_wconf 92' lang='lat' dir='ltr'><strong>eumdem</strong></span> <span class='ocrx_word' id='word_1_105' title='bbox 654 1669 783 1760; x_wconf 87' lang='lat' dir='ltr'><strong>poterit.</strong></span> <span class='ocrx_word' id='word_1_106' title='bbox 800 1669 836 1738; x_wconf 89' lang='lat' dir='ltr'><strong>Si</strong></span> <span class='ocrx_word' id='word_1_107' title='bbox 852 1693 930 1740; x_wconf 90' lang='lat' dir='ltr'><strong>vero</strong></span> <span class='ocrx_word' id='word_1_108' title='bbox 945 1674 1103 1763; x_wconf 90' lang='lat' dir='ltr'><strong>primum,</strong></span> <span class='ocrx_word' id='word_1_109' title='bbox 1122 1673 1248 1742; x_wconf 88' lang='lat' dir='ltr'><strong>absolvi</strong></span> <span class='ocrx_word' id='word_1_110' title='bbox 1271 1695 1291 1739; x_wconf 89' lang='lat' dir='ltr'><strong>a</strong></span> <span class='ocrx_word' id='word_1_111' title='bbox 1312 1671 1408 1738; x_wconf 90' lang='lat' dir='ltr'><strong>dele-</strong></span> 
     </span>
     <span class='ocr_line' id='line_1_13' title="bbox 263 1777 1408 1872; baseline 0.001 -28"><span class='ocrx_word' id='word_1_112' title='bbox 263 1807 279 1844; x_wconf 86' lang='lat'>«</span> <span class='ocrx_word' id='word_1_113' title='bbox 302 1788 377 1869; x_wconf 80' lang='lat' dir='ltr'><strong>gato</strong></span> <span class='ocrx_word' id='word_1_114' title='bbox 392 1800 456 1846; x_wconf 89' lang='lat' dir='ltr'><strong>uon</strong></span> <span class='ocrx_word' id='word_1_115' title='bbox 471 1778 600 1869; x_wconf 89' lang='lat' dir='ltr'><strong>poterit,</strong></span> <span class='ocrx_word' id='word_1_116' title='bbox 618 1799 655 1844; x_wconf 90' lang='lat' dir='ltr'><strong>ac</strong></span> <span class='ocrx_word' id='word_1_117' title='bbox 669 1777 806 1868; x_wconf 86' lang='lat' dir='ltr'><strong>proinde</strong></span> <span class='ocrx_word' id='word_1_118' title='bbox 832 1779 872 1845; x_wconf 83' lang='lat' dir='ltr'><strong>ab</strong></span> <span class='ocrx_word' id='word_1_119' title='bbox 896 1780 1023 1868; x_wconf 82' lang='lat' dir='ltr'><strong>agendo</strong></span> <span class='ocrx_word' id='word_1_120' title='bbox 1043 1780 1111 1872; x_wconf 89' lang='lat' dir='ltr'><strong>ipse</strong></span> <span class='ocrx_word' id='word_1_121' title='bbox 1137 1778 1354 1872; x_wconf 89' lang='lat' dir='ltr'><strong>repellendus,</strong></span> <span class='ocrx_word' id='word_1_122' title='bbox 1372 1788 1408 1846; x_wconf 90' lang='lat' dir='ltr'><strong>ct</strong></span> 
     </span>
     <span class='ocr_line' id='line_1_14' title="bbox 264 1883 1409 1976; baseline -0.001 -22"><span class='ocrx_word' id='word_1_123' title='bbox 264 1915 281 1954; x_wconf 75' lang='lat' dir='ltr'><strong>a</strong></span> <span class='ocrx_word' id='word_1_124' title='bbox 303 1888 391 1976; x_wconf 88' lang='lat' dir='ltr'><strong>Papa</strong></span> <span class='ocrx_word' id='word_1_125' title='bbox 405 1885 445 1954; x_wconf 87' lang='lat' dir='ltr'><strong>dc</strong></span> <span class='ocrx_word' id='word_1_126' title='bbox 461 1893 545 1952; x_wconf 89' lang='lat' dir='ltr'><strong>statu</strong></span> <span class='ocrx_word' id='word_1_127' title='bbox 567 1905 673 1952; x_wconf 84' lang='lat' dir='ltr'><strong>causae</strong></span> <span class='ocrx_word' id='word_1_128' title='bbox 695 1883 922 1953; x_wconf 89' lang='lat' dir='ltr'><strong>informandus</strong></span> <span class='ocrx_word' id='word_1_129' title='bbox 943 1897 1030 1955; x_wconf 89' lang='lat' dir='ltr'><strong>est...</strong></span> <span class='ocrx_word' id='word_1_130' title='bbox 1049 1887 1085 1955; x_wconf 89' lang='lat' dir='ltr'><strong>Si</strong></span> <span class='ocrx_word' id='word_1_131' title='bbox 1101 1911 1199 1956; x_wconf 88' lang='lat' dir='ltr'><strong>causa</strong></span> <span class='ocrx_word' id='word_1_132' title='bbox 1215 1887 1409 1956; x_wconf 88' lang='lat' dir='ltr'><strong>dilutionem</strong></span> 
     </span>
     <span class='ocr_line' id='line_1_15' title="bbox 263 1991 1411 2084; baseline 0.002 -26"><span class='ocrx_word' id='word_1_133' title='bbox 263 2018 280 2058; x_wconf 75' lang='grc' dir='ltr'><strong>α</strong></span> <span class='ocrx_word' id='word_1_134' title='bbox 304 1991 1411 2084; x_wconf 83' lang='lat' dir='ltr'><strong>nonpateretur...‚excommunicatuspossctadclcgatoabsolviad</strong></span> 
     </span>
     <span class='ocr_line' id='line_1_16' title="bbox 264 2095 1409 2192; baseline 0 -25"><span class='ocrx_word' id='word_1_135' title='bbox 264 2127 281 2166; x_wconf 80' lang='lat' dir='ltr'><strong>a</strong></span> <span class='ocrx_word' id='word_1_136' title='bbox 303 2097 563 2178; x_wconf 81' lang='lat' dir='ltr'><strong>reincidentiam,</strong></span> <span class='ocrx_word' id='word_1_137' title='bbox 581 2099 649 2164; x_wconf 87' lang='lat' dir='ltr'><strong>sive</strong></span> <span class='ocrx_word' id='word_1_138' title='bbox 670 2095 711 2164; x_wconf 87' lang='lat' dir='ltr'><strong>ad</strong></span> <span class='ocrx_word' id='word_1_139' title='bbox 726 2107 918 2187; x_wconf 75' lang='lat' dir='ltr'><strong>presentem</strong></span> <span class='ocrx_word' id='word_1_140' title='bbox 934 2106 1061 2170; x_wconf 86' lang='lat' dir='ltr'><strong>tantum</strong></span> <span class='ocrx_word' id='word_1_141' title='bbox 1084 2111 1193 2171; x_wconf 91' lang='lat' dir='ltr'><strong>actum</strong></span> <span class='ocrx_word' id='word_1_142' title='bbox 1214 2100 1409 2192; x_wconf 86' lang='lat' dir='ltr'><strong>judicialem</strong></span> 
     </span>
     <span class='ocr_line' id='line_1_17' title="bbox 264 2205 1406 2297; baseline 0.003 -27"><span class='ocrx_word' id='word_1_143' title='bbox 264 2205 539 2282; x_wconf 67' lang='lat' dir='ltr'><strong>«exercendum</strong></span> <span class='ocrx_word' id='word_1_144' title='bbox 569 2206 614 2272; x_wconf 88' lang='lat' dir='ltr'><strong>ita</strong></span> <span class='ocrx_word' id='word_1_145' title='bbox 642 2213 678 2271; x_wconf 90' lang='lat' dir='ltr'><strong>ut</strong></span> <span class='ocrx_word' id='word_1_146' title='bbox 709 2205 769 2272; x_wconf 88' lang='lat' dir='ltr'><strong>isto</strong></span> <span class='ocrx_word' id='word_1_147' title='bbox 801 2215 929 2297; x_wconf 86' lang='lat' dir='ltr'><strong>peracto</strong></span> <span class='ocrx_word' id='word_1_148' title='bbox 958 2210 992 2276; x_wconf 90' lang='lat' dir='ltr'><strong>in</strong></span> <span class='ocrx_word' id='word_1_149' title='bbox 1029 2209 1406 2279; x_wconf 77' lang='lat' dir='ltr'><strong>excommunicationem</strong></span> 
     </span>
     <span class='ocr_line' id='line_1_18' title="bbox 265 2309 1127 2406; baseline 0.005 -27"><span class='ocrx_word' id='word_1_150' title='bbox 265 2339 282 2379; x_wconf 84' lang='lat' dir='ltr'><strong>c</strong></span> <span class='ocrx_word' id='word_1_151' title='bbox 306 2312 504 2381; x_wconf 76' lang='lat' dir='ltr'><strong>reincidat.»</strong></span> <span class='ocrx_word' id='word_1_152' title='bbox 526 2309 841 2402; x_wconf 83' lang='lat' dir='ltr'><strong>(Scbmalzgrueher,</strong></span> <span class='ocrx_word' id='word_1_153' title='bbox 855 2313 925 2382; x_wconf 92' lang='lat' dir='ltr'><strong>loco</strong></span> <span class='ocrx_word' id='word_1_154' title='bbox 940 2315 1010 2406; x_wconf 87' lang='lat' dir='ltr'><strong>cit.)</strong></span> <span class='ocrx_word' id='word_1_155' title='bbox 1124 2323 1127 2330; x_wconf 82' lang='grc'>’</span> 
     </span>
    </p>

    <p class='ocr_par' dir='ltr' id='par_1_3' title="bbox 261 2418 1409 2728">
     <span class='ocr_line' id='line_1_19' title="bbox 308 2418 1409 2513; baseline 0.001 -27"><span class='ocrx_word' id='word_1_156' title='bbox 308 2425 336 2488; x_wconf 83' lang='grc'><strong>5.</strong></span> <span class='ocrx_word' id='word_1_157' title='bbox 355 2418 493 2500; x_wconf 87' lang='lat' dir='ltr'><strong>Quando</strong></span> <span class='ocrx_word' id='word_1_158' title='bbox 508 2441 583 2487; x_wconf 90' lang='lat' dir='ltr'><strong>reus</strong></span> <span class='ocrx_word' id='word_1_159' title='bbox 598 2419 683 2487; x_wconf 86' lang='grc'>11111</span> <span class='ocrx_word' id='word_1_160' title='bbox 708 2419 880 2510; x_wconf 84' lang='lat' dir='ltr'><strong>praelixum</strong></span> <span class='ocrx_word' id='word_1_161' title='bbox 897 2423 1074 2490; x_wconf 89' lang='lat' dir='ltr'><strong>terminum</strong></span> <span class='ocrx_word' id='word_1_162' title='bbox 1091 2445 1158 2489; x_wconf 91' lang='lat' dir='ltr'><strong>non</strong></span> <span class='ocrx_word' id='word_1_163' title='bbox 1177 2430 1354 2513; x_wconf 87' lang='lat' dir='ltr'><strong>comparet,</strong></span> <span class='ocrx_word' id='word_1_164' title='bbox 1371 2431 1409 2488; x_wconf 86' lang='lat' dir='ltr'><strong>et</strong></span> 
     </span>
     <span class='ocr_line' id='line_1_20' title="bbox 261 2526 1409 2620; baseline -0.001 -24"><span class='ocrx_word' id='word_1_165' title='bbox 261 2551 390 2596; x_wconf 86' lang='lat' dir='ltr'><strong>causam</strong></span> <span class='ocrx_word' id='word_1_166' title='bbox 405 2527 582 2616; x_wconf 80' lang='lat' dir='ltr'><strong>legitimam</strong></span> <span class='ocrx_word' id='word_1_167' title='bbox 601 2526 755 2594; x_wconf 80' lang='lat' dir='ltr'><strong>absentiae</strong></span> <span class='ocrx_word' id='word_1_168' title='bbox 772 2549 838 2595; x_wconf 92' lang='lat' dir='ltr'><strong>non</strong></span> <span class='ocrx_word' id='word_1_169' title='bbox 855 2527 971 2614; x_wconf 82' lang='lat' dir='ltr'><strong>habet3</strong></span> <span class='ocrx_word' id='word_1_170' title='bbox 990 2537 1022 2596; x_wconf 89' lang='lat' dir='ltr'><strong>et</strong></span> <span class='ocrx_word' id='word_1_171' title='bbox 1036 2529 1168 2598; x_wconf 85' lang='lat' dir='ltr'><strong>aliunde</strong></span> <span class='ocrx_word' id='word_1_172' title='bbox 1183 2539 1272 2598; x_wconf 90' lang='lat' dir='ltr'><strong>actor</strong></span> <span class='ocrx_word' id='word_1_173' title='bbox 1288 2528 1409 2620; x_wconf 87' lang='lat' dir='ltr'><strong>probat</strong></span> 
     </span>
     <span class='ocr_line' id='line_1_21' title="bbox 262 2633 1404 2728; baseline 0 -26"><span class='ocrx_word' id='word_1_174' title='bbox 262 2658 295 2702; x_wconf 92' lang='lat' dir='ltr'><strong>se</strong></span> <span class='ocrx_word' id='word_1_175' title='bbox 311 2635 410 2703; x_wconf 85' lang='lat' dir='ltr'><strong>luisse</strong></span> <span class='ocrx_word' id='word_1_176' title='bbox 430 2635 465 2700; x_wconf 95' lang='lat' dir='ltr'><strong>in</strong></span> <span class='ocrx_word' id='word_1_177' title='bbox 481 2633 693 2723; x_wconf 88' lang='lat' dir='ltr'><strong>possessione,</strong></span> <span class='ocrx_word' id='word_1_178' title='bbox 711 2641 743 2700; x_wconf 89' lang='lat' dir='ltr'><strong>et</strong></span> <span class='ocrx_word' id='word_1_179' title='bbox 758 2643 867 2723; x_wconf 86' lang='lat' dir='ltr'><strong>postea</strong></span> <span class='ocrx_word' id='word_1_180' title='bbox 889 2635 1113 2726; x_wconf 81' lang='lat' dir='ltr'><strong>spoliationem</strong></span> <span class='ocrx_word' id='word_1_181' title='bbox 1134 2643 1266 2728; x_wconf 87' lang='lat' dir='ltr'><strong>passum</strong></span> <span class='ocrx_word' id='word_1_182' title='bbox 1283 2635 1404 2721; x_wconf 84' lang='lat' dir='ltr'><strong>fuisse3</strong></span> 
     </span>
    </p>
   </div>
   <div class='ocr_carea' id='block_1_3' title="bbox 261 2740 1515 2841">
    <p class='ocr_par' dir='ltr' id='par_1_4' title="bbox 261 2740 1515 2841">
     <span class='ocr_line' id='line_1_22' title="bbox 261 2740 1515 2841; baseline 0.001 -32"><span class='ocrx_word' id='word_1_183' title='bbox 261 2751 365 2833; x_wconf 86' lang='lat' dir='ltr'><strong>potest</strong></span> <span class='ocrx_word' id='word_1_184' title='bbox 375 2740 541 2830; x_wconf 80' lang='lat' dir='ltr'><strong>delegatus</strong></span> <span class='ocrx_word' id='word_1_185' title='bbox 553 2747 716 2841; x_wconf 65' lang='lat' dir='ltr'><strong>exactorem</strong></span> <span class='ocrx_word' id='word_1_186' title='bbox 731 2741 766 2806; x_wconf 93' lang='lat' dir='ltr'><strong>in</strong></span> <span class='ocrx_word' id='word_1_187' title='bbox 778 2743 1011 2830; x_wconf 90' lang='lat' dir='ltr'><strong>possessionem</strong></span> <span class='ocrx_word' id='word_1_188' title='bbox 1027 2743 1207 2810; x_wconf 85' lang='lat' dir='ltr'><strong>restituere.</strong></span> <span class='ocrx_word' id='word_1_189' title='bbox 1223 2743 1271 2811; x_wconf 89' lang='lat' dir='ltr'><strong>lta</strong></span> <span class='ocrx_word' id='word_1_190' title='bbox 1282 2742 1408 2832; x_wconf 88' lang='lat' dir='ltr'><strong>quippe</strong></span> <span class='ocrx_word' id='word_1_191' title='bbox 1514 2815 1515 2824; x_wconf 16' lang='lat'>¹</span> 
     </span>
    </p>
   </div>
   <div class='ocr_carea' id='block_1_4' title="bbox 262 2827 1515 3042">
    <p class='ocr_par' dir='ltr' id='par_1_5' title="bbox 262 2827 1515 3042">
     <span class='ocr_line' id='line_1_23' title="bbox 262 2827 1515 2940; baseline -0.002 -25"><span class='ocrx_word' id='word_1_192' title='bbox 262 2848 403 2939; x_wconf 89' lang='lat' dir='ltr'><strong>disponit</strong></span> <span class='ocrx_word' id='word_1_193' title='bbox 424 2845 593 2914; x_wconf 88' lang='lat' dir='ltr'><strong>decretalis</strong></span> <span class='ocrx_word' id='word_1_194' title='bbox 611 2846 909 2915; x_wconf 80' lang='lat' dir='ltr'><strong>Consultationibns</strong></span> <span class='ocrx_word' id='word_1_195' title='bbox 930 2848 1111 2916; x_wconf 79' lang='lat' dir='ltr'><strong>Alexandri</strong></span> <span class='ocrx_word' id='word_1_196' title='bbox 1126 2850 1171 2917; x_wconf 95' lang='lat' dir='ltr'><strong>lll</strong></span> <span class='ocrx_word' id='word_1_197' title='bbox 1186 2851 1268 2940; x_wconf 80' lang='lat' dir='ltr'><strong>(cap.</strong></span> <span class='ocrx_word' id='word_1_198' title='bbox 1289 2849 1410 2933; x_wconf 87' lang='grc'>19,11-</span> <span class='ocrx_word' id='word_1_199' title='bbox 1514 2827 1515 2912; x_wconf 56' lang='lat' dir='ltr'><strong>i</strong></span> 
     </span>
     <span class='ocr_line' id='line_1_24' title="bbox 264 2953 781 3042; baseline -0.004 -20"><span class='ocrx_word' id='word_1_200' title='bbox 264 2954 486 3041; x_wconf 84' lang='grc'>1111129,111111</span> <span class='ocrx_word' id='word_1_201' title='bbox 506 2957 519 3020; x_wconf 94' lang='lat' dir='ltr'><strong>l</strong></span> <span class='ocrx_word' id='word_1_202' title='bbox 538 2953 781 3042; x_wconf 87' lang='lat' dir='ltr'><strong>Decrelalium).</strong></span> 
     </span>
    </p>
   </div>
   <div class='ocr_carea' id='block_1_5' title="bbox 308 3060 1515 3151">
    <p class='ocr_par' dir='ltr' id='par_1_6' title="bbox 308 3060 1515 3151">
     <span class='ocr_line' id='line_1_25' title="bbox 308 3060 1515 3151; baseline -0.002 -21"><span class='ocrx_word' id='word_1_203' title='bbox 308 3068 339 3130; x_wconf 81' lang='lat' dir='ltr'><strong>a.</strong></span> <span class='ocrx_word' id='word_1_204' title='bbox 362 3063 501 3130; x_wconf 77' lang='lat' dir='ltr'><strong>«Potest</strong></span> <span class='ocrx_word' id='word_1_205' title='bbox 517 3060 682 3150; x_wconf 82' lang='lat' dir='ltr'><strong>delegatus</strong></span> <span class='ocrx_word' id='word_1_206' title='bbox 696 3083 715 3128; x_wconf 89' lang='lat' dir='ltr'><strong>a</strong></span> <span class='ocrx_word' id='word_1_207' title='bbox 730 3061 832 3151; x_wconf 84' lang='lat' dir='ltr'><strong>Papa,</strong></span> <span class='ocrx_word' id='word_1_208' title='bbox 846 3082 912 3129; x_wconf 89' lang='lat' dir='ltr'><strong>non</strong></span> <span class='ocrx_word' id='word_1_209' title='bbox 927 3072 1053 3129; x_wconf 89' lang='lat' dir='ltr'><strong>tantum</strong></span> <span class='ocrx_word' id='word_1_210' title='bbox 1068 3062 1110 3130; x_wconf 89' lang='lat' dir='ltr'><strong>de</strong></span> <span class='ocrx_word' id='word_1_211' title='bbox 1124 3085 1222 3130; x_wconf 88' lang='lat' dir='ltr'><strong>causa</strong></span> <span class='ocrx_word' id='word_1_212' title='bbox 1237 3063 1298 3129; x_wconf 89' lang='lat' dir='ltr'><strong>sibi</strong></span> <span class='ocrx_word' id='word_1_213' title='bbox 1313 3083 1408 3129; x_wconf 91' lang='lat' dir='ltr'><strong>com·</strong></span> <span class='ocrx_word' id='word_1_214' title='bbox 1514 3083 1515 3094; x_wconf 55' lang='lat'>¹</span> 
     </span>
    </p>
   </div>
   <div class='ocr_carea' id='block_1_6' title="bbox 267 3168 1407 3366">
    <p class='ocr_par' dir='ltr' id='par_1_7' title="bbox 267 3168 1407 3366">
     <span class='ocr_line' id='line_1_26' title="bbox 267 3168 1407 3258; baseline -0.003 -22"><span class='ocrx_word' id='word_1_215' title='bbox 267 3199 284 3236; x_wconf 80' lang='lat' dir='ltr'><strong>a</strong></span> <span class='ocrx_word' id='word_1_216' title='bbox 309 3171 405 3238; x_wconf 86' lang='lat' dir='ltr'><strong>missa</strong></span> <span class='ocrx_word' id='word_1_217' title='bbox 431 3174 677 3258; x_wconf 79' lang='lat' dir='ltr'><strong>cognoscereet</strong></span> <span class='ocrx_word' id='word_1_218' title='bbox 702 3189 800 3258; x_wconf 88' lang='lat' dir='ltr'><strong>super</strong></span> <span class='ocrx_word' id='word_1_219' title='bbox 826 3190 863 3235; x_wconf 89' lang='lat' dir='ltr'><strong>ca</strong></span> <span class='ocrx_word' id='word_1_220' title='bbox 888 3168 973 3236; x_wconf 89' lang='lat' dir='ltr'><strong>ferre</strong></span> <span class='ocrx_word' id='word_1_221' title='bbox 1000 3171 1204 3254; x_wconf 87' lang='lat' dir='ltr'><strong>sententiam,</strong></span> <span class='ocrx_word' id='word_1_222' title='bbox 1223 3168 1278 3236; x_wconf 88' lang='lat' dir='ltr'><strong>sed</strong></span> <span class='ocrx_word' id='word_1_223' title='bbox 1304 3169 1407 3236; x_wconf 89' lang='lat' dir='ltr'><strong>ctiam</strong></span> 
     </span>
     <span class='ocr_line' id='line_1_27' title="bbox 268 3275 1404 3366; baseline -0.004 -22"><span class='ocrx_word' id='word_1_224' title='bbox 268 3305 285 3344; x_wconf 78' lang='lat' dir='ltr'><strong>a</strong></span> <span class='ocrx_word' id='word_1_225' title='bbox 308 3277 404 3345; x_wconf 88' lang='lat' dir='ltr'><strong>latam</strong></span> <span class='ocrx_word' id='word_1_226' title='bbox 427 3276 558 3365; x_wconf 81' lang='lat' dir='ltr'><strong>exequi,</strong></span> <span class='ocrx_word' id='word_1_227' title='bbox 575 3281 612 3344; x_wconf 89' lang='lat' dir='ltr'><strong>ut</strong></span> <span class='ocrx_word' id='word_1_228' title='bbox 635 3282 758 3342; x_wconf 89' lang='lat' dir='ltr'><strong>constat</strong></span> <span class='ocrx_word' id='word_1_229' title='bbox 774 3296 816 3341; x_wconf 88' lang='lat' dir='ltr'><strong>ex</strong></span> <span class='ocrx_word' id='word_1_230' title='bbox 830 3275 933 3365; x_wconf 87' lang='lat' dir='ltr'><strong>capite</strong></span> <span class='ocrx_word' id='word_1_231' title='bbox 959 3275 1166 3366; x_wconf 76' lang='lat' dir='ltr'><strong>Sipnificasti</strong></span> <span class='ocrx_word' id='word_1_232' title='bbox 1180 3277 1225 3366; x_wconf 83' lang='lat'><strong>(7,</strong></span> <span class='ocrx_word' id='word_1_233' title='bbox 1243 3275 1404 3363; x_wconf 86' lang='grc'>11111129,</span> 
     </span>
    </p>
   </div>
   <div class='ocr_carea' id='block_1_7' title="bbox 268 3380 1515 3473">
    <p class='ocr_par' dir='ltr' id='par_1_8' title="bbox 268 3380 1515 3473">
     <span class='ocr_line' id='line_1_28' title="bbox 268 3380 1515 3473; baseline -0.003 -23"><span class='ocrx_word' id='word_1_234' title='bbox 268 3411 285 3450; x_wconf 80' lang='lat' dir='ltr'><strong>a</strong></span> <span class='ocrx_word' id='word_1_235' title='bbox 308 3383 383 3450; x_wconf 91' lang='lat' dir='ltr'><strong>libri</strong></span> <span class='ocrx_word' id='word_1_236' title='bbox 401 3386 415 3449; x_wconf 94' lang='lat' dir='ltr'><strong>t</strong></span> <span class='ocrx_word' id='word_1_237' title='bbox 432 3380 658 3470; x_wconf 78' lang='lat' dir='ltr'><strong>Decretalium)</strong></span> <span class='ocrx_word' id='word_1_238' title='bbox 679 3408 686 3448; x_wconf 93' lang='lat'><strong>:</strong></span> <span class='ocrx_word' id='word_1_239' title='bbox 705 3402 764 3471; x_wconf 90' lang='lat' dir='ltr'><strong>pro</strong></span> <span class='ocrx_word' id='word_1_240' title='bbox 779 3404 845 3473; x_wconf 90' lang='lat' dir='ltr'><strong>quo</strong></span> <span class='ocrx_word' id='word_1_241' title='bbox 860 3380 957 3449; x_wconf 88' lang='lat' dir='ltr'><strong>babet</strong></span> <span class='ocrx_word' id='word_1_242' title='bbox 974 3405 1099 3450; x_wconf 90' lang='lat' dir='ltr'><strong>annum</strong></span> <span class='ocrx_word' id='word_1_243' title='bbox 1114 3383 1280 3472; x_wconf 79' lang='lat' dir='ltr'><strong>integrum</strong></span> <span class='ocrx_word' id='word_1_244' title='bbox 1295 3382 1408 3450; x_wconf 87' lang='lat' dir='ltr'><strong>conti-</strong></span> <span class='ocrx_word' id='word_1_245' title='bbox 1514 3381 1515 3462; x_wconf 56' lang='grc' dir='ltr'>ζ</span> 
     </span>
    </p>
   </div>
   <div class='ocr_carea' id='block_1_8' title="bbox 268 3487 1409 3796">
    <p class='ocr_par' dir='ltr' id='par_1_9' title="bbox 268 3487 1409 3796">
     <span class='ocr_line' id='line_1_29' title="bbox 268 3487 1406 3580; baseline -0.004 -22"><span class='ocrx_word' id='word_1_246' title='bbox 268 3517 285 3557; x_wconf 78' lang='lat' dir='ltr'><strong>a</strong></span> <span class='ocrx_word' id='word_1_247' title='bbox 309 3512 423 3571; x_wconf 90' lang='lat' dir='ltr'><strong>nuum,</strong></span> <span class='ocrx_word' id='word_1_248' title='bbox 441 3511 462 3557; x_wconf 89' lang='lat' dir='ltr'><strong>a</strong></span> <span class='ocrx_word' id='word_1_249' title='bbox 482 3487 548 3555; x_wconf 89' lang='lat' dir='ltr'><strong>lata</strong></span> <span class='ocrx_word' id='word_1_250' title='bbox 572 3487 729 3556; x_wconf 87' lang='lat' dir='ltr'><strong>sententia</strong></span> <span class='ocrx_word' id='word_1_251' title='bbox 754 3487 995 3557; x_wconf 88' lang='lat' dir='ltr'><strong>numerandum</strong></span> <span class='ocrx_word' id='word_1_252' title='bbox 1017 3489 1131 3580; x_wconf 82' lang='lat' dir='ltr'><strong>(capite</strong></span> <span class='ocrx_word' id='word_1_253' title='bbox 1159 3490 1325 3572; x_wconf 70' lang='lat' dir='ltr'><strong>Querenti</strong></span> <span class='ocrx_word' id='word_1_254' title='bbox 1348 3492 1406 3575; x_wconf 91' lang='grc'><strong>26,</strong></span> 
     </span>
     <span class='ocr_line' id='line_1_30' title="bbox 270 3595 763 3685; baseline -0.008 -19"><span class='ocrx_word' id='word_1_255' title='bbox 270 3627 287 3666; x_wconf 81' lang='lat' dir='ltr'><strong>a</strong></span> <span class='ocrx_word' id='word_1_256' title='bbox 310 3598 395 3667; x_wconf 91' lang='lat' dir='ltr'><strong>tituli</strong></span> <span class='ocrx_word' id='word_1_257' title='bbox 411 3600 466 3682; x_wconf 91' lang='grc'><strong>29,</strong></span> <span class='ocrx_word' id='word_1_258' title='bbox 482 3595 559 3665; x_wconf 92' lang='lat' dir='ltr'><strong>libri</strong></span> <span class='ocrx_word' id='word_1_259' title='bbox 577 3599 591 3662; x_wconf 93' lang='lat' dir='ltr'><strong>t</strong></span> <span class='ocrx_word' id='word_1_260' title='bbox 611 3595 763 3685; x_wconf 75' lang='lat' dir='ltr'><strong>liceret).</strong></span> 
     </span>
     <span class='ocr_line' id='line_1_31' title="bbox 313 3701 1409 3796; baseline 0.001 -25"><span class='ocrx_word' id='word_1_261' title='bbox 313 3734 330 3771; x_wconf 80' lang='lat' dir='ltr'><strong>a</strong></span> <span class='ocrx_word' id='word_1_262' title='bbox 345 3708 398 3775; x_wconf 86' lang='lat' dir='ltr'><strong>An</strong></span> <span class='ocrx_word' id='word_1_263' title='bbox 412 3703 498 3773; x_wconf 87' lang='lat' dir='ltr'><strong>idem</strong></span> <span class='ocrx_word' id='word_1_264' title='bbox 515 3701 687 3771; x_wconf 89' lang='lat' dir='ltr'><strong>dicendum</strong></span> <span class='ocrx_word' id='word_1_265' title='bbox 701 3703 742 3769; x_wconf 92' lang='lat' dir='ltr'><strong>sit</strong></span> <span class='ocrx_word' id='word_1_266' title='bbox 757 3703 853 3770; x_wconf 88' lang='lat' dir='ltr'><strong>eliam</strong></span> <span class='ocrx_word' id='word_1_267' title='bbox 868 3703 908 3772; x_wconf 90' lang='lat' dir='ltr'><strong>de</strong></span> <span class='ocrx_word' id='word_1_268' title='bbox 919 3703 1066 3794; x_wconf 79' lang='lat' dir='ltr'><strong>delegato</strong></span> <span class='ocrx_word' id='word_1_269' title='bbox 1081 3704 1220 3796; x_wconf 87' lang='lat' dir='ltr'><strong>cjudice</strong></span> <span class='ocrx_word' id='word_1_270' title='bbox 1240 3702 1409 3772; x_wconf 89' lang='lat' dir='ltr'><strong>ordinario</strong></span> 
     </span>
    </p>
   </div>
   <div class='ocr_carea' id='block_1_9' title="bbox 270 3809 1515 3900">
    <p class='ocr_par' dir='ltr' id='par_1_10' title="bbox 270 3809 1515 3900">
     <span class='ocr_line' id='line_1_32' title="bbox 270 3809 1515 3900; baseline -0.002 -20"><span class='ocrx_word' id='word_1_271' title='bbox 270 3843 287 3880; x_wconf 76' lang='lat' dir='ltr'><strong>a</strong></span> <span class='ocrx_word' id='word_1_272' title='bbox 309 3815 474 3900; x_wconf 84' lang='lat' dir='ltr'><strong>inferiore,</strong></span> <span class='ocrx_word' id='word_1_273' title='bbox 490 3817 734 3880; x_wconf 75' lang='lat' dir='ltr'><strong>contraveniunt</strong></span> <span class='ocrx_word' id='word_1_274' title='bbox 758 3809 944 3880; x_wconf 89' lang='lat' dir='ltr'><strong>doctores...</strong></span> <span class='ocrx_word' id='word_1_275' title='bbox 969 3811 1031 3881; x_wconf 86' lang='lat' dir='ltr'><strong>Sed</strong></span> <span class='ocrx_word' id='word_1_276' title='bbox 1056 3810 1225 3881; x_wconf 87' lang='lat' dir='ltr'><strong>retinenda</strong></span> <span class='ocrx_word' id='word_1_277' title='bbox 1249 3820 1298 3878; x_wconf 89' lang='lat' dir='ltr'><strong>cst</strong></span> <span class='ocrx_word' id='word_1_278' title='bbox 1316 3809 1410 3878; x_wconf 84' lang='grc'>11111-</span> <span class='ocrx_word' id='word_1_279' title='bbox 1514 3889 1515 3900; x_wconf 22' lang='lat'>2</span> 
     </span>
    </p>
   </div>
   <div class='ocr_carea' id='block_1_10' title="bbox 267 3917 1515 4225">
    <p class='ocr_par' dir='ltr' id='par_1_11' title="bbox 267 3917 1515 4225">
     <span class='ocr_line' id='line_1_33' title="bbox 272 3917 1407 4009; baseline -0.004 -22"><span class='ocrx_word' id='word_1_280' title='bbox 272 3921 432 3989; x_wconf 78' lang='lat' dir='ltr'><strong>amative</strong></span> <span class='ocrx_word' id='word_1_281' title='bbox 457 3917 614 3988; x_wconf 88' lang='lat' dir='ltr'><strong>sententia</strong></span> <span class='ocrx_word' id='word_1_282' title='bbox 642 3925 796 4007; x_wconf 84' lang='lat' dir='ltr'><strong>tanquam</strong></span> <span class='ocrx_word' id='word_1_283' title='bbox 821 3918 1031 4006; x_wconf 88' lang='lat' dir='ltr'><strong>probabilior.</strong></span> <span class='ocrx_word' id='word_1_284' title='bbox 1047 3944 1063 3982; x_wconf 84' lang='lat' dir='ltr'><strong>n</strong></span> <span class='ocrx_word' id='word_1_285' title='bbox 1091 3918 1407 4009; x_wconf 83' lang='lat' dir='ltr'><strong>[Schmalxgrueber,</strong></span> 
     </span>
     <span class='ocr_line' id='line_1_34' title="bbox 267 4023 1515 4116; baseline -0.005 -20"><span class='ocrx_word' id='word_1_286' title='bbox 267 4031 300 4096; x_wconf 94' lang='lat' dir='ltr'><strong>in</strong></span> <span class='ocrx_word' id='word_1_287' title='bbox 317 4027 447 4095; x_wconf 87' lang='lat' dir='ltr'><strong>titulum</strong></span> <span class='ocrx_word' id='word_1_288' title='bbox 468 4030 523 4112; x_wconf 91' lang='grc'><strong>29,</strong></span> <span class='ocrx_word' id='word_1_289' title='bbox 539 4024 614 4091; x_wconf 88' lang='lat' dir='ltr'><strong>libri</strong></span> <span class='ocrx_word' id='word_1_290' title='bbox 635 4027 648 4089; x_wconf 94' lang='lat' dir='ltr'><strong>l</strong></span> <span class='ocrx_word' id='word_1_291' title='bbox 669 4023 896 4112; x_wconf 86' lang='lat' dir='ltr'><strong>Decretalium,</strong></span> <span class='ocrx_word' id='word_1_292' title='bbox 914 4047 949 4092; x_wconf 90' lang='lat' dir='ltr'><strong>n.</strong></span> <span class='ocrx_word' id='word_1_293' title='bbox 968 4025 1035 4116; x_wconf 84' lang='grc'><strong>37.)</strong></span> <span class='ocrx_word' id='word_1_294' title='bbox 1514 4093 1515 4098; x_wconf 60' lang='grc'><strong>,</strong></span> 
     </span>
     <span class='ocr_line' id='line_1_35' title="bbox 312 4130 1515 4225; baseline 0 -23"><span class='ocrx_word' id='word_1_295' title='bbox 312 4139 343 4201; x_wconf 88' lang='grc'><strong>7.</strong></span> <span class='ocrx_word' id='word_1_296' title='bbox 360 4133 454 4225; x_wconf 79' lang='lat' dir='ltr'><strong>Saepe</strong></span> <span class='ocrx_word' id='word_1_297' title='bbox 477 4133 584 4201; x_wconf 85' lang='lat' dir='ltr'><strong>evcnit</strong></span> <span class='ocrx_word' id='word_1_298' title='bbox 606 4140 643 4198; x_wconf 90' lang='lat' dir='ltr'><strong>ut</strong></span> <span class='ocrx_word' id='word_1_299' title='bbox 668 4130 834 4220; x_wconf 80' lang='lat' dir='ltr'><strong>delegatus</strong></span> <span class='ocrx_word' id='word_1_300' title='bbox 857 4155 876 4199; x_wconf 89' lang='lat' dir='ltr'><strong>a</strong></span> <span class='ocrx_word' id='word_1_301' title='bbox 900 4133 988 4224; x_wconf 90' lang='lat' dir='ltr'><strong>Papa</strong></span> <span class='ocrx_word' id='word_1_302' title='bbox 1013 4136 1203 4202; x_wconf 88' lang='lat' dir='ltr'><strong>sententiam</strong></span> <span class='ocrx_word' id='word_1_303' title='bbox 1230 4156 1321 4201; x_wconf 89' lang='lat' dir='ltr'><strong>suam</strong></span> <span class='ocrx_word' id='word_1_304' title='bbox 1349 4155 1411 4222; x_wconf 91' lang='lat' dir='ltr'><strong>per</strong></span> <span class='ocrx_word' id='word_1_305' title='bbox 1514 4183 1515 4202; x_wconf 54' lang='lat'>2</span> 
     </span>
    </p>
   </div>
   <div class='ocr_carea' id='block_1_11' title="bbox 267 4238 1515 4338">
    <p class='ocr_par' dir='ltr' id='par_1_12' title="bbox 267 4238 1515 4338">
     <span class='ocr_line' id='line_1_36' title="bbox 267 4238 1515 4338; baseline -0.005 -24"><span class='ocrx_word' id='word_1_306' title='bbox 267 4242 408 4338; x_wconf 87' lang='lat' dir='ltr'><strong>seipsum</strong></span> <span class='ocrx_word' id='word_1_307' title='bbox 425 4263 541 4310; x_wconf 86' lang='lat' dir='ltr'><strong>suosve</strong></span> <span class='ocrx_word' id='word_1_308' title='bbox 563 4238 726 4307; x_wconf 86' lang='lat' dir='ltr'><strong>ministros</strong></span> <span class='ocrx_word' id='word_1_309' title='bbox 741 4261 807 4307; x_wconf 91' lang='lat' dir='ltr'><strong>nou</strong></span> <span class='ocrx_word' id='word_1_310' title='bbox 822 4251 1015 4331; x_wconf 87' lang='lat' dir='ltr'><strong>exequatur,</strong></span> <span class='ocrx_word' id='word_1_311' title='bbox 1032 4239 1087 4309; x_wconf 87' lang='lat' dir='ltr'><strong>sed</strong></span> <span class='ocrx_word' id='word_1_312' title='bbox 1109 4242 1279 4309; x_wconf 87' lang='lat' dir='ltr'><strong>ordinario</strong></span> <span class='ocrx_word' id='word_1_313' title='bbox 1302 4241 1411 4332; x_wconf 87' lang='lat' dir='ltr'><strong>judici</strong></span> <span class='ocrx_word' id='word_1_314' title='bbox 1514 4265 1515 4276; x_wconf 55' lang='lat'>¹</span> 
     </span>
    </p>
   </div>
   <div class='ocr_carea' id='block_1_12' title="bbox 0 0 1535 4964">
    <p class='ocr_par' dir='ltr' id='par_1_13' title="bbox 0 0 1535 4964">
     <span class='ocr_line' id='line_1_37' title="bbox 0 0 1535 4964; baseline 0 0"><span class='ocrx_word' id='word_1_315' title='bbox 0 0 1535 4964; x_wconf 95' lang='lat' dir='ltr'><strong> </strong></span> 
     </span>
    </p>
   </div>
  </div>
 </body>
</html>
