3030 4980
526 485 600 533 raas
622 485 769 534 6666666.
1149 463 1212 530 tot

80 629 99 668 o
123 604 250 674 minum
267 605 308 673 ad
322 606 583 676 constituendum
599 606 785 684 Vicarium;
799 628 864 697 quo
879 605 1000 696 elapso,
1013 605 1043 672 61
1056 627 1122 674 666
1137 627 1214 673 666-
1306 623 1310 630 ·

79 737 99 774 o
121 711 244 796 stituat,
279 711 419 802 ipsemet
445 711 712 804 Metropolitanus
750 711 919 781 Vioarium
949 711 1132 794 constituet,
1163 710 1217 779 vel

80 841 100 880 «
122 815 319 907 Episcopum
334 816 376 884 ad
389 817 485 886 illum
505 817 769 887 constituendum
784 839 899 908 cogere
914 825 1029 908 potest.
1044 816 1214 906 Pirrhing,

79 945 99 987 6
122 921 164 988 ad
184 919 318 990 titulum
333 920 373 990 de
391 923 505 1013 Officio
528 923 658 1004 Vicoiei,
674 945 708 991 n.
726 925 786 1002 28;
802 921 970 1009 Sbrozius,
985 921 1042 990 lib.
1060 924 1091 1006 1,
1107 944 1140 1012 q.
1160 924 1216 1008 16,

80 1053 99 1092 «
120 1049 156 1094 6.
173 1032 212 1114 l;
227 1031 259 1096 et
272 1029 429 1118 exactius,
445 1052 478 1121 q.
499 1034 537 1097 57
552 1059 559 1110 ;
575 1030 676 1098 citans
687 1037 784 1120 ceput
799 1030 884 1097 Gom
895 1028 996 1097 emus
1012 1032 1043 1113 9,
1058 1051 1091 1119 q.
1110 1032 1145 1114 6,
1158 1028 1216 1096 6161

80 1161 100 1198 a
122 1132 262 1202 dicitur:
286 1135 328 1202 Si
346 1137 525 1228 Episcopus
543 1159 609 1206 non
627 1146 790 1227 sotuqerct
803 1147 946 1204 statuere
962 1157 1165 1204 oeconomum
1180 1135 1215 1202 io

78 1267 97 1306 6
120 1264 182 1310 suo
202 1241 358 1323 Ecclesia,
386 1243 657 1335 Metropolitanus
681 1265 756 1312 eum
776 1241 968 1312 constituere
988 1253 1114 1334 poton
1138 1241 1216 1310 item

78 1375 98 1412 o
121 1349 365 1436 Tridentinum,
381 1371 451 1440 cap.
472 1353 527 1437 16,
544 1372 622 1420 sess.
641 1354 696 1419 tt.
713 1376 730 1416 6

122 1459 156 1522 3ο
172 1454 333 1524 Praedicta
345 1457 585 1526 canonistarum
602 1455 818 1546 allegatorum
832 1455 1001 1541 sententia,
1018 1454 1122 1524 solido
1140 1455 1218 1524 fun-

75 1561 232 1630 damento
242 1584 310 1632 non
326 1563 451 1631 nititur.
469 1561 554 1632 Nem
571 1573 635 1632 tres
650 1563 732 1652 legis
747 1571 867 1648 textus,
884 1585 966 1653 quoa
980 1560 1159 1649 adducunt,
1177 1560 1218 1629 ad

76 1691 150 1736 rem
164 1689 230 1736 666
247 1667 380 1738 iaciunt.
399 1669 529 1738 Etenim
544 1669 580 1737 ia
593 1669 696 1761 capite
710 1670 806 1738 citato
829 1671 913 1738 Cum
925 1669 1038 1750 emus,
1055 1667 1164 1756 agitur
1178 1668 1218 1736 de

75 1797 259 1861 oeconomo,
278 1775 399 1845 nonde
415 1776 546 1846 Vinaria
561 1776 705 1866 generali
720 1775 890 1868 Episcopi;
907 1784 940 1844 et
954 1785 1124 1867 preterea,
1142 1795 1219 1844 cum

75 1881 328 1972 Metropolitum
346 1891 485 1974 potestas
504 1882 585 1952 olim
606 1883 710 1952 multo
731 1883 837 1974 major
856 1882 954 1953 luerit
973 1889 1005 1951 et
1024 1889 1134 1972 postea
1153 1882 1220 1950 im-

76 2009 227 2056 mensam
239 1988 508 2058 imminutionem
520 2011 614 2080 passu
625 1990 680 2075 sit,
697 2011 763 2060 non
775 1997 880 2080 potest
890 1988 1087 2057 hodiernum
1101 1988 1221 2058 Archi-

75 2094 306 2186 episcoporum
326 2095 394 2187 jue,
418 2119 460 2166 ex
486 2097 629 2188 antiquis
652 2096 720 2164 illis
744 2095 970 2184 decretalibus,
995 2097 1031 2164 16
1050 2095 1222 2166 Gratienea

76 2201 250 2270 dumtaxat
269 2203 467 2290 collectione,
493 2226 558 2274 non
584 2212 694 2274 autem
718 2203 754 2271 in
777 2203 962 2272 collectione
987 2203 1137 2292 Gregorii
1159 2203 1218 2291 IX,

76 2310 256 2397 contentis,
287 2309 443 2380 dimetiri.
482 2311 563 2393 Quae
596 2310 737 2380 rationes
766 2311 932 2399 attingunt
962 2310 1081 2400 pariter
1115 2310 1219 2378 alium

75 2439 97 2483 a
121 2415 216 2484 dictis
239 2417 413 2486 canonialis
442 2417 578 2487 citatum
604 2424 745 2502 textum,
776 2425 872 2507 ceput
897 2438 1015 2506 nempe
1041 2419 1136 2488 Nova
1163 2419 1217 2502 16,

75 2547 111 2614 q.
137 2522 375 2602 7;desnmitur
397 2524 487 2594 enim
511 2525 631 2615 pariter
648 2545 691 2594 ex
712 2523 899 2592 collectione
922 2523 1081 2607 Gratiani,
1102 2523 1221 2611 etegit

75 2629 251 2698 dumtaxat
273 2630 313 2700 de
335 2653 515 2701 ceconomo.
540 2630 686 2700 Tandem
709 2639 806 2722 ceput
831 2634 885 2716 16,
908 2629 1059 2698 sessionis
1078 2633 1119 2697 21
1144 2629 1219 2696 Τ61-

75 2737 221 2805 (16611666
244 2737 382 2828 Synodi‚
405 2739 473 2826 egit
496 2736 536 2806 de
560 2738 691 2807 Vicario
717 2736 898 2828 capitulari,
926 2736 1002 2806 sede
1028 2745 1173 2818 vacante,
1199 2760 1218 2804 a

75 2843 249 2912 Canonicis
278 2842 486 2935 deputando;
515 2845 607 2935 cujus
639 2844 832 2930 nominatio,
868 2845 898 2912 si
932 2853 1079 2934 tempore
1108 2843 1217 2912 debito

76 2973 135 3040 per
150 2951 339 3042 Capitulum
353 2973 419 3020 nou
439 2951 643 3043 expediatur,
659 2950 700 3020 ad
714 2951 1002 3042 Metropolitanum
1018 2951 1214 3024 devolvitur.

76 3055 142 3124 Sed
158 3056 198 3126 (16
213 3056 343 3126 Vicario
357 3058 501 3148 generali
516 3057 681 3149 Episcopi,
699 3079 740 3124 ne
753 3056 853 3126 verbo
871 3055 1006 3148 quidem
1025 3058 1060 3124 in
1076 3066 1143 3128 toto
1155 3058 1217 3127 hoc

75 3163 180 3254 capite
202 3164 381 3255 quidquam
398 3162 595 3234 insinuatur.
612 3163 745 3233 Coerani
758 3185 837 3252 ergo
851 3162 949 3232 1116166
962 3163 1124 3253 opinionis
1140 3165 1218 3234 iun·

76 3269 282 3340 dementum.

123 3381 156 3444 4·
174 3376 260 3446 Cum
285 3375 416 3446 eliunde
433 3384 560 3445 certum
578 3376 621 3444 sit
640 3376 837 3469 principiam
858 3375 1021 3466 generale,
1044 3377 1215 3469 6166616ρί-

72 3507 172 3574 serpo
196 3507 262 3553 666
286 3492 467 3574 competere
492 3483 528 3552 iu
549 3483 741 3554 dioecesibus
759 3483 1044 3572 suffraganeorum
1059 3483 1215 3573 jurisdic-

74 3591 211 3677 tionem,
235 3588 494 3660 concludendum
518 3591 638 3681 potins,
666 3592 701 3659 in
723 3590 813 3659 nullo
833 3613 909 3658 casu
933 3612 1026 3680 posse
1044 3589 1213 3660 Vicarium

75 3697 262 3786 generalem
286 3697 437 3789 Episcopi
458 3696 739 3789 aMetropolitano
758 3695 921 3766 constitui.
941 3695 984 3764 Et
1006 3704 1091 3764 certe
1117 3697 1217 3766 dubie

75 3805 192 3873 saltem
210 3811 292 3872 esset
312 3802 471 3895 ejusmodi
492 3803 617 3872 Vicerii
633 3803 793 3892 generalis
807 3801 990 3894 jurisdictio
996 3829 1005 3889 3
1023 3825 1088 3894 quo
1106 3802 1215 3872 solum

74 3911 194 4002 posito,
210 3909 244 3977 16
256 3909 350 4002 praxi
363 3932 440 3978 eum
455 3909 648 3978 constituere
662 3909 809 4001 nequibit
824 3909 1107 4002 Archiepisoopus.
1122 3911 1216 3979 Unde

75 4019 110 4084 in
125 4039 203 4086 casu
223 4039 288 4108 quo
306 4015 530 4106 suffraganeus
549 4024 695 4085 teneatur
715 4026 746 4085 61
765 4016 908 4106 negligat
930 4015 1101 4086 Vicarium
1117 4039 1217 4106 gene·

75 4125 180 4192 ralem
205 4123 267 4191 sibi
292 4145 471 4210 assumere,
492 4122 547 4191 liat
569 4123 637 4194 sive
665 4145 721 4213 per
747 4122 1046 4214 Metropolitanum,
1070 4125 1138 4194 sive
1158 4147 1216 4216 per

75 4229 160 4302 alios
179 4229 220 4300 ad
242 4227 361 4302 Sodem
382 4229 604 4323 Apostolicem
622 4230 735 4302 relatio
745 4257 756 4319 ;
772 4238 803 4303 et
822 4230 1216 4321 6166666161666661661·
