3030 4980
295 457 358 523 tto
664 475 842 526 mnerrrns
864 479 903 526 na
924 481 1057 527 snorurs.

334 617 505 687 Contraria
534 623 642 686 mmen
667 619 824 687 sententia
851 618 950 711 (dicta
975 643 1092 713 nempe
1118 619 1241 692 Vicarii
1269 621 1443 710 generalis

288 727 403 794 delicta
414 747 481 793 esse
495 725 536 792 ab
551 725 655 816 ipsius
670 725 829 818 Episcopo
837 725 1015 819 punienda,
1033 751 1101 798 non
1115 735 1225 798 autem
1237 728 1277 796 ab
1292 729 1442 798 Archie·
1513 729 1514 776 ἶ

286 833 443 926 piscopo),
471 854 491 901 a
516 831 680 900 veteribus
710 833 808 900 etism
836 833 1014 902 canonistis
1042 843 1249 928 propugnata
1277 837 1349 904 fuit.
1381 836 1443 905 Sic
1513 865 1514 870 ¹

284 941 372 1010 enim
387 939 494 1029 legere
509 947 557 1008 cst
574 938 662 1032 apud
681 937 886 1028 Durandum,
907 943 1101 1032 cognomine
1117 943 1367 1034 Speculatorem
1385 945 1442 1032 (in

287 1047 438 1140 Speculo,
455 1045 586 1133 librat,
608 1045 766 1138 particule
787 1051 817 1132 1,
840 1045 880 1115 de
897 1048 1116 1141 Competentr's
1129 1050 1258 1142 judicis
1270 1050 1440 1133 aditione,

285 1154 489 1248 §Sequitua
512 1153 632 1244 pagina
650 1155 705 1240 20,
728 1161 805 1223 tom.
831 1158 865 1241 2,
888 1154 968 1224 edit.
992 1157 1148 1246 Lugduni
1171 1159 1264 1248 1547)
1283 1186 1290 1225 ι
1313 1159 1442 1226 «item
1513 1205 1514 1212 κ

286 1287 304 1326 o
327 1270 415 1348 nota,
439 1258 527 1352 quod
542 1258 581 1328 de
597 1259 772 1348 maleficio,
791 1259 843 1330 vel
857 1263 964 1354 quasi,
982 1261 1140 1332 Officialis
1157 1263 1320 1356 Episcopi,
1336 1286 1443 1332 com·
1513 1271 1514 1336 ζ

288 1395 305 1436 a
328 1371 427 1438 misso
445 1367 483 1436 in
500 1366 620 1455 officio,
639 1375 675 1436 ut
693 1375 773 1459 puta
791 1369 827 1436 in
846 1371 1004 1438 sententia
1018 1371 1069 1439 vel
1084 1393 1249 1462 processu,
1266 1370 1443 1459 agendum

287 1503 306 1545 c
327 1485 375 1546 cst
390 1497 499 1544 coram
515 1474 675 1566 Episcopo
689 1474 784 1566 cujus
794 1485 842 1544 est
853 1474 1028 1556 Officialis;
1044 1486 1077 1545 et
1091 1500 1157 1545 non
1171 1499 1278 1546 coram
1292 1475 1443 1546 Archie-
1513 1469 1514 1542 ³

285 1612 304 1654 a
326 1585 456 1677 piscopo
468 1583 520 1652 vel
535 1582 603 1676 ejus
615 1581 768 1650 Olficiali.
786 1581 966 1676 Episcopus
976 1591 1098 1670 autem,
1114 1585 1141 1653 si
1157 1584 1333 1676 requisitus
1343 1585 1441 1653 nolit
1513 1583 1514 1662 5

286 1719 304 1760 c
326 1713 441 1783 cogere
450 1687 631 1759 Olficialem
644 1713 740 1758 suum
751 1687 792 1758 ad
806 1689 1061 1778 emendandum,
1080 1697 1184 1782 potest
1192 1691 1314 1760 ratione
1326 1691 1440 1783 hujus
1513 1739 1514 1750 η

285 1827 303 1866 u
326 1797 476 1867 maleficii
491 1797 658 1866 conveniri
675 1819 784 1866 coram
804 1795 1054 1890 Metropolitano
1074 1821 1132 1867 seu
1150 1797 1220 1890 ejus
1237 1797 1396 1869 Officiali.
1417 1829 1435 1866 o
1513 1807 1514 1882 Ῑ

281 1908 413 1977 Certum
441 1905 517 1973 item
543 1914 591 1972 cst
615 1901 850 1994 speculatorem
874 1925 1027 1996 sequaces
1050 1905 1085 1974 in
1107 1905 1168 1974 hac
1190 1907 1345 1974 sententie
1369 1905 1437 1976 ha·
1513 1957 1514 2000 ,

279 2014 400 2082 buisse.

325 2125 355 2188 3.
388 2119 530 2188 Praelata
555 2126 662 2186 autem
695 2125 840 2186 veterum
870 2117 1114 2188 canonistarum
1148 2119 1306 2206 doctrina,
1336 2123 1435 2211 apud
1513 2117 1514 2120 '

278 2225 472 2297 recentiores
492 2223 656 2293 moderata
670 2232 718 2290 cst
738 2225 772 2291 in
792 2224 881 2292 hunc
901 2225 1049 2313 modum,
1073 2223 1135 2294 sub
1157 2247 1222 2318 quo
1241 2227 1275 2294 in
1294 2240 1436 2295 souen-
1513 2279 1514 2298 1

278 2335 362 2403 tium
372 2333 631 2402 communiorem
641 2331 876 2400 transivitzvel
886 2331 1067 2424 Episcopus
1078 2332 1238 2425 particeps
1247 2333 1308 2402 fuit
1317 2335 1434 2426 culpae

276 2441 442 2511 aVicario
462 2437 607 2530 generali
625 2439 660 2505 in
680 2437 787 2506 officio
802 2461 861 2507 suo
880 2441 1076 2526 commissae,
1100 2440 1152 2508 vel
1170 2462 1236 2509 non
1255 2467 1262 2507 :
1281 2441 1310 2508 si
1327 2440 1434 2510 dictae
1513 2449 1514 2506 t

276 2550 381 2642 culpes
407 2569 523 2638 expers
545 2545 607 2614 luit
631 2545 826 2637 Episcopus,
851 2545 891 2614 ad
917 2547 1024 2639 ipsum
1049 2549 1188 2640 pertinet
1207 2548 1432 2639 componire,

276 2679 382 2747 neque
404 2662 508 2746 potest
532 2653 801 2744 Archiepiscopus
820 2653 853 2720 in
877 2653 938 2721 hoc
958 2677 1027 2723 sese
1050 2655 1235 2723 immiscere
1254 2683 1261 2722 :
1279 2653 1308 2721 si
1326 2654 1432 2725 dictae

273 2763 379 2854 culpae
403 2763 563 2854 particeps
586 2759 647 2828 luit
669 2759 861 2851 Episcopus
887 2761 998 2852 nequit
1020 2760 1187 2830 Vicarium
1210 2783 1306 2830 suum
1323 2783 1432 2851 gene·

273 2871 374 2939 ralem
404 2869 533 2960 punire,
564 2867 662 2958 idque
691 2867 830 2958 pertinet
860 2868 901 2935 ad
931 2868 1235 2961 Archiepiscopum.
1269 2867 1434 2938 Officialis

272 2987 381 3046 autem
407 2974 664 3065 Archiepiscopi,
693 2975 790 3042 ctiam
816 2975 851 3041 in
874 2974 935 3044 hoc
961 2975 1132 3066 posteriori
1156 2999 1245 3063 casu,
1274 2977 1431 3066 nequibit

148 3160 152 3168 ,
274 3084 422 3154 Vicarios
440 3081 608 3173 generales
627 3079 861 3173 Episcoporum
880 3081 1039 3172 judicare.
1055 3083 1103 3150 lta
1122 3083 1226 3150 tenori
1245 3083 1395 3174 reperies
1411 3109 1432 3152 e

272 3191 407 3261 Sbrozio
442 3190 522 3280 (loco
546 3211 646 3279 supra
669 3189 779 3275 citato,
803 3211 837 3256 n.
875 3189 945 3278 10),
966 3213 986 3257 a
1009 3189 1172 3258 Leurenio
1202 3189 1252 3279 (de
1285 3189 1431 3259 Vicariis

271 3299 396 3389 Epiro,
411 3319 481 3388 cap.
502 3301 533 3384 5,
547 3321 580 3388 q.
599 3296 689 3386 300),
707 3320 725 3363 a
746 3295 891 3386 Layman
909 3297 954 3387 (in
975 3318 1045 3388 cap.
1063 3299 1213 3364 Romanu
1234 3299 1265 3383 l,
1281 3295 1321 3363 dc
1337 3300 1429 3389 Offi-

271 3407 320 3475 cio
344 3405 474 3486 Vicorc'i,
495 3405 530 3472 in
551 3403 597 3494 6),
621 3413 653 3471 et
671 3403 827 3494 passima
846 3401 1010 3471 modernis
1031 3402 1114 3489 aliis,
1139 3425 1180 3471 ex
1203 3402 1324 3494 quibus
1342 3407 1429 3474 satis

271 3515 332 3582 erit
347 3513 382 3580 in
398 3509 542 3579 medium
558 3508 734 3579 adduxisse
750 3507 908 3599 Pirrhing
928 3537 934 3578 :
958 3535 975 3575 u
990 3509 1026 3580 Si
1040 3509 1203 3594 Vicarius,
1221 3510 1341 3602 iuquit,
1361 3513 1427 3581 de·

276 3648 293 3687 a
316 3620 444 3710 linquat
460 3619 495 3685 in
510 3617 745 3709 pertinentibus
758 3617 799 3684 ad
816 3641 913 3687 suum
929 3617 1088 3704 officium,
1103 3617 1148 3686 its
1163 3625 1272 3686 tamen
1285 3625 1323 3688 ut
1340 3617 1430 3711 Epi-

275 3753 292 3792 o
315 3749 433 3816 scopus
452 3734 545 3791 extra
560 3723 690 3814 culpam
710 3725 763 3809 sit,
790 3731 860 3792 tum
882 3724 979 3792 etiam
999 3722 1041 3791 ad
1060 3723 1258 3815 Episcopum
1281 3725 1429 3814 pertinet

276 3861 291 3900 a
317 3835 356 3902 de
379 3831 496 3900 delicto
516 3841 573 3898 ant
595 3830 793 3920 negligentia
816 3830 939 3900 Vicorii
960 3853 1166 3922 cognoscere,
1189 3853 1330 3922 cunique
1356 3855 1428 3924 pu-

275 3970 292 4007 o
316 3943 387 4009 nire
406 3961 533 4029 :neque
547 3936 820 4029 Archiepiscopus
835 3938 871 4005 in
886 3939 946 4009 hoc
959 3963 1035 4008 casu
1051 3961 1085 4007 se
1104 3938 1286 4006 immiscere
1303 3951 1426 4029 potest,

161 4037 164 4042 ¹
274 4077 291 4116 o
314 4047 380 4116 nisi
403 4045 582 4137 Episcopus
606 4044 781 4135 requisitus
802 4069 934 4115 causam
950 4069 1146 4144 cognoscere
1162 4055 1300 4115 recuset.
1325 4047 1426 4118 Ratio

275 4182 292 4223 «
315 4162 375 4239 est,
391 4153 468 4244 quia
482 4152 556 4219 licet
571 4151 696 4222 Vicarii
706 4151 889 4243 jurisdictio
909 4153 1021 4222 eadem
1042 4154 1084 4222 sit
1106 4163 1138 4222 et
1160 4161 1329 4244 reputetur
1345 4177 1424 4222 cunr

275 4289 292 4330 c
311 4258 538 4356 jurisdictione
553 4258 717 4351 Episcopi,
737 4283 799 4327 non
823 4255 928 4327 tum'en
944 4259 1071 4349 eodem,
1092 4260 1148 4328 sed
1168 4259 1298 4329 diverso
1324 4261 1425 4330 modo
