3030 4980
556 473 630 519 esns
653 473 797 520 account.
1179 455 1239 522 503

105 617 202 664 suum
219 595 360 666 officium
376 597 519 688 explere,
530 595 614 666 banc
628 595 747 666 addere
762 595 1009 676 restrictionem,
1024 596 1185 689 quidquid
1197 598 1240 667 rit

104 701 146 770 de
160 702 268 795 ripere
276 703 377 794 jarr's,
395 712 427 772 et
439 704 678 774 conclusionem
694 725 805 773 veram
827 711 1048 795 propugnant,
1063 705 1180 774 saltem
1203 727 1244 774 ca

104 821 233 902 recepta
248 810 487 880 cmaaetadine.
506 811 747 903 Perspexerunt
761 832 877 901 nempe
892 810 1104 880 secularibus
1117 811 1244 903 princi-

103 915 202 1007 pibus
216 914 249 984 id
265 939 330 986 non
352 924 544 1009 competere,
561 926 598 988 ut
617 917 741 1010 possint
759 917 901 1008 aliquam
925 939 1097 1008 personam
1117 915 1244 988 efficere

97 1021 282 1114 publicam,
300 1024 397 1092 etiam
416 1031 564 1116 respectu
583 1024 747 1094 Ecclesia.
764 1023 801 1092 ld
819 1023 906 1092 enim
931 1031 1015 1092 esset
1029 1031 1168 1116 potestas
1188 1047 1244 1094 co-

102 1129 203 1220 gendi
218 1129 406 1218 Ecclesiam,
422 1139 460 1199 ut
479 1153 539 1224 pro
559 1131 712 1223 publicis,
728 1130 836 1224 quoad
856 1151 916 1199 sua
939 1131 1069 1222 negotia
1082 1139 1114 1201 ct
1133 1133 1242 1202 lorum

102 1257 201 1303 sunm
218 1235 350 1305 haberet
373 1259 528 1330 personas
542 1235 627 1325 illas,
644 1259 725 1330 quas
747 1237 898 1328 princeps
923 1236 1090 1306 saecularis
1104 1244 1142 1305 ut
1164 1236 1243 1305 tales

102 1340 167 1433 ipsi
192 1342 358 1434 imponere
379 1341 557 1412 voluisset:
580 1343 652 1412 talis
672 1345 780 1413 antem
802 1349 942 1435 potestas
963 1342 1119 1434 principis
1138 1365 1243 1412 saecu-

100 1447 183 1518 laris
201 1457 283 1518 esset
299 1449 482 1541 jurisdictio
505 1450 657 1542 quasdam
680 1451 715 1518 in
740 1447 915 1518 Ecclesiam
931 1456 963 1519 et
983 1470 1036 1518 res
1049 1449 1242 1519 ecclesiasti·

101 1577 174 1644 cas;
190 1579 265 1650 qum
287 1557 472 1627 nullatenus
498 1557 623 1626 admitti
645 1565 760 1650 potest.
785 1557 882 1644 Hinc,
900 1556 933 1624 in
959 1557 1067 1647 rigore
1088 1557 1186 1649 juria,
1209 1565 1241 1626 et

101 1663 166 1731 nisi
178 1663 271 1733 aliter
286 1665 381 1756 praxi
396 1686 456 1734 sua
470 1665 680 1758 disposuisset
698 1664 852 1752 Ecclesia,
869 1664 988 1733 notarii
1009 1687 1028 1733 a
1047 1664 1116 1733 sole
1133 1671 1241 1758 potes-

101 1777 168 1839 tate
189 1771 337 1840 saeculari
363 1771 472 1860 creati,
496 1771 710 1840 instrumenta
729 1769 887 1841 conticere
915 1793 982 1840 non
1005 1779 1241 1864 possentque

100 1876 137 1966 in
165 1877 235 1947 foro
263 1877 413 1948 Ecclesiae
441 1877 603 1970 publicam
632 1877 730 1947 fidem
757 1879 910 1948 facerent.
935 1876 1030 1960 Quod
1056 1878 1120 1947 alio
1144 1878 1240 1947 modo

100 1981 148 2050 sic
162 1982 311 2053 concludi
327 1992 430 2077 potest
447 2011 455 2052 c
471 1993 610 2054 statuere
631 1994 667 2054 ut
682 2008 701 2054 a
717 1984 883 2078 judicibus
903 1984 1125 2054 ecclesiasticis
1144 1984 1240 2076 plena

100 2089 182 2158 fides
206 2090 398 2161 adhibeatur
422 2092 592 2184 scriptura
618 2101 779 2161 certarum
810 2115 1034 2185 personarum,
1060 2103 1108 2162 est
1134 2095 1237 2184 legem

100 2220 178 2266 vere
202 2199 445 2269 ecclesiasticam
473 2201 608 2288 edicere,
628 2208 660 2269 et
686 2199 726 2268 de
750 2200 924 2292 disciplina
947 2201 1158 2272 ecclesiastica
1182 2201 1239 2270 de-

97 2327 231 2375 cernere
263 2334 271 2375 :
302 2307 376 2376 talis
402 2330 499 2400 porro
528 2315 667 2400 potestas
695 2307 844 2377 saeculari
875 2307 1014 2400 principi
1044 2332 1111 2378 non
1145 2331 1239 2378 com-

98 2415 190 2506 petit.

149 2521 235 2590 «Dc
259 2521 369 2592 stricto
388 2523 463 2614 jure
485 2523 540 2612 (ait
566 2522 756 2612 Laureolus)
779 2521 929 2613 negativa
951 2531 998 2591 est
1021 2523 1235 2614 probabilior,

103 2655 121 2695 c
145 2629 300 2698 nimirum
321 2629 409 2722 quod
427 2630 641 2698 instrumento
655 2629 799 2698 confecto
814 2653 833 2698 a
849 2629 986 2715 notario,
1003 2653 1100 2722 quem
1116 2634 1238 2700 creavit

103 2765 120 2801 a
145 2736 293 2828 princeps
320 2737 433 2825 laicus,
460 2736 672 2805 deferendum
701 2759 766 2806 non
795 2737 836 2804 sit
865 2736 898 2804 in
925 2737 1031 2806 causis
1057 2745 1088 2806 et
1113 2740 1238 2807 actibus

102 2871 119 2908 a
143 2844 362 2912 ecclesiasticis
378 2867 435 2912 seu
450 2843 689 2936 spiritualibus;
708 2855 740 2911 et
753 2843 822 2913 vico
839 2866 932 2913 versa
946 2867 1005 2913 nec
1020 2844 1236 2915 instrumento

100 2978 118 3019 a
142 2951 286 3021 confecto
301 2973 320 3019 a
335 2951 472 3037 notario,
490 2960 597 3020 creato
611 2973 669 3044 per
684 2952 946 3040 ecclesiasticum,
963 2953 999 3019 in
1013 2953 1137 3022 actibus
1158 2976 1235 3046 pro

100 3087 118 3128 a
142 3059 225 3128 fanis
241 3088 248 3128 :
266 3083 304 3128 eo
323 3059 410 3153 qnod
432 3081 546 3128 creans
570 3059 732 3129 notarium
753 3059 900 3128 videatur
918 3083 984 3130 non
1007 3083 1100 3152 posse
1122 3061 1153 3129 ei
1176 3083 1235 3130 eu-

100 3193 117 3232 «
141 3166 325 3236 thoritatem
340 3175 372 3235 et
386 3166 483 3234 fidem
501 3165 605 3234 facere
621 3167 656 3234 in
671 3167 724 3252 iis,
740 3189 814 3258 quae
827 3174 904 3236 suut
919 3176 1013 3235 extra
1026 3169 1163 3236 creantis
1174 3168 1234 3259 ju-

100 3303 117 3340 n
141 3274 381 3360 risdictionem3
400 3273 445 3341 uti
462 3281 538 3342 sunt
554 3295 659 3341 causae
673 3273 856 3365 spirituales
871 3282 964 3342 extra
975 3273 1233 3365 jurisdictionem

99 3409 116 3450 a
141 3383 294 3476 principis
310 3380 394 3468 laici,
411 3389 441 3448 et
457 3401 562 3450 causac
581 3381 727 3472 profanae
742 3389 835 3449 extra
852 3381 1112 3473 jurisdictionem
1133 3382 1234 3450 eccle-

98 3517 116 3555 «
139 3489 270 3558 siastici.
289 3515 305 3554 a
323 3489 456 3578 (Forum
470 3487 727 3570 ecclesiasticum,
743 3488 777 3554 in
791 3487 841 3555 tit.
860 3491 915 3576 22,
930 3487 1005 3557 libri
1020 3493 1039 3555 2
1056 3489 1230 3575 Demetai,

94 3621 128 3689 q.
145 3599 235 3687 696.)

139 3704 323 3773 Prorosrrro
343 3701 413 3771 1112.
430 3741 473 3754 -
491 3702 539 3771 Ob
558 3715 721 3795 receptam
742 3702 858 3771 saltem
883 3703 1157 3786 consuetudinem,
1174 3727 1234 3774 no-

94 3811 201 3880 tarias
216 3832 236 3878 a
254 3821 419 3902 potestate
437 3807 590 3878 seculari
604 3821 743 3891 creatus,
758 3822 857 3902 aptas
876 3810 1070 3900 reputariter
1089 3810 1229 3894 videtur,

94 3931 133 3987 at
154 3930 185 3985 ct
207 3917 243 3985 in
262 3919 336 4008 sora
359 3915 567 3985 ecclesiastico
591 3915 797 3984 acromatum
824 3928 980 3996 coerceat,
1006 3916 1166 4007 quamdiu
1191 3919 1233 3987 ad

94 4026 256 4118 Episcopo
263 4023 453 4116 prohibitus
467 4045 534 4092 aon
549 4036 606 4091 cst.
618 4061 662 4075 -
677 4023 712 4092 ld
729 4029 838 4116 aperte
853 4024 945 4114 sequi
960 4023 1090 4092 videtur
1104 4047 1145 4094 ex
1159 4025 1233 4093 Tri-
1337 4101 1338 4104 Ἴ

93 4132 227 4202 dentino
241 4131 390 4200 decreto:
409 4131 494 4199 Cam
505 4153 545 4198 aa
554 4129 761 4199 notariorum
770 4129 938 4222 imperitia
947 4129 1100 4221 plurima
1111 4131 1234 4200 damna

94 4253 126 4311 ct
141 4239 324 4309 multarum
337 4238 460 4309 occasio
475 4237 585 4307 litium
599 4237 738 4320 oriatur,
751 4238 854 4329 possit
869 4237 1049 4329 Episcopus
1063 4261 1235 4329 quoscum-
