3030 4980
296 449 356 515 512
671 469 846 517 reserares
868 469 907 516 nn
928 469 1062 517 runicus.

293 617 309 656 a
332 590 411 659 alios
420 588 558 682 jndices,
576 614 674 684 qnam
691 592 771 661 ordo
787 593 876 662 illius
890 591 1064 660 tribunalis
1081 591 1235 682 postulat;
1250 590 1328 684 quia
1345 589 1436 660 mul-

294 723 311 762 a
333 705 404 765 tum
424 696 560 766 interest
577 697 696 768 babere
715 697 803 767 hune
820 697 874 770 vel
896 697 988 766 illum
1009 697 1167 789 judicem.
1194 697 1383 782 Undecimo,
1410 699 1436 766 si

292 813 494 873 «secretum
524 805 665 893 violent;
698 805 792 874 verbi
820 806 937 896 gratia,
970 805 1145 897 aperiendo
1174 805 1256 898 parti
1285 804 1434 874 adversae

293 935 310 975 a
334 911 421 980 dicta
436 911 567 980 testium
583 921 657 982 ante
671 933 786 982 eorum
802 912 1066 1003 publicationem.
1084 911 1293 996 Duodecimo,
1309 911 1336 980 si
1349 913 1435 1003 parti

292 1019 454 1110 «petenti
483 1020 699 1088 instrumenta
730 1019 907 1106 occultent,
939 1020 1121 1112 praesertim
1157 1041 1232 1112 quae
1267 1019 1435 1088 continent

293 1152 309 1191 a
332 1126 450 1216 legata.
469 1127 710 1210 Derimotertio,
724 1127 752 1196 si
766 1135 836 1196 acta
851 1126 1021 1214 occultent,
1040 1126 1092 1197 vel
1107 1129 1193 1219 parti
1206 1126 1326 1218 petenti
1339 1135 1434 1194 tran-

292 1260 310 1299 e
333 1243 501 1325 sumptum
521 1256 689 1326 processus
708 1235 881 1324 denegent.
903 1233 1166 1325 Decimoqucrtc,
1184 1233 1213 1302 si
1226 1231 1346 1301 amisso
1360 1231 1434 1300 ins-

291 1368 308 1406 u
333 1351 496 1410 trumento
514 1342 648 1434 antiquo
663 1341 806 1434 publico,
828 1341 880 1408 vel
901 1349 1103 1428 testamento,
1126 1338 1216 1409 aliud
1234 1339 1339 1408 simile
1354 1361 1435 1406 con-

292 1473 309 1512 c
333 1447 470 1538 fingant.
489 1473 505 1513 c
527 1447 760 1539 (anenbaum,
778 1447 835 1516 lib.
858 1451 890 1536 4,
906 1469 976 1540 cap.
996 1451 1028 1533 3,
1045 1457 1106 1515 art.
1127 1453 1159 1536 4,
1176 1446 1255 1516 dub.
1273 1450 1305 1534 4,
1323 1469 1356 1513 n.
1378 1446 1431 1536 4),

287 1565 318 1622 et
333 1566 488 1625 consonat
504 1557 663 1626 senbntia
676 1557 859 1627 communis
871 1554 1052 1625 doctorum.

329 1663 370 1730 Π.
399 1663 525 1732 Notarii
553 1673 705 1733 tenemur
731 1687 772 1734 ax
799 1662 917 1750 officio,
949 1663 1047 1733 etiam
1075 1663 1203 1732 nemine
1231 1662 1432 1753 requirente,

287 1770 431 1840 revelare
454 1770 613 1862 Episcopo
637 1770 744 1861 legata
768 1771 822 1863 pia
844 1793 902 1840 seu
924 1770 965 1839 ad
989 1770 1060 1861 pias
1083 1791 1213 1848 causas;
1239 1776 1272 1838 et
1294 1777 1436 1860 possim

286 1875 402 1970 synodi
428 1878 655 1970 provinciales,
683 1887 715 1948 et
740 1878 876 1970 quilibet
905 1877 1083 1969 Episcopus
1110 1897 1254 1968 prosus
1284 1873 1430 1958 dioecesi,

286 1985 387 2077 hujus
411 1986 618 2076 obligationis
641 1985 864 2078 impletionem
889 2007 1019 2074 urgere,
1044 1983 1104 2052 sub
1125 2005 1222 2075 prena
1245 1982 1343 2050 etiam
1372 2005 1434 2050 ex-

286 2093 592 2162 communicationis
611 2103 643 2162 et
662 2093 885 2185 suspensionis
903 2093 944 2160 ab
965 2090 1081 2160 officio.
1105 2092 1154 2159 lta
1174 2090 1321 2160 doctores
1340 2113 1432 2158 oom-

287 2201 441 2268 muniter.
471 2201 593 2291 Legata
617 2211 726 2268 autem
753 2201 837 2268 facta
856 2199 1003 2268 Fabricae
1028 2198 1137 2267 Sancti
1166 2198 1254 2267 Petri
1277 2205 1433 2266 tenentur

285 2307 403 2375 notarii
422 2307 564 2376 revelare
585 2308 671 2376 intra
695 2329 851 2376 mensem.
873 2307 938 2375 Pro
958 2305 1077 2398 quibus
1092 2304 1177 2397 juris
1199 2304 1433 2396 dispositioni-

285 2413 360 2499 bus,
375 2413 481 2504 legata
494 2413 548 2506 pia
563 2413 821 2506 respicientibus,
837 2413 911 2482 vide
924 2412 1071 2482 Ferraria
1087 2411 1132 2504 (in
1142 2411 1242 2481 verbo
1255 2413 1429 2493 Notarius,
1505 2403 1506 2455 l

284 2544 320 2589 n.
339 2526 357 2588 4
375 2529 407 2590 et
422 2544 454 2590 se
481 2575 517 2591 ..

328 2629 385 2697 111.
415 2523 502 2710 Qpael
522 2631 621 2697 vetita
651 2629 704 2698 vel
732 2628 821 2698 licita
847 2630 912 2698 sint
943 2628 1135 2698 cancellario
1163 2627 1328 2721 Episcopi,
1358 2630 1431 2696 sive

284 2737 410 2804 notario
427 2737 461 2803 in
480 2736 585 2804 causis
603 2735 835 2825 ecclesiasticis,
857 2736 964 2829 quoad
985 2747 1094 2806 texam
1116 2759 1173 2805 sen
1193 2735 1431 2824 emolumenta,

284 2842 359 2912 vide
374 2843 574 2927 Ferrarium,
588 2843 630 2913 ad
641 2867 755 2914 vocem
769 2844 1003 2914 Camellara'us.

724 3201 867 3274 CAPUT
889 3199 979 3273 XVI.

282 3425 321 3474 on
343 3425 559 3474 rsocuaaroan
581 3427 619 3473 ar
642 3427 804 3474 invocaro
827 3425 999 3488 rauracus,
1029 3425 1067 3469 nn
1094 3423 1290 3470 nnrosrraaro
1318 3423 1430 3470 uersa

326 3544 512 3592 nersoorans
534 3545 571 3589 sr
598 3543 795 3590 nseosrraaro
822 3543 989 3604 causans,
1019 3539 1136 3586 nsanos
1164 3541 1203 3586 ns
1230 3541 1430 3587 aaaoncnno

341 3662 378 3705 na
400 3659 663 3706 samusaroaraus
686 3660 789 3705 aurnu
812 3661 850 3704 aa
873 3657 1225 3724 invocans,asnar1vn
1248 3658 1289 3701 an
1312 3659 1429 3703 curun

326 3774 541 3842 nersooraanu,
566 3751 751 3842 aaurssrvn).

327 4036 355 4100 l.
379 4030 431 4099 Ad
453 4031 633 4122 pleniorem
654 4029 842 4123 episcopalis
863 4031 963 4100 curias
986 4031 1248 4100 constitutionem
1267 4033 1424 4124 pertinet,

280 4147 317 4206 ut
339 4147 458 4229 praeter
478 4161 577 4228 supra
597 4147 792 4206 memoratos
814 4136 977 4225 officiales,
1005 4139 1148 4228 aliquem
1171 4140 1270 4207 etiam
1293 4140 1427 4232 deputet

277 4245 457 4336 Episcopus
472 4246 507 4311 in
522 4253 776 4335 procuratorem,
797 4255 828 4312 et
842 4245 945 4313 alium
962 4245 998 4314 in
1010 4245 1204 4316 advocatum
1218 4269 1424 4339 pauperum,
