3048 4976
587 439 662 484 ruas
684 437 791 485 rmus.
1201 421 1259 490 181

118 557 195 646 bns,
214 559 337 680 possint
353 560 439 630 circa
453 559 515 628 hoc
530 557 722 652 hujusmodi
737 559 923 648 abbatisse,
939 569 971 630 ct
985 561 1058 630 aliea
1075 563 1265 634 monialium

120 675 449 868 prEllslleaeparcclrc
463 774 575 867 quood
592 797 707 844 caesas
729 773 910 867 parochie.
929 813 973 828 -
987 775 1132 859 Quaestio
1154 788 1202 848 est
1223 803 1265 848 an

119 882 296 974 parochus,
316 905 358 952 an
380 905 460 952 varo
478 883 562 952 alius
585 883 621 951 in
643 881 767 974 judicio
787 891 872 952 stare
897 881 1011 952 debeat
1034 885 1166 976 qrmndo
1193 888 1267 978 agi-

122 1001 177 1060 tur
195 991 234 1060 de
258 990 353 1060 bonis
379 997 436 1059 aut
460 990 591 1082 juribus
617 989 793 1082 parochiae.
820 989 904 1059 «De
926 990 1001 1081 jure
1021 994 1200 1079 communi,
1220 995 1265 1063 ait

125 1123 142 1162 a
167 1095 471 1187 Schmalzgrncbsr,
490 1096 655 1166 distinctio
680 1105 728 1164 est
749 1093 959 1166 adhibenda:
985 1097 1037 1167 vel
1053 1098 1142 1167 enim
1170 1123 1266 1192 pero·

125 1230 141 1268 «
166 1203 279 1273 clrialis
293 1203 435 1274 Ecclesia
450 1204 619 1296 proprium
642 1202 821 1295 parochum
836 1202 945 1288 habet,
965 1225 1025 1273 nec
1043 1203 1140 1275 alicui
1154 1205 1265 1277 Eccle-

123 1337 141 1376 «
163 1311 223 1380 sim
239 1312 291 1380 val
309 1311 505 1380 monasterio
518 1311 611 1380 unita
624 1319 685 1398 est,
704 1311 754 1380 vel
770 1318 883 1380 contra
899 1308 990 1380 unita
1008 1320 1041 1380 et
1061 1312 1266 1406 incorporata

124 1443 142 1484 e
165 1427 214 1486 cst
227 1418 379 1490 Ecclesia
394 1418 445 1488 vsl
460 1419 659 1488 monasterio
671 1417 776 1487 alteri.
793 1417 836 1486 Si
845 1416 952 1510 prius,
967 1417 1023 1510 jus
1036 1420 1155 1510 agendi
1168 1445 1267 1516 super

123 1551 141 1590 e
166 1525 265 1594 rebus
277 1534 310 1596 ct
325 1525 456 1616 juribus
475 1525 627 1594 Ecclesiae
648 1523 843 1616 parochialis
864 1523 906 1594 ad
922 1525 1100 1616 parochum
1119 1536 1239 1620 spectat
1258 1557 1265 1597 :

123 1659 140 1698 a
164 1633 318 1722 arguitur
331 1655 373 1702 ex
395 1632 500 1724 capite
519 1629 661 1702 Edocerr'
680 1635 736 1718 21,
749 1629 789 1699 de
812 1630 1002 1723 descriptio·
1018 1633 1096 1724 quia
1115 1636 1268 1727 competit

123 1766 141 1804 α
165 1740 196 1807 ei
212 1739 309 1808 etiam
322 1739 363 1808 de
377 1739 452 1831 jure
466 1739 634 1808 communi
647 1736 885 1810 administratio
904 1765 911 1805 :
931 1759 997 1808 non
1011 1745 1120 1808 tamen
1134 1741 1267 1812 excluso

124 1875 142 1912 c
166 1846 346 1938 Episcop03
370 1846 449 1938 quia
468 1845 522 1914 hic
547 1854 702 1937 tanquam
723 1844 914 1937 principalis
933 1843 1080 1914 dimersis
1105 1847 1268 1920 universae

123 1981 141 2018 a
166 1962 284 2040 rector,
303 1961 492 2046 potestatem
517 1951 751 2023 cumulativam
774 1951 871 2020 habet
893 1953 928 2020 in
951 1951 1104 2022 omnibus
1127 1954 1269 2025 ecclesiis

123 2089 143 2127 a
166 2083 236 2130 suae
251 2060 409 2150 dicecesis,
420 2083 441 2129 a
452 2059 681 2153 jurisdictione
696 2082 756 2129 sua
771 2081 838 2128 non
852 2059 1025 2152 exemptis.
1040 2061 1082 2130 Si
1091 2065 1265 2153 posterius,

123 2195 142 2234 α
166 2167 309 2238 vicarius
323 2169 358 2237 in
379 2167 435 2237 tali
455 2167 598 2237 Ecclesia
623 2168 827 2260 incorporate
851 2165 1058 2254 constitutus,
1075 2191 1172 2258 agere
1193 2171 1268 2262 qui-

123 2301 141 2341 c
166 2275 242 2343 dem
257 2285 290 2344 et
311 2274 506 2366 respondere
520 2297 618 2366 snper
632 2273 763 2366 juribus
777 2273 954 2343 vicariatus
971 2297 1037 2366 qua
1052 2274 1127 2343 talis
1142 2283 1265 2368 potest;

123 2410 142 2448 c
167 2382 195 2452 si
209 2390 318 2452 tamen
332 2405 430 2474 super
445 2381 543 2450 rebus
558 2389 590 2450 et
608 2381 739 2473 juribus
758 2381 863 2473 ipsius
878 2379 1031 2450 Ecclesiae
1051 2382 1265 2476 incorporate

122 2515 141 2555 a
166 2487 289 2558 incidat
313 2487 545 2576 controversia,
567 2488 685 2557 melius
704 2509 803 2580 super
821 2486 862 2558 iis
887 2487 1010 2578 agitet
1035 2490 1208 2581 respondet
1232 2492 1268 2562 in

124 2623 141 2662 a
164 2595 288 2688 jndicio
311 2595 484 2685 collegium
499 2594 552 2663 vel
567 2593 799 2664 monasterium
823 2593 877 2661 cui
892 2602 941 2663 est
959 2593 1176 2685 incorporata,
1191 2597 1269 2689 quia

123 2729 142 2768 a
167 2711 215 2771 est
229 2703 263 2770 in
277 2703 371 2794 quasi
387 2701 532 2772 dominio
548 2710 579 2770 et
591 2700 789 2793 proprietate
804 2699 990 2794 ejusdem.»
1006 2699 1267 2793 (schmalegrue-

118 2811 192 2896 her,
210 2812 245 2879 in
262 2810 391 2880 titulum
408 2813 422 2878 1
442 2807 482 2879 de
495 2807 644 2891 Iudiciis,
662 2808 741 2879 libri
758 2815 776 2874 2
792 2807 1022 2895 Decretalium,
1040 2830 1075 2876 n.
1093 2811 1161 2900 to.)

167 2919 241 2988 ΧΠ.
260 2923 307 2987 De
332 2917 477 2988 Praelnto
498 2915 663 3009 superiore
685 2915 848 2998 Ecclesia,
865 2936 939 3006 quae
957 2927 1114 2984 rectorem
1134 2939 1191 2986 seu
1206 2919 1268 2988 cd-

119 3027 382 3096 ministratorem
397 3025 585 3117 c'nseriorem
601 3024 710 3106 tutet,
725 3023 837 3115 quoad
850 3045 965 3092 causas
987 3021 1133 3112 ejusdem
1154 3027 1267 3095 Eccle-

117 3136 191 3206 sie.
200 3172 245 3188 -
257 3134 409 3202 Diximus
422 3133 483 3202 sub
497 3153 634 3200 numero
646 3130 1047 3223 praeoccupassem
1060 3153 1160 3221 quem
1173 3132 1269 3203 habet

119 3241 285 3334 parochus
299 3239 551 3309 administrandi
571 3237 789 3331 parochialem
807 3239 987 3325 ecclesiam,
1003 3259 1041 3306 nc
1057 3239 1193 3329 proinde
1208 3265 1268 3334 pro

116 3350 226 3442 ipsius
243 3349 340 3417 rebus
354 3357 386 3416 ct
399 3347 531 3440 juribus
545 3346 579 3415 in
592 3346 718 3438 jndicio
732 3345 852 3436 agendi
867 3355 899 3414 et
919 3345 1151 3436 respondendi,
1168 3350 1269 3438 perti·

116 3479 202 3526 nere
216 3457 312 3524 etiam
328 3453 428 3522 simul
443 3452 483 3521 ad
500 3453 710 3545 Episcopum,
729 3460 838 3545 utpote
854 3452 1066 3544 principalem
1081 3451 1270 3543 hujusmodi

115 3563 332 3635 ecclesiarum
374 3569 532 3630 rectorem
570 3569 602 3630 et
637 3561 948 3640 administratorem.
982 3559 1067 3628 Hinc
1107 3562 1270 3631 enascitur

115 3670 262 3766 quaestio
281 3696 288 3737 :
307 3679 419 3738 utrum
442 3666 637 3760 Episcopus,
652 3691 695 3736 an
714 3691 792 3737 vero
814 3666 993 3760 parochus;
1011 3689 1068 3734 seu
1090 3667 1270 3756 generatim

115 3787 237 3850 utrum
273 3775 435 3845 Praelntus
469 3775 631 3866 superior,
659 3798 702 3844 an
730 3798 808 3845 vero
842 3775 1086 3844 administrator
1121 3773 1269 3864 inferior,

117 3899 210 3957 stare
225 3885 261 3954 in
282 3883 406 3976 judicio
422 3883 536 3952 debeat
549 3905 611 3975 pro
627 3883 725 3953 rebus
740 3896 773 3953 ct
783 3884 915 3977 juribus
936 3881 1102 3968 Ecclesia,
1120 3881 1155 3949 in
1170 3906 1270 3974 quam

117 4005 262 4085 uterque
288 3990 524 4060 cumulativem
557 4012 633 4059 cnm
663 3990 765 4061 altero
800 3987 1049 4060 administrandi
1084 3995 1272 4080 potestatem

118 4102 234 4174 habet.
251 4099 299 4168 lle
317 4121 383 4190 qua
406 4096 596 4166 difficultate
622 4096 668 4166 sic
689 4097 787 4168 hahet
814 4094 1106 4186 Schmalzgrucber
1124 4123 1132 4163 ι
1153 4123 1170 4163 c
1190 4097 1275 4167 Res-

124 4239 143 4278 c
170 4205 299 4300 pnndco
323 4229 399 4276 cum
421 4203 628 4276 distinctione
648 4205 723 4277 :vet
744 4207 832 4276 enim
855 4201 1096 4274 administratio
1117 4225 1225 4275 rerum
1243 4213 1276 4276 et
