3046 4968
577 463 649 507 raas
673 463 778 508 aurun.
1183 443 1241 508 153

101 603 159 648 uec
176 589 282 650 secuta
306 583 551 674 praesentatione
576 583 818 667 convalescunt,
835 584 913 675 quia
935 583 1114 653 factasunt
1138 607 1157 652 a
1177 605 1241 652 uon

101 688 237 758 habente
248 689 518 781 jurisdictionem.
542 691 657 772 Tertio,
677 691 709 758 id
727 713 843 760 verum
857 699 905 760 est
924 691 1050 758 etiamsi
1065 699 1140 759 ante
1162 713 1242 784 pro-

101 817 209 864 cessus
232 796 471 869 inchoationem
495 799 648 889 privatim
672 799 802 867 sciverit
825 799 887 867 sibi
909 821 1038 866 causam
1060 797 1242 889 delegatam

102 901 219 988 fuisss;
236 903 314 995 qnia
337 905 516 998 requiritur
537 912 574 973 ut
600 904 685 973 istud
711 905 789 972 sciat
812 906 994 974 authentice
1014 927 1072 997 per
1097 907 1243 998 rescripti

101 1011 394 1100 presentationem.
426 1012 474 1080 lta
509 1012 726 1081 communiter
753 1013 942 1099 canonista,
971 1011 1050 1081 dum
1080 1012 1243 1084 illustrant

102 1117 231 1184 titulum
248 1121 303 1205 29,
319 1119 398 1187 libri
420 1124 433 1186 l
458 1120 688 1189 Decretallum.

146 1228 177 1290 2.
201 1225 369 1294 «litteras
390 1249 447 1296 seu
469 1225 659 1296 mandatum
685 1226 899 1317 delegationis
916 1249 984 1296 suae
1001 1227 1036 1294 in
1059 1226 1165 1296 forma
1180 1250 1242 1295 an-

106 1359 122 1394 ι
146 1331 287 1400 theutica
301 1333 455 1402 exhibere
471 1333 577 1420 dehet,
595 1335 730 1426 ejusque
745 1335 872 1426 copiam
889 1335 994 1403 facere
1008 1335 1154 1426 partibus
1169 1334 1242 1402 liti-

105 1465 121 1500 ιι
144 1438 297 1526 genubus
313 1461 420 1509 coram
440 1463 474 1508 se
495 1441 770 1532 comparentibus,
787 1449 825 1508 nt
845 1440 925 1508 fides
947 1440 1010 1532 ipsi
1031 1440 1189 1509 habeatur
1201 1441 1241 1508 de

104 1569 119 1603 a
143 1553 272 1638 accepta
285 1553 454 1637 potestate;
472 1548 616 1640 alioquin
631 1549 810 1616 necessario
824 1546 885 1640 ipsi
900 1546 1081 1639 parendum
1096 1569 1161 1614 non
1176 1555 1241 1634 cst;

104 1679 120 1714 ι
146 1673 252 1744 neque
276 1651 470 1722 Ordinarius
484 1653 558 1742 loci,
576 1655 628 1722 vel
649 1653 745 1742 alius,
762 1655 817 1723 eni
838 1653 1005 1745 delegatus
1026 1653 1123 1722 etiam
1149 1651 1243 1721 Sedis

105 1785 121 1822 ι
146 1759 339 1850 Apostolicae
349 1759 471 1853 aliquid
484 1762 627 1849 mandat,
636 1762 755 1854 exequi
763 1761 845 1830 illud
857 1761 1052 1830 tenebitur.»
1066 1759 1241 1850 (Schmalz-

99 1867 254 1956 grneher,
272 1867 306 1934 iu
327 1868 376 1936 tit.
397 1873 451 1955 29,
469 1869 525 1937 lib.
547 1874 560 1936 l
579 1869 721 1957 Decret,
738 1892 772 1936 n.
791 1869 860 1958 25.)
883 1868 1044 1937 Probatur
1067 1876 1175 1936 autem
1201 1891 1240 1934 ex

100 1975 208 2064 eapite
232 1976 318 2043 Cum
338 1976 373 2042 in
389 1976 471 2066 jure
486 1977 552 2066 (31,
568 1976 654 2044 tituli
678 1980 734 2059 29,
751 1975 827 2044 lihri
846 1979 858 2042 l
888 1975 1039 2065 nectet),
1056 1998 1122 2065 quo
1141 1976 1242 2043 Inuo-

100 2082 227 2151 centins
243 2083 287 2150 llI
307 2084 473 2174 Bajoeensi
488 2084 660 2176 Episcopo,
675 2107 716 2152 an
733 2093 896 2153 teneretur
914 2084 1031 2174 exequi
1043 2073 1241 2151 =mandatum

99 2189 313 2280 apostolicum
337 2191 377 2260 de
401 2215 467 2284 quo
498 2192 560 2260 sihi
591 2215 656 2260 uon
688 2192 771 2259 lecta
804 2191 918 2258 fuisset
944 2188 1023 2257 sides
1054 2189 1240 2274 sciscitanti,

97 2299 249 2366 rescribit
267 2326 274 2366 :
291 2299 365 2370 Nisi
381 2299 420 2368 dc
444 2299 604 2369 mandato
625 2299 719 2369 Sedis
747 2297 939 2392 Apostolioae
960 2312 1065 2367 certus
1083 2295 1238 2378 extiterat,

99 2406 298 2497 sesquinona
313 2408 435 2498 cogens
454 2406 543 2498 quod
562 2406 753 2475 monetator.

150 2539 165 2576 ι
190 2512 286 2582 Ratio
307 2522 367 2601 est,
387 2514 433 2582 ait
457 2513 748 2604 Schmalzgrueber
764 2513 875 2604 (citato
903 2513 998 2604 loco),
1019 2512 1142 2604 primo,
1165 2511 1242 2602 quia

102 2644 119 2681 ι
145 2619 181 2686 in
199 2620 343 2711 quolibet
363 2621 526 2690 territorio
545 2621 758 2714 presumptio
773 2630 821 2690 est
836 2643 896 2712 pro
909 2621 1019 2712 jndice
1039 2617 1212 2688 Ordinatio
1231 2645 1238 2686 :

102 2755 120 2790 ι
145 2725 248 2816 igitur
262 2726 346 2795 elius
362 2727 396 2795 in
414 2749 452 2796 eo
472 2727 639 2819 judicandi
656 2735 845 2819 potestatem
860 2728 977 2796 habere
998 2748 1063 2795 nou
1085 2725 1240 2811 creditur,

100 2861 119 2898 ι
144 2833 210 2900 uisi
218 2831 452 2924 delegationem
466 2857 572 2922 suam,
584 2835 681 2903 editis
692 2835 788 2902 istius
796 2834 927 2914 litteris,
939 2833 1065 2924 probet.
1078 2829 1238 2910 Secundo,

101 2969 119 3006 ι
144 2941 224 3032 qnia
239 2939 397 3030 delegatio
418 2950 467 3010 est
481 2941 560 3033 qnid
582 2942 674 3029 facti3
694 2941 815 3010 facturn
836 2949 944 3010 autem
966 2938 1159 3028 regulariter
1175 2959 1240 3005 nou

101 3075 120 3114 ι
145 3047 369 3140 presumitur,
394 3047 449 3116 sad
472 3049 603 3140 probari
628 3047 734 3117 dehet.
762 3047 878 3129 Tertio,
897 3045 1080 3138 jurisdictio
1105 3044 1242 3136 qualitas

101 3181 121 3218 ιι
145 3165 193 3222 est
209 3177 284 3246 ques
309 3153 446 3241 homiui,
462 3177 520 3224 nec
543 3179 562 3224 a
584 3163 712 3243 natura,
727 3177 786 3224 nec
806 3154 969 3223 ordinarie
996 3153 1090 3238 inest,
1107 3151 1160 3218 sed
1185 3151 1242 3218 uui

104 3289 122 3324 ιι
146 3269 204 3328 aut
222 3261 315 3330 alteri
333 3270 514 3353 competere
530 3268 652 3354 potest,
670 3269 701 3328 et
726 3269 959 3353 cousequenter
974 3269 1048 3328 aute
1071 3259 1180 3326 omnia
1195 3266 1242 3326 est

103 3395 120 3430 ιι
146 3366 325 3458 probanda.
344 3368 428 3435 Hinc
450 3367 622 3436 salubriter
637 3376 771 3436 monent
794 3367 953 3454 doctores,
971 3374 1008 3435 ut
1026 3367 1053 3434 is
1068 3389 1128 3458 pro
1143 3389 1242 3458 quoa

103 3475 294 3564 «delegato
319 3473 415 3566 Papae
439 3475 503 3543 lata
526 3483 574 3544 est
599 3475 768 3562 sententia,
786 3481 853 3542 tam
880 3473 964 3542 hanc
990 3496 1089 3564 quam
1113 3473 1241 3561 delega-

103 3609 121 3646 ιι
147 3583 270 3650 tionem
293 3603 350 3648 seu
376 3581 636 3649 commissionem
661 3581 732 3672 pari
758 3603 836 3650 cura
857 3579 1032 3659 custodian
1057 3588 1094 3648 ut
1115 3580 1142 3646 si
1167 3601 1242 3646 cum

102 3718 120 3752 ιι
145 3697 291 3779 tempore
311 3688 534 3779 superandam
556 3711 653 3755 causa
673 3689 917 3774 conveniretur,
935 3696 999 3754 tam
1020 3686 1243 3754 sententiama

102 3823 121 3862 ι
144 3797 292 3887 delegato
319 3795 429 3883 latam,
446 3818 543 3887 quam
567 3796 802 3888 delegationem
826 3797 930 3864 eidem
954 3795 1083 3881 factam,
1100 3794 1242 3884 legitime

103 3931 121 3968 ιι
144 3904 283 3996 probare
298 3903 409 3994 possit.
437 3929 454 3968 »

145 4010 326 4101 Subiungit
350 4017 459 4078 tamen
482 4010 772 4101 Schmalzgrueber
794 4011 968 4080 nonnullas
989 4009 1030 4077 ad
1055 4009 1242 4100 praedictam

99 4113 250 4206 regulam
275 4115 489 4206 exceptiones.
516 4116 707 4206 Delegatum
736 4139 852 4209 nempe
882 4118 923 4185 ab
953 4114 1127 4184 Ordinario
1156 4139 1243 4184 nou-

101 4223 250 4314 priucipe
276 4223 533 4294 commissionem
560 4247 650 4294 suam
677 4247 769 4316 posse
792 4247 849 4318 per
872 4231 966 4294 testes
992 4224 1140 4316 probare.
1163 4226 1241 4292 Item
