3030 4980
530 508 605 555 raus
634 507 778 556 smuuns.
1160 487 1220 556 stt

82 634 136 696 tus
154 628 315 718 generalis
335 627 454 715 officio,
476 637 514 696 ut
535 639 673 721 nequent
691 631 788 698 etiam
812 653 887 700 cum
908 632 1121 722 perpetuitate
1146 631 1223 699 offi-

80 734 169 803 cium
183 735 345 826 ejusmodi
358 735 484 827 concipi
498 745 529 804 et
542 737 691 803 existere.
707 737 791 804 Nam
805 746 841 804 ut
850 737 924 828 quis
937 759 1012 805 vere
1023 737 1225 826 concipiatur

82 850 115 907 et
143 843 185 910 sit
202 841 356 912 Vicarius
374 843 535 931 generalis
555 843 719 934 Episcopi,
739 842 857 911 sufficit
879 866 953 912 enm
977 867 1071 934 posse
1092 845 1226 912 nomine

81 947 235 1039 Episcopi
255 949 512 1038 jurisdictionem
540 949 612 1040 ejus
641 949 836 1038 generaliter
858 972 1020 1019 exercere.
1055 951 1092 1018 ld
1117 958 1225 1019 autem

82 1078 177 1145 aeque
195 1055 395 1141 verificatur,
413 1056 481 1125 sive
496 1065 673 1146 perpetuus
693 1056 728 1123 in
747 1055 854 1126 officio
875 1057 932 1142 sit,
955 1058 1024 1126 sive
1046 1057 1087 1126 ad
1109 1066 1226 1126 nutum

83 1161 235 1253 Episcopi
256 1163 459 1232 revocabilis.
477 1163 566 1250 Ergo
586 1163 810 1232 revocabilitas
829 1172 878 1232 est
897 1163 1066 1254 dispositio
1081 1164 1165 1254 juris
1185 1163 1225 1230 ad

85 1267 186 1357 hujus
204 1268 302 1338 officii
322 1269 531 1338 accidentalia
547 1269 724 1358 pertinens,
748 1291 814 1338 non
834 1279 943 1338 antem
962 1271 1033 1360 ejus
1053 1272 1225 1339 essentiam

83 1377 260 1464 attingens.
281 1377 375 1446 Unde
396 1377 437 1462 si,
458 1385 582 1444 mutata
606 1377 756 1467 prasenti
780 1376 964 1467 disciplina,
984 1399 1042 1468 per
1061 1377 1225 1446 decretum

83 1484 293 1552 Pontificium
311 1484 415 1552 eidem
432 1482 538 1552 officio
555 1483 744 1572 alligaretur
762 1484 971 1574 perpetuitas,
990 1507 1055 1552 uon
1073 1485 1145 1554 ideo
1167 1486 1227 1554 ho-

82 1591 319 1664 dierniVicerii
329 1591 496 1680 generales
506 1590 585 1660 tales
594 1611 663 1658 esse
672 1599 703 1658 et
714 1591 819 1658 vocari
833 1613 924 1681 posse
934 1591 1127 1660 desinerent.
1138 1593 1228 1661 (lon-

84 1701 236 1768 firmatur
258 1707 367 1768 anum
390 1698 535 1788 ipsorum
559 1697 873 1766 Archidiaconcruur
889 1698 1039 1787 exemplo
1057 1725 1065 1766 ι
1081 1699 1104 1765 ii
1122 1701 1223 1786 enim,

81 1807 234 1896 quamvis
249 1806 285 1874 in
299 1803 405 1874 officio
421 1805 581 1894 perpetui,
596 1803 701 1873 habiti
712 1813 789 1872 sunt
803 1813 834 1872 et
845 1813 1028 1874 constanter
1037 1805 1155 1896 injure
1165 1829 1226 1876 rc-

82 1913 146 1980 cati
167 1912 288 1980 Viturii
298 1912 460 2002 peuercles
473 1911 634 2002 Episcopi.

127 2056 272 2138 Qunsmo
291 2060 336 2122 tt.
352 2093 396 2106 -
415 2053 584 2137 Quomodo
608 2054 751 2122 Vicat-ius
766 2054 927 2146 generalis
946 2054 1076 2146 differat
1101 2055 1142 2124 ab
1158 2079 1225 2124 ua-

82 2163 178 2253 tiqco
198 2162 517 2231 Archidiaconol-
539 2161 637 2228 Recte
657 2162 739 2228 solvi
759 2161 874 2253 nequit
896 2163 1034 2252 quaestio
1056 2162 1140 2248 lraec,
1162 2163 1225 2230 nisi

80 2270 190 2361 quoad
203 2268 457 2338 Archidiaconos
471 2269 715 2356 distinguantur
728 2275 885 2359 tempora.
906 2269 1038 2337 Certum
1047 2279 1094 2337 est
1104 2270 1228 2338 decimo

81 2378 179 2445 tertio
204 2376 336 2462 saeculo,
365 2399 442 2445 cum
465 2376 534 2468 jam
562 2376 715 2444 imminui
740 2378 890 2466 coepisset
912 2375 1225 2446 Archidiaconornm

79 2485 268 2570 auctoritas,
283 2485 337 2576 jus
351 2506 524 2553 commune
540 2483 699 2568 luissent
714 2505 828 2550 eornm
843 2483 988 2550 tribunal
1005 2483 1227 2574 distinguere-

80 2601 137 2659 tur
151 2614 171 2658 a
183 2591 341 2659 tribunali
357 2591 518 2681 Episcopi,
536 2599 567 2657 et
588 2591 629 2657 ab
650 2611 763 2657 eorum
790 2589 948 2658 sententia
968 2589 1009 2656 ad
1029 2589 1226 2682 Episcopum

80 2699 217 2767 daretur
248 2698 431 2789 appellatio.
461 2700 594 2768 Constat
620 2719 662 2764 er
691 2696 844 2764 decretali
883 2695 1063 2764 Innocentii
1095 2696 1141 2767 lv
1180 2701 1223 2788 (3,

81 2809 133 2875 tit.
155 2811 208 2892 15,
225 2806 301 2874 libri
318 2811 351 2892 2,
374 2805 542 2893 inserto),
559 2805 593 2870 in
609 2797 674 2896 qua
688 2804 733 2870 sic
748 2804 901 2870 statuitur
923 2830 930 2870 :
953 2803 1000 2872 At
1016 2804 1226 2873 Archidz'aco-

80 2915 134 2982 nis
155 2937 229 2982 uero
247 2965 298 2994 ...,
326 2912 373 2980 cd
397 2913 617 3002 suffrapunecs
646 2911 731 3002 ipsos
753 2909 844 2978 dedet
861 2910 903 2999 (et
922 2931 988 2978 nou
1010 2910 1056 2978 cd
1078 2911 1225 2982 eamdem

84 3023 225 3090 Curiam
252 3021 294 3110 (1)
320 3021 444 3088 omissis
467 3018 561 3088 dictis
581 3016 807 3109 suffraganeis)
833 3017 1027 3108 appellari:
1051 3019 1114 3086 uisi
1133 3019 1228 3087 aliud

80 3128 232 3196 Ilemeusz'
245 3127 396 3196 Ecclesiae
418 3126 457 3194 de
476 3123 705 3194 consuetudine
726 3124 942 3214 compotatio
963 3123 1025 3191 kae
1045 3137 1152 3215 purte.
1172 3128 1225 3194 An

81 3257 163 3303 vero
181 3245 276 3302 antea
296 3256 423 3325 semper
447 3233 534 3300 idem
550 3234 605 3323 jus
627 3232 782 3320 viguerit,
804 3229 935 3298 difficile
958 3231 1038 3299 mihi
1056 3255 1224 3322 persuase-

80 3343 159 3409 rim.
177 3342 404 3410 Existimarem
420 3341 527 3430 potius
543 3341 630 3406 idem
646 3345 701 3429 Jus
717 3339 868 3429 primitus
884 3338 984 3406 fuisse
995 3339 1223 3410 Archidiaconi

80 3457 112 3516 et
126 3448 277 3539 Episcopi
291 3447 433 3516 tribunal
452 3475 458 3516 :
477 3456 585 3538 postea
595 3469 684 3532 vero,
704 3454 739 3513 ιιι
751 3446 818 3536 jam
831 3467 929 3514 exosa
940 3456 1141 3516 coerceretur
1155 3453 1223 3518 Ar-

80 3557 347 3624 chidiaconorum
363 3556 547 3638 auctoritas,
562 3554 717 3644 paulatim
729 3553 900 3641 ,inductum
914 3561 950 3620 ιιι
965 3575 1078 3622 eorum
1094 3565 1222 3624 senten·

82 3664 143 3730 tias
157 3663 306 3753 Episcopi
318 3661 480 3728 noluerint
492 3683 551 3750 pro
567 3662 635 3728 suis
650 3680 836 3748 agnoscere,
848 3657 903 3724 sed
920 3659 961 3726 ab
977 3660 1022 3726 eis
1037 3661 1223 3752 appellatio-

81 3793 156 3838 nem
180 3769 369 3859 reciperent.
389 3768 507 3857 Sieque
526 3769 567 3834 ab
590 3768 727 3833 essentia
743 3765 918 3833 vicariatus
938 3767 1097 3854 generalis
1112 3771 1223 3838 stricte

80 3877 205 3966 'sumpti
215 3874 467 3943 archidiaconos
478 3873 654 3959 excidisse;
670 3873 831 3964 siquidem
846 3881 882 3938 ιιι
894 3895 993 3963 supra
1005 3875 1220 3968 ostendimus,

82 3987 122 4054 de
148 3985 286 4054 essentia
313 3984 486 4052 vicariatus
520 3981 680 4071 generalis
707 3989 766 4067 est,
799 3989 836 4047 ut
869 3978 953 4047 idem
997 3982 1112 4050 habeat
1146 4007 1221 4055 cum

115 4306 147 4370 (ι)
159 4302 260 4368 Nempe
275 4301 373 4355 curiam
383 4303 632 4368 archiepiscopalem
643 4301 811 4367 Rementem,
824 4301 856 4353 de
866 4313 917 4365 qua
930 4299 968 4350 ibi
979 4298 1072 4364 agitur.
