3032 4976
282 467 343 534 act
651 485 825 533 rsticraras
850 487 886 532 oa
909 487 1042 534 runicus.

280 632 385 692 casus,
407 606 576 702 inquibus
598 630 754 677 counaxae
774 631 881 678 cauam
908 607 1011 678 dividi
1036 610 1173 702 possint,
1189 617 1222 678 et
1240 633 1260 678 a
1280 610 1411 679 diversis

277 715 441 807 judicibus
472 713 594 804 dirimi,
617 738 700 808 quos
726 715 801 786 ride
826 717 991 808 expositos
1017 717 1105 809 apud
1131 717 1412 809 Schmalzgrueber
1484 759 1485 790 ι

284 820 391 910 (citato
406 819 500 909 loco).

325 931 356 993 3.
372 926 562 1018 Aliquando
573 927 681 994 evenit
694 935 731 995 ut
746 925 841 995 certis
858 927 1003 1018 personis
1018 928 1215 997 concedatur
1229 929 1337 997 forum
1350 930 1413 1020 pri·

280 1031 482 1122 vilegiatnm.
498 1031 543 1101 vi
563 1032 682 1100 scilicet
703 1031 802 1123 hujus
823 1033 998 1124 privilegii,
1013 1032 1116 1125 judex
1142 1035 1199 1129 qui
1221 1035 1413 1127 alioquinin
1434 1036 1437 1042 ’

283 1138 442 1230 ejusmodi
458 1161 625 1229 personas,
640 1138 772 1230 quando
783 1139 824 1208 ad
839 1139 998 1231 judicium
1015 1141 1203 1228 trahuntur,
1217 1141 1414 1233 jurisdictio-

281 1267 355 1314 nem
373 1267 439 1313 non
453 1243 597 1330 haberet,
614 1267 692 1334 erga
714 1245 843 1313 easdem
866 1246 1113 1338 competentiam
1134 1247 1288 1338 acquirit;
1304 1257 1336 1316 et
1350 1249 1415 1316 vice
1486 1319 1487 1328 ,

281 1373 376 1420 versa
388 1349 489 1442 judex
506 1349 703 1438 ordinarius,
721 1352 778 1442 qni
792 1352 931 1443 seposito
947 1352 1120 1443 privilegio
1136 1354 1210 1440 lori,
1227 1354 1330 1424 dictas
1344 1377 1416 1448 per-

283 1481 377 1528 sonas
396 1459 542 1549 judicare
563 1465 682 1549 posset,
697 1458 739 1527 ob
758 1459 926 1527 obtentum
949 1458 1158 1549 privilegium
1174 1461 1415 1552 competentiam

282 1564 410 1634 amittit.
439 1564 491 1634 Ad
520 1563 778 1654 dignoscendum
797 1573 916 1634 'auum
947 1573 1059 1634 utrum
1085 1566 1157 1635 talis
1180 1565 1282 1658 judex
1307 1568 1343 1636 in
1367 1568 1416 1634 tali

284 1695 393 1756 cansa,
410 1673 655 1764 competentiam
673 1672 714 1740 ob
735 1671 893 1762 ejusmodi
916 1672 1126 1764 privilegium
1148 1673 1356 1766 acquisiverit
1370 1674 1417 1742 vel

285 1779 441 1864 amiserit,
456 1777 617 1846 videndus
638 1777 806 1870 ipsiusmet
821 1778 941 1848 indulti
955 1787 1060 1866 tenor,
1079 1802 1137 1849 nec
1159 1789 1263 1872 potest
1280 1781 1320 1850 de
1335 1803 1372 1850 ea
1385 1803 1418 1848 re

285 1884 369 1952 tradi
385 1885 545 1974 generalis
559 1885 683 1974 regula.

737 2212 882 2282 CAPUT
906 2211 965 2281 tv.
1068 2265 1072 2274 .

286 2425 432 2482 QUOMODO
455 2424 590 2470 OlONOSCl
613 2423 712 2478 ousta
735 2423 839 2468 UTRUM
860 2423 928 2478 Quis
946 2423 1119 2470 COMPETENS
1142 2424 1187 2469 SIT
1205 2424 1238 2470 vl
1255 2423 1423 2470 conmenta

731 2539 973 2586 suntsmc‘rtonts.

330 2751 518 2824 iurisdictio
539 2747 703 2817 ordinaria
720 2746 763 2836 (id
790 2755 851 2832 est,
870 2747 1114 2838 magistratibus
1132 2749 1184 2816 vel
1206 2748 1423 2839 superioribus

287 2869 471 2953 competens
493 2857 527 2924 vi
550 2855 731 2946 ipsiusmet,
748 2877 814 2944 quo
836 2853 1033 2944 funguutur,
1052 2853 1149 2922 officii
1174 2877 1232 2922 seu
1257 2855 1422 2942 muneris),

288 2968 428 3061 duplicis
454 2963 582 3054 generis
609 2971 656 3028 est
678 2985 685 3027 :
708 2961 771 3028 alia
797 2983 913 3053 nempe
936 2961 1090 3031 territorii
1116 2961 1253 3053 alicujus
1279 2961 1423 3030 terminis

287 3072 545 3162 circumscripta;
562 3069 624 3137 alia
646 3090 723 3136 vero
745 3068 786 3136 ab
809 3066 898 3135 carni
917 3067 1105 3136 territoriali
1128 3069 1424 3158 circumscriptione

287 3180 518 3273 independens.
541 3174 739 3261 iurisdictio,
756 3175 849 3242 verbi
874 3177 989 3263 gratia,
1012 3176 1162 3266 Episcopi
1183 3173 1354 3266 tripliciter
1371 3175 1423 3241 de·

288 3287 482 3359 terminatur
500 3311 507 3351 :
526 3283 685 3375 personis,
702 3281 806 3350 censis
822 3292 853 3350 et
867 3281 957 3368 loco;
981 3291 1029 3349 est
1045 3303 1161 3373 nempe
1177 3281 1212 3348 in
1231 3289 1335 3349 certas
1349 3301 1423 3372 per-

288 3419 396 3480 sonas,
414 3395 447 3461 in
463 3401 566 3462 certas
579 3411 692 3458 causas
707 3397 739 3458 et
754 3389 839 3456 intra
859 3387 941 3456 fines
961 3388 1135 3458 diaeceseos
1154 3397 1325 3456 coarctata.
1344 3389 1423 3456 Sunt

288 3513 396 3575 autem
425 3500 480 3568 alii
509 3497 653 3590 praelati,
679 3518 820 3587 qnorum
844 3494 1027 3586 jurisdictio
1061 3494 1232 3588 dupliciter
1256 3494 1423 3564 dumtaxat

288 3607 532 3688 determinatur,
551 3602 696 3693 personis
715 3601 835 3669 scilicet
848 3609 880 3668 et
894 3601 1010 3671 causis.
1025 3601 1120 3670 Tales
1135 3611 1225 3688 sunt,
1243 3603 1335 3670 verbi
1351 3624 1422 3692 gra-

287 3719 344 3802 tia,
362 3712 528 3806 generales
553 3708 707 3777 ordinum
730 3707 956 3796 religiosorum
984 3709 1181 3799 superiores,
1198 3710 1423 3799 congregatio-

288 3848 345 3896 nes
367 3823 525 3892 Romanae
546 3814 780 3901 cardinalium,
798 3823 857 3882 etc.
876 3815 919 3882 Hi
946 3837 1063 3906 nempe
1085 3814 1344 3907 jurisdictionem
1369 3816 1424 3883 ha·

287 3934 365 4002 bent
386 3949 444 4020 per
457 3934 561 3996 totum
584 3921 761 4008 mundum;
778 3920 818 3988 ad
835 3930 939 3990 certas
957 3921 1089 4012 quidem
1111 3944 1266 4013 personas
1279 3929 1311 3989 et
1325 3929 1424 3990 certas

288 4057 460 4109 causarum
487 4029 609 4123 species
635 4027 827 4114 restrictam,
848 4027 903 4096 sed
926 4049 991 4096 non
1011 4026 1051 4096 ad
1077 4039 1202 4097 certum
1226 4029 1333 4098 locum
1360 4029 1424 4096 sive

287 4141 498 4216 territorium.

332 4251 376 4320 Ut
391 4254 498 4317 autern
512 4241 812 4316 circumlocutiones
827 4241 1004 4313 devitando
1020 4263 1071 4310 res
1092 4241 1276 4336 expeditius
1290 4242 1423 4313 evolva-
