3032 4976
271 421 332 492 :ut
643 447 818 493 numurus
842 447 879 492 on
901 446 1034 494 troicus

313 573 346 636 2·
358 567 493 638 Etiamsi
514 565 598 636 adsit
619 575 707 638 certo
733 567 948 662 presumptio
960 567 1053 662 jutus
1071 579 1103 638 ct
1125 567 1165 638 dc
1180 571 1273 662 jure,
1295 569 1413 662 impu-

267 675 361 771 gnari
374 681 479 767 potest
491 697 551 767 per
569 675 748 758 notorium,
771 697 829 744 sen
851 698 910 768 per
929 675 1126 746 evidentiam
1141 675 1216 745 tacti
1240 677 1410 746 rnnuarii.

264 786 360 858 Unde
374 785 441 854 vim
455 805 548 852 suam
563 781 682 850 emittit
696 782 766 876 ipsa
780 783 877 852 etiam
892 783 1107 876 praesumptio
1116 783 1209 874 juris
1222 797 1253 853 ct
1263 783 1409 879 dejure,

264 891 394 988 quando
409 897 523 961 contra
535 911 607 959 eam
623 897 684 958 stat
703 891 892 974 notorietos,
919 889 953 958 id
973 899 1034 979 est,
1054 889 1186 984 quando
1204 893 1411 962 contrarium

265 1008 442 1071 constater
457 997 647 1067 notorietate
662 996 806 1090 publica.

311 1114 344 1176 3·
357 1108 438 1176 Item
453 1103 586 1199 quando
599 1105 701 1197 ispro
715 1127 781 1198 quo
800 1113 861 1174 stat
875 1105 1035 1198 ejusmodi
1050 1106 1263 1199 presumptio
1275 1112 1414 1176 contra·

265 1217 351 1287 rium
369 1214 498 1284 fatetur.

310 1328 342 1394 t·
363 1320 502 1404 Quando
526 1341 586 1414 per
605 1317 821 1389 sufficientem
848 1341 1023 1390 nnmerum
1047 1321 1177 1392 testium
1204 1322 1412 1392 contrarium

263 1429 444 1526 probatur;
462 1425 517 1496 sed
532 1427 682 1520 quisnam
703 1433 780 1496 tuuc
802 1427 988 1520 requiratur
1003 1428 1134 1498 testium
1149 1451 1319 1518 numerus,
1337 1452 1413 1500 non

264 1536 460 1609 concordant
471 1533 629 1604 doctores.

312 1651 344 1712 5⁰
358 1641 496 1727 Quando
511 1641 631 1735 opponi
646 1648 749 1735 potest
765 1641 1019 1710 instrumentum
1040 1641 1220 1734 publicum.
1512 1713 1513 1730 ἢ

309 1757 342 1822 6⁰
362 1749 508 1828 Tandem
527 1757 640 1819 eontra
657 1749 945 1842 presumptionem
961 1748 1052 1840 jtou's
1066 1761 1098 1818 et
1110 1749 1150 1818 dc
1160 1749 1241 1841 jure
1260 1747 1413 1818 admitti·
1512 1823 1513 1832 2

266 1871 321 1932 tur
336 1858 495 1953 probatio,
511 1857 539 1926 si
556 1857 584 1924 is
598 1877 658 1949 pro
673 1878 739 1950 quo
754 1863 817 1924 stet
830 1855 916 1926 dictu
931 1855 1158 1950 presumptio,
1173 1855 1207 1924 in
1224 1855 1257 1926 id
1267 1879 1412 1926 cousen-
1512 1843 1513 1846 ¹

266 1970 335 2057 tiat,
349 1967 382 2038 id
396 1975 456 2054 est,
472 1964 707 2059 oppositionem
725 1987 792 2033 uon
807 1963 916 2034 iaciat.
997 2029 1001 2038 ,

308 2077 373 2146 Pro
398 2073 517 2168 quibus
543 2071 696 2142 omuibus
725 2070 983 2164 exceptionibus,
1014 2068 1090 2139 ride
1114 2069 1414 2163 Schmcdzgrneber

266 2187 312 2278 (in
328 2185 378 2254 tit.
395 2185 450 2270 23,
464 2179 541 2251 libri
553 2184 573 2248 2
586 2179 729 2267 Deerat,
746 2201 780 2248 n.
798 2181 865 2271 12).

307 2292 450 2378 Qomrro
468 2293 513 2358 3⁸.
528 2326 572 2343 ·-
586 2291 636 2357 An
652 2287 688 2357 in
703 2311 802 2358 cansa
818 2287 987 2358 viminali
998 2309 1039 2357 ccc
1059 2286 1157 2358 nudis
1170 2288 1412 2381 praeutmptt'o-

262 2400 355 2472 m'bns
369 2395 528 2468 sententio
538 2396 622 2489 ferri
635 2410 665 2465 et
681 2399 765 2465 Item
784 2394 998 2466 condemnari
1005 2395 1137 2488 possit?
1152 2433 1196 2448 ·-
1213 2395 1307 2465 Circa
1321 2418 1412 2486 gra-

263 2509 430 2581 vissimam
446 2527 518 2574 eam
545 2503 757 2596 questionem
773 2503 893 2598 triplex
917 2502 1027 2572 existit
1042 2502 1210 2572 doctorum
1231 2505 1408 2574 sententia.

308 2618 333 2687 1.
358 2613 549 2706 Reponitur
575 2609 735 2680 sententio
757 2623 952 2701 trepens-
967 2609 1132 2678 Sententia
1149 2610 1221 2679 haec
1239 2611 1412 2682 contendit

263 2727 369 2798 Reum
386 2744 452 2791 nou
466 2741 559 2812 posse
578 2716 789 2787 condemnari
810 2718 852 2786 ob
874 2717 1157 2810 presumptiones,
1181 2721 1412 2812 quamtumvis
1511 2771 1512 2784 ,

263 2834 413 2906 violentae
430 2826 496 2898 illm
512 2827 598 2913 sint;
616 2823 670 2894 sed
694 2847 764 2894 esse
784 2823 1018 2894 absolvendum
1041 2824 1103 2895 hoo
1122 2825 1193 2918 ipso
1206 2827 1295 2918 quod
1314 2827 1412 2898 nulla
1511 2825 1512 2830 ’

262 2951 375 3014 contra
388 2939 496 3030 ipsum
512 2933 691 3025 reperiatur
704 2931 835 3024 proprie
850 2929 936 3001 dicta
949 2931 1107 3024 probatio.
1127 2933 1279 3002 Doctores
1292 2942 1410 3004 autem

262 3049 320 3144 qni
334 3068 405 3117 eam
426 3039 586 3112 sustinent
602 3039 701 3131 (inter
713 3061 796 3132 quus
808 3037 966 3129 Pirrhing
987 3046 1019 3106 et
1032 3039 1161 3130 Engel),
1187 3039 1339 3110 nituntur
1353 3041 1411 3112 his

263 3152 461 3229 rationibus:
483 3147 655 3216 ressone
667 3147 734 3217 Nos
751 3146 798 3237 (1,
813 3167 918 3214 cauam
932 3149 965 3232 2,
981 3167 1014 3238 q.
1035 3147 1078 3237 t),
1093 3146 1150 3214 ubi
1160 3169 1202 3216 ex
1214 3150 1411 3218 sanctonu-

259 3260 391 3357 gnstino
400 3258 445 3328 sio
456 3253 614 3324 habetur:
629 3254 697 3324 Not
709 3253 949 3344 inquemqnom
960 3253 1153 3322 sestertium
1159 3256 1246 3345 serre
1251 3277 1316 3324 non
1324 3279 1411 3348 pos-

260 3389 384 3449 sumus,
400 3363 465 3433 nisi
480 3372 542 3431 out
555 3360 808 3429 conuictnmnut
821 3372 936 3453 sponte
948 3363 1138 3452 consessum.
1158 3365 1192 3429 2⁰
1204 3361 1316 3454 Capite
1331 3365 1411 3433 Lit-

261 3493 347 3547 tcrcs
365 3473 433 3565 (tr,
444 3467 484 3538 de
499 3466 836 3559 Praesnmptiom‘dns),
855 3466 911 3535 ubi
923 3468 1133 3537 Innocentius
1147 3468 1193 3537 111
1207 3467 1248 3537 de
1261 3470 1410 3562 quodam

262 3585 343 3671 Reo,
359 3585 471 3650 eontra
483 3597 581 3667 quem
593 3573 770 3642 vehemens
796 3573 927 3642 extabat
952 3574 1099 3644 oriminis
1114 3574 1276 3646 hereseos
1295 3578 1412 3671 suspi-

260 3692 324 3776 cio,
341 3687 387 3757 sic
401 3681 552 3754 decerni:
571 3685 710 3773 Propter
717 3665 827 3749 ‘solum
836 3680 1062 3773 suspicionem,
1074 3683 1224 3774 quamuis
1235 3684 1412 3755 venemen-

262 3810 340 3878 tem,
356 3793 511 3862 rectumne
526 3788 622 3856 illum
635 3785 675 3856 de
688 3797 759 3854 tam
774 3789 870 3878 provi
883 3788 1020 3856 crimine
1033 3788 1256 3859 condemnari.
1272 3795 1305 3859 3⁰
1317 3792 1411 3886 Lego
1510 3807 1511 3814 ³

260 3903 429 3973 Absentem
446 3897 490 3988 (5,
509 3893 542 3962 ff.
559 3893 599 3964 de
614 3891 748 3984 Poenis),
765 3893 800 3961 in
814 3917 879 3987 qua
894 3895 941 3963 sic
955 3895 1112 3964 statuitur
1126 3922 1133 3963 :
1147 3895 1217 3966 Sed
1228 3919 1285 3966 nec
1296 3902 1411 3992 snpi-
1510 3889 1511 3942 3

261 4003 405 4079 cionidrn
419 4001 531 4072 dedere
553 3999 697 4094 aliquem
719 3999 876 4070 domum
896 4001 990 4071 divus
1011 4003 1174 4094 Trujonns
1194 4004 1328 4074 Assidno
1343 4009 1410 4076 Sc·
1510 4017 1511 4032 ¹

263 4137 336 4185 uero
350 4109 533 4202 rescripsi&
549 4107 714 4199 satiusque
735 4129 800 4176 esse
820 4109 1023 4202 impunitum
1040 4109 1182 4204 relinqui
1194 4111 1330 4203 ifucinus
1343 4136 1408 4183 no-

263 4220 371 4300 centis,
388 4239 489 4310 qinom
503 4215 703 4285 innocentem
717 4213 881 4284 damnum.
901 4221 934 4284 t·
950 4216 1035 4308 Lege
1050 4218 1116 4303 Qnt‘
1125 4219 1318 4290 sententiam
1333 4221 1405 4316 (16,
