3032 4976
561 444 634 489 eins
656 444 760 490 nurui.
1168 425 1230 490 289

90 559 231 651 legibus.
248 562 329 644 Quae
342 563 428 656 juris
442 565 582 634 Romani
591 566 768 657 dispositio,
781 565 815 632 iu
827 563 898 633 toro
911 564 1006 633 etiam
1017 563 1229 636 ecclesiastico

90 669 204 758 vigere
219 672 353 740 omniuo
362 672 520 740 censenda
530 683 589 758 est,
601 697 676 740 cum
689 672 772 740 nihil
781 671 978 740 eontrarium
990 672 1065 763 jure
1077 675 1231 744 canonico

91 777 253 845 sancitum
268 781 460 871 reperiatur.
478 781 515 848 Iu
529 780 589 848 hoc
605 787 712 848 autem
729 803 818 865 casu,
832 801 873 846 ex
890 777 1018 848 fictione
1028 779 1125 871 juris,
1144 781 1234 849 locus

92 892 276 953 contractus
291 886 422 972 dieitur,
434 909 499 954 non
516 909 613 954 verus
625 886 659 954 in
672 909 737 976 quo
753 885 836 954 iacta
847 887 1019 954 conventio
1034 895 1093 972 est,
1112 886 1167 954 sed
1180 887 1235 956 ille

92 989 177 1056 alius
199 1013 258 1082 pro
280 991 488 1084 adimplendo
504 1000 596 1083 paeto
612 992 868 1079 determinatus3
893 991 938 1060 ita
958 1003 993 1060 ut
1011 992 1086 1060 huic
1105 993 1233 1080 ultimo,

92 1095 168 1164 lieet
188 1099 313 1186 fictitio,
330 1098 530 1192 applicandae
555 1099 619 1168 sint
639 1098 765 1168 traditas
787 1099 909 1188 regulae
925 1121 999 1192 quae
1022 1099 1129 1168 locum
1157 1123 1234 1169 eou-

94 1209 257 1272 tractuum
276 1207 465 1298 respiciunt.

138 1313 267 1382 Renum
289 1318 334 1383 6².
347 1353 390 1365 -
407 1313 663 1382 Administratnr
686 1312 849 1381 conveniri
865 1325 972 1404 potest
996 1314 1030 1380 in
1047 1313 1116 1381 loeo
1139 1327 1235 1404 pasta

92 1418 399 1502 administrationis,
415 1419 558 1489 etiamsi
571 1419 616 1488 ibi
626 1441 771 1511 presens
784 1442 847 1487 non
860 1419 913 1488 sit.
928 1458 973 1472 -
983 1419 1237 1489 Administrator

92 1535 260 1594 contractu
274 1527 325 1594 vel
340 1525 452 1594 saltem
475 1528 754 1618 quasi-contractu
774 1523 989 1614 adstringitur
1008 1525 1056 1593 illi
1074 1527 1166 1617 eujus
1184 1549 1236 1596 res

92 1634 297 1702 administrat
313 1662 320 1702 :
335 1657 413 1724 ergo
422 1635 504 1702 sieut
515 1633 652 1726 quilibet
661 1633 746 1701 alius
761 1632 967 1718 contrahens,
985 1632 1101 1723 poterit
1117 1633 1152 1700 in
1167 1634 1236 1707 loco

93 1747 290 1826 contractus,
308 1737 342 1806 id
356 1747 404 1808 est
412 1747 512 1828 gestae
524 1739 831 1824 administrationis,
842 1739 1022 1824 conveniri,
1040 1740 1068 1806 si
1083 1737 1129 1806 ibi
1144 1761 1238 1830 repe-

92 1845 209 1913 riatur.
234 1846 273 1914 m
293 1845 334 1914 de
354 1847 415 1916 hoc
433 1845 524 1915 nulla
550 1853 700 1916 movetur
721 1844 904 1914 difficultas.
932 1847 1054 1914 Atvero
1077 1847 1238 1938 quaeritur

93 1952 243 2043 insuper,
259 1974 314 2039 an,
328 1953 429 2020 etiam
441 1953 565 2033 absens,
576 1952 679 2044 possit
695 1951 816 2018 ibidem
828 1950 1015 2019 conveniri‘t
1027 1951 1239 2042 Responden-

94 2059 176 2127 dum
192 2067 239 2128 est
253 2059 458 2145 affirmative,
476 2059 518 2128 ob
532 2079 720 2150 expressam
735 2058 820 2150 juris
834 2057 975 2126 Romani
991 2057 1051 2126 hae
1068 2058 1106 2128 de
1123 2081 1157 2126 re
1167 2059 1239 2126 dis-

94 2166 303 2256 positionem,
321 2189 394 2258 quae
410 2165 626 2254 habeturlege
640 2167 732 2232 Eum
748 2164 808 2254 qui
820 2171 852 2232 et
864 2163 935 2254 lege
951 2165 1110 2256 sequenti,
1127 2187 1156 2231 e.
1178 2163 1239 2233 ati

94 2273 135 2341 de
149 2272 328 2342 ratiociniis
348 2274 405 2365 api
423 2285 594 2365 oporteat;
609 2293 682 2363 quae
697 2271 868 2363 dispositio
884 2280 916 2339 et
932 2272 967 2339 in
989 2273 1063 2364 jure
1083 2274 1238 2342 canonico

97 2381 220 2472 (utpote
239 2366 304 2449 non
318 2379 494 2470 contrario)
512 2378 619 2448 valere
643 2377 804 2448 censenda
819 2387 878 2448 est.
897 2377 937 2446 Et
950 2378 1160 2469 intelligenda
1176 2390 1236 2466 est,

95 2511 163 2557 non
180 2497 304 2557 tautum
325 2488 365 2556 de
383 2487 664 2556 administratione
682 2485 825 2578 publiea,
848 2485 904 2553 sed
923 2485 1020 2553 etiam
1039 2485 1079 2554 de
1098 2487 1237 2577 privata,

95 2604 132 2662 ut
147 2596 224 2662 satis
237 2594 391 2682 iudicant,
409 2603 479 2662 tum
496 2593 626 2662 rubrica
641 2592 728 2662 huuc
748 2592 767 2660 J
770 2591 946 2660 ustiuianei
967 2591 1084 2660 codicis
1104 2593 1237 2660 titulum

94 2701 282 2792 exprimens
295 2723 369 2793 quae
388 2701 433 2768 sic
453 2708 512 2788 est,
541 2699 601 2767 Ubi
615 2698 653 2767 de
672 2697 853 2766 ratiociniis
872 2710 943 2766 tam
960 2698 1111 2789 publicis,
1134 2721 1237 2790 quam

86 2809 244 2899 privatis,
263 2809 320 2899 api
339 2820 507 2900 oporteat,¹
532 2815 603 2876 tum
626 2807 726 2875 verba
748 2805 831 2895 legis
852 2805 954 2897 ipsius
974 2809 1065 2874 Eum
1088 2806 1157 2898 qui,
1179 2807 1238 2874 ubi

95 2916 252 2984 habetur:
267 2916 336 2999 Oui
351 2916 459 2984 aliena
481 2913 613 3006 nepotia
627 2914 693 2980 siae
712 2935 751 2980 en
767 2913 887 2994 tuceta,
902 2913 969 2980 siue
983 2935 1023 2980 en
1034 2935 1236 3004 quocumque

92 3023 160 3092 alio
173 3023 269 3092 titulo
285 3021 539 3102 administravit,
557 3029 617 3089 ete.
639 3019 733 3088 Unde
755 3019 989 3111 relinquendus
1009 3029 1057 3088 est
1076 3021 1232 3111 Barbosa,

92 3132 151 3222 qui
166 3131 212 3222 (in
225 3131 330 3220 legem
346 3133 456 3198 Hares
471 3128 594 3209 absens,
611 3125 647 3198 ff.
666 3126 705 3195 de
717 3125 839 3208 ludia,
857 3149 890 3193 n.
910 3127 963 3216 68)
976 3127 1101 3218 putavit
1112 3127 1232 3197 dictam

93 3239 336 3330 dispositionem
352 3234 458 3329 quoad
474 3235 762 3322 administratores,
781 3234 821 3302 de
837 3234 965 3326 publiea
980 3235 1150 3304 dumtaxat
1171 3236 1233 3304 ad-

94 3347 330 3414 ministratione
343 3368 411 3414 esse
429 3343 685 3431 intelligendam.

136 3454 267 3522 Rasum
283 3453 474 3520 ‘tu-Foro
486 3462 672 3519 corrtraetus
683 3472 751 3516 non
764 3449 945 3517 destruitur
956 3451 1049 3540 forus
1063 3449 1231 3532 domicilii,

92 3561 148 3629 sed
162 3559 362 3629 cumulatior
377 3557 474 3626 ambo
491 3556 685 3624 recantant.
695 3555 908 3636 -Quamvis
924 3556 956 3623 in
977 3557 1142 3647 praedietis
1162 3582 1234 3626 onr-

92 3669 191 3736 nibus
206 3666 332 3734 casibus
345 3675 528 3756 competens
546 3664 588 3730 sit
600 3662 703 3754 judex
720 3671 902 3730 contractus
921 3661 964 3751 (id
982 3673 1030 3731 est
1049 3663 1233 3734 ordinarius

91 3775 152 3844 loci
179 3777 213 3841 iu
237 3797 303 3865 quo
328 3781 434 3864 partes
456 3769 715 3860 contraxerunt),
738 3778 922 3860 competens
937 3793 1006 3836 esse
1029 3793 1233 3864 nequaquam

92 3881 211 3950 desinit
223 3878 326 3972 judex
349 3877 515 3947 domicilii.
542 3876 575 3943 ld
593 3885 685 3944 extra
704 3899 835 3945 omnem
855 3877 1105 3945 controversiam
1122 3890 1182 3968 est,
1205 3891 1236 3950 et

93 3989 188 4057 valde
203 3987 325 4055 attendi
346 3985 441 4052 debet
460 3985 501 4052 ob
520 3981 651 4051 effectus
670 4005 710 4050 ex
732 3982 791 4050 hac
811 3983 1009 4052 cumulatius
1024 3991 1236 4076 competentia

94 4098 245 4164 orientes.
262 4093 346 4163 Nam
361 4093 437 4160 inde
453 4091 597 4182 sequitur
619 4091 654 4158 in
671 4091 804 4181 optione
827 4091 954 4158 Actoris
976 4113 1056 4180 esse,
1077 4103 1114 4160 ut
1131 4093 1236 4164 Reum

96 4205 170 4272 citet
188 4211 220 4271 et
233 4201 417 4286 conveniat,
434 4200 485 4270 vel
501 4221 609 4268 eoram
625 4197 794 4267 ordinario
815 4199 868 4266 cui
887 4198 1028 4289 subjacet
1047 4200 1133 4270 idem
1151 4203 1238 4274 Reus

260 4329 279 4373 t.
1043 4314 1080 4372 te
