3030 4980
275 398 338 461 3611
650 419 828 468 1313111113
850 419 889 466 on
911 419 1046 466 runicus.

201 607 202 610 ,
276 567 293 606 «
316 549 365 609 eet
381 541 472 610 1111113
488 541 542 610 lex
557 541 713 610 cononice
727 541 763 610 in
782 549 854 610 toto·
863 541 939 633 jure
958 541 1114 610 senonico
1135 541 1328 634 reperiatur,
1343 565 1416 634 quae

273 675 290 714 o
310 671 461 741 expresse
476 649 560 718 hane
572 649 832 743 jurisdictionem
848 649 971 718 tribuat
984 649 1038 717 isti
1055 649 1200 736 Vicerio,
1218 671 1293 715 cum
1307 657 1416 718 tumen

274 783 291 823 s
312 759 386 850 jure
400 757 555 827 canonico
573 757 699 826 licitum
713 757 755 825 sit
773 765 806 826 et
819 757 1015 850 permissum
1034 756 1204 849 Episcopis
1223 757 1417 826 constituere

274 892 291 931 o
313 875 345 934 et
357 887 523 935 assumere
538 865 686 935 Vicerios
704 864 817 956 (capite
831 867 918 934 Cum
933 863 1127 955 Episcopus,
1142 863 1182 932 de
1196 863 1303 954 officio
1318 862 1417 932 Ordi-

273 1003 291 1041 u
313 977 413 1058 corii,
422 977 458 1044 in
471 983 581 1061 sexto,
597 975 701 1066 eapite
715 975 845 1062 ultimo,
855 972 895 1042 de
904 974 1083 1056 Haeretieis,
1095 973 1130 1040 in
1144 973 1260 1064 sexto),
1274 973 1331 1064 qui
1349 974 1417 1042 vice

272 1110 289 1150 s
312 1107 426 1154 eorum
439 1083 698 1176 jurisdictionem
713 1081 929 1178 episcopalem
946 1089 1139 1168 exerceant3
1158 1081 1219 1149 hoc
1239 1080 1313 1172 ipso
1327 1080 1416 1172 quod

272 1191 491 1284 «Episcopus
519 1189 667 1260 nominet
691 1197 723 1257 et
748 1189 916 1258 constituit
940 1188 1110 1258 Viesrinm
1135 1211 1177 1256 ex
1205 1186 1417 1278 permissione

169 1367 173 1378 ,
270 1300 409 1391 «juris,
437 1299 492 1389 jus
516 1298 579 1390 ipsi
602 1297 656 1366 det
678 1305 709 1366 et
736 1297 880 1365 conteret
903 1295 1165 1388 jurisdictionem
1192 1293 1414 1380 ordinariam

271 1433 288 1472 o
312 1405 479 1498 supposita
497 1413 607 1473 tamen
626 1413 658 1472 et
682 1403 917 1474 interveniente
933 1402 1019 1470 dictu
1045 1401 1265 1471 nominatione
1285 1424 1345 1470 seu
1360 1402 1417 1469 in-

271 1539 289 1576 «
313 1512 479 1580 stitutione
490 1511 675 1602 Episcopi.»
688 1511 749 1602 (De
767 1509 902 1578 Vicoriis
910 1509 1164 1600 Episcopomm,
1174 1530 1245 1598 cup.
1261 1511 1295 1594 2,
1306 1530 1416 1599 quess-

268 1618 445 1708 11311372.)
469 1619 510 1686 Et
531 1618 576 1686 ibi
599 1617 782 1686 Leurenius
806 1615 951 1707 ejusdem
979 1615 1147 1684 sententiae
1171 1623 1318 1683 unctores
1340 1615 1418 1683 citet

268 1726 440 1818 plurimos,
462 1725 547 1793 inter
566 1747 649 1816 quos
664 1723 849 1810 Sbrozium,
872 1723 1042 1812 Pirrhiug,
1064 1721 1255 1808 Barbussm,
1270 1721 1419 1791 Ssuehe-

269 1831 852 1922 31113103131111113111,1133333331,
867 1830 1312 1922 (133113331311111,Μ311113111,
1328 1833 1417 1900 Azo-

270 1961 369 2007 rium.

314 2045 423 2114 Potest
444 2052 552 2114 sutem
580 2045 651 2114 haee
675 2045 883 2115 communior
906 2045 1067 2113 sententis
1091 2044 1137 2112 sie
1160 2066 1238 2112 vere
1263 2044 1417 2114 demons-

269 2155 349 2222 trari
372 2181 379 2221 :
402 2153 456 2221 iile
476 2152 655 2222 censendus
674 2162 721 2221 est
743 2153 1003 2246 jurisdictionem
1035 2152 1153 2220 hebere
1173 2176 1193 2220 3
1213 2151 1285 2242 lege
1309 2161 1342 2220 et
1362 2176 1420 2222 rs-

269 2263 357 2330 tione
371 2261 472 2331 officii
486 2262 549 2348 sui,
566 2283 632 2330 non
654 2269 762 2329 autem
786 2260 827 2329 sb
850 2260 1024 2352 Episcopo,
1041 2259 1136 2350 eujus
1155 2267 1294 2350 potestus
1310 2283 1330 2326 3
1344 2260 1419 2352 jure

271 2369 437 2437 communi
457 2375 545 2437 certo
566 2377 598 2436 et
622 2370 691 2437 fixo
712 2366 808 2436 modo
828 2389 925 2459 quem
948 2366 1129 2458 Episcopus
1144 2375 1270 2435 11131313
1289 2368 1417 2458 nequit,

270 2475 504 2544 determinatur
527 2475 642 2568 :atqui
662 2473 845 2565 jurisdictio
869 2473 994 2541 Vicsrii
1013 2473 1174 2562 generalis
1195 2472 1306 2564 ejure
1328 2497 1420 2543 com-

270 2583 364 2651 muni
382 2583 620 2651 determinatur
643 2588 731 2649 certo
759 2581 855 2649 modo
882 2603 978 2672 quem
1003 2579 1182 2671 Episcopus
1211 2587 1420 2649 1113131333-

271 2690 364 2782 quit:
382 2711 458 2757 nem
484 2688 544 2756 hoc
562 2689 633 2779 ipso
652 2687 739 2779 quod
754 2688 830 2779 quis
845 2687 1060 2755 constituetur
1073 2686 1225 2755 Viesrius
1242 2687 1418 2776 generalis,

271 2797 301 2864 ei
321 2796 474 2888 competit
493 2794 585 2885 (velit
603 2795 686 2862 nolit
705 2795 896 2886 Episcopus)
910 2793 1093 2884 jurisdictio
1117 2794 1287 2862 moraliter
1303 2796 1418 2862 saltem

271 2903 463 2973 universalis
478 2902 585 2994 quood
600 2925 712 2970 causus
731 2910 763 2968 et
783 2900 958 2970 dioecesim.
982 2900 1041 2968 1113
1055 2923 1133 2970 vero
1151 2899 1336 2992 jurisdictio
1356 2901 1421 2970 du-

272 3009 351 3102 plici
370 3031 466 3077 seusu
488 3017 546 3094 est,
572 3007 829 3099 independenter
853 3008 894 3075 ab
915 3007 1088 3098 Episcopo,
1104 3006 1145 3074 de
1166 3007 1239 3100 jure
1262 3007 1421 3076 determi-

273 3124 350 3185 netu
377 3123 409 3184 31
423 3119 513 3184 fixa:
532 3120 564 3184 1⁰
581 3115 659 3207 quie
674 3115 739 3182 nisi
758 3114 994 3183 reservationes
1016 3136 1168 3206 expresse
1183 3123 1325 3207 apponat
1340 3117 1422 3208 Epi-

272 3245 401 3315 scopus,
424 3231 511 3290 ecrto
530 3230 562 3290 et
583 3220 624 3290 de
642 3222 718 3314 jure
738 3221 924 3290 extenditur
944 3221 985 3288 ed
1004 3229 1105 3290 totam
1128 3222 1306 3308 dioecesim,
1331 3223 1421 3292 etad

273 3353 387 3400 omnes
401 3353 526 3416 censes,
549 3329 691 3421 exceptis
714 3328 881 3397 nonnullis
904 3330 1009 3418 siege
1028 3329 1203 3420 expressis,
1224 3338 1256 3398 et
1270 3353 1353 3421 quas
1366 3331 1423 3400 lex

274 3447 424 3531 exceptus
437 3437 562 3521 voluit,·
585 3459 645 3529 pro
665 3437 785 3529 quibus
812 3458 929 3528 nempe
951 3436 1166 3505 necessarium
1187 3459 1257 3505 esse
1278 3437 1425 3507 decrevit

274 3545 447 3638 specialem
462 3545 616 3636 Episcopi
632 3543 893 3613 commissionem
907 3570 915 3631 ;
934 3547 968 3610 2⁰
984 3543 1061 3635 quie
1076 3544 1137 3612 etsi
1149 3543 1329 3635 Episcopus
1343 3568 1425 3637 pos·

273 3654 349 3722 sits
374 3651 527 3744 praediete
544 3651 669 3721 Vioarii
694 3651 855 3739 generalis
877 3651 1105 3742 jurisdictione
1125 3650 1283 3742 quasdem
1308 3673 1425 3720 census

275 3770 307 3828 et
335 3759 486 3850 quaedum
512 3758 583 3827 loos
608 3759 758 3850 excipere
788 3767 820 3825 et
847 3757 1051 3844 subtrahere,
1080 3781 1146 3828 non
1178 3767 1288 3826 tamen
1317 3767 1425 3851 potest

276 3866 437 3958 ejusmodi
454 3865 660 3958 exceptiones
671 3864 941 3958 ite'multiplieure
954 3874 985 3934 et
1000 3865 1224 3936 extenderent
1235 3865 1423 3958 jurisdictio

274 3974 399 4042 Vicurii
412 3973 575 4064 generalis
584 3972 714 4041 desinet
725 3995 794 4041 esse
808 3973 1193 4042 moraliterunioersolis.
1209 3973 1246 4043 Si
1257 3976 1346 4043 enim
1360 3975 1424 4042 Vi-

275 4081 399 4151 carium
415 4081 588 4148 constituet
601 4103 678 4148 curn
693 4088 739 4147 tot
753 4080 1024 4166 restrictionibus,
1038 4103 1113 4172 quae
1130 4081 1213 4148 113113
1225 4081 1423 4151 universali-

265 4195 372 4256 tatem
385 4185 620 4277 jurisdictionis
634 4185 761 4275 tollent,
778 4208 843 4255 non
859 4188 1025 4255 coustituit
1038 4188 1207 4258 Vicerium
1220 4189 1421 4280 generalem,
