3030 4980
266 475 328 539 136
641 489 818 538 raacrarue
841 489 879 534 ua
902 487 1036 535 runicus.

264 615 319 682 sed
343 611 480 683 civiliter
499 611 670 680 dumtaxat
690 621 819 702 agatur.
844 610 941 701 (Vide
961 609 1176 694 Laureolum,
1203 607 1273 674 loco
1293 606 1417 690 citato,

263 744 297 812 q.
318 721 406 810 186.)
422 720 503 788 Mihi
516 727 624 788 tamen
637 718 711 787 duaa
726 718 851 810 priores
874 718 1082 810 exceptiones
1100 737 1168 784 non
1189 716 1267 782 satis
1288 712 1419 780 viden-

265 827 488 914 turfuudalas,
505 848 580 894 cum
595 826 688 894 toties
700 825 796 893 citata
809 824 978 894 decretalis
998 824 1089 892 Licet
1107 821 1157 912 (de
1178 821 1292 912 Officio
1315 820 1420 888 Vica-

264 933 319 1014 rii,
343 935 378 1000 in
399 934 443 1022 6),
465 955 616 1024 expresse
644 932 813 1024 prohibeat
845 955 885 1000 ne
915 931 1066 1002 Vicarius
1094 927 1255 1020 generalis
1284 927 1419 1017 absque

263 1040 394 1131 speciali
410 1038 562 1108 mandato
577 1039 726 1130 Episcopi
740 1039 888 1130 inquirat
902 1038 942 1106 de
953 1039 1144 1128 aliquorum
1160 1033 1351 1102 excessibus.

308 1147 450 1229 Quusrro
471 1148 643 1216 tta-Aa
655 1146 757 1237 possit
773 1146 894 1237 absque
907 1144 1042 1236 speciali
1055 1142 1423 1232 mandatocoprwscere

264 1277 379 1322 causas
405 1254 536 1324 ciuiles?
557 1293 602 1306 —
619 1252 895 1346 Respondendum
920 1251 1127 1337 affirmative,
1155 1271 1259 1341 neque
1279 1249 1351 1316 ulla
1377 1251 1421 1317 de

264 1361 327 1430 hoc
349 1369 498 1430 movetur
518 1360 703 1430 difficultas.
723 1359 821 1452 (Vide
842 1359 1055 1446 Leurenium,
1079 1358 1149 1427 loco
1170 1359 1241 1444 cit,
1257 1380 1290 1447 q.
1320 1356 1420 1443 188.)

264 1469 305 1537 Et
320 1491 378 1560 per
393 1491 504 1538 causas
519 1468 633 1538 civiles
645 1467 874 1558 intelliguntur
894 1467 1073 1557 generatim
1095 1487 1208 1534 omnes
1226 1485 1334 1531 causae
1359 1484 1423 1530 ec-

264 1576 463 1666 clesiasticae,
479 1598 554 1668 quae
568 1574 753 1645 criminales
767 1598 833 1644 non
847 1584 935 1643 sunt.

307 1683 450 1766 Quasrro
462 1689 531 1751 29⁸.
548 1723 592 1736 -
606 1686 697 1755 Num
706 1682 811 1773 possit
826 1703 1014 1773 coquoscere
1027 1680 1066 1749 de
1088 1677 1260 1747 validitate
1278 1675 1419 1768 dispeu-

263 1790 399 1858 sata'oru's
411 1791 510 1881 factu
523 1789 565 1858 ab
584 1790 770 1880 Episcopo?
793 1787 1021 1880 Respondetur
1039 1784 1200 1875 negative.
1227 1783 1301 1852 Non
1320 1784 1421 1851 enim

221 1961 224 1971 ,
266 1905 369 1987 potest
386 1897 521 1975 inferior
543 1896 702 1989 impedire
721 1903 912 1987 potestatem
934 1893 1110 1985 superioris
1133 1891 1238 1982 (juxta
1257 1889 1423 1958 Clemen-

266 2005 367 2071 tinam
382 2007 432 2075 Ne
444 2008 554 2085 Rom,
571 2002 610 2070 da
624 2003 757 2092 Eleae).
774 2002 816 2070 Et
830 2000 917 2068 idem
931 2001 1007 2069 satis
1020 2008 1107 2091 patet
1122 2021 1162 2066 ex
1171 1997 1245 2089 jure
1256 1997 1420 2064 naturali.

310 2110 451 2191 Quamne
466 2115 534 2179 30³.
552 2113 661 2179 -Au
678 2110 782 2202 possit
806 2110 925 2200 absque
947 2106 1083 2200 speciali
1100 2105 1258 2174 mandato
1278 2126 1423 2194 capnos-

265 2239 334 2286 cere
363 2217 403 2286 de
421 2217 609 2308 obreptione
626 2217 677 2286 uel
705 2217 913 2306 subreptione
934 2212 1182 2306 dispensationis
1204 2224 1265 2279 aut
1294 2213 1423 2302 pratia

263 2324 465 2416 pontificia?
482 2363 527 2377 -
552 2322 827 2415 Respondendum
850 2323 1026 2411 negative;
1050 2320 1128 2414 quia
1149 2318 1182 2386 id
1205 2319 1318 2410 nequit
1344 2319 1423 2410 ipse

266 2431 443 2523 Episcopus
470 2432 608 2523 dejure
632 2429 811 2517 ordinario,
846 2429 902 2496 sed
930 2428 1101 2496 dumtaxat
1129 2435 1283 2517 tanquam
1319 2423 1422 2494 Sedis

266 2539 461 2631 Apostolicae
487 2538 667 2628 delegatus,
690 2537 786 2628 juxta
801 2535 1049 2627 dispositionem
1070 2533 1271 2603 Tridentinae
1296 2535 1421 2624 synodi

271 2648 361 2737 (sess.
379 2648 433 2733 13,
452 2668 480 2714 c.
503 2645 549 2735 5).

312 2752 456 2833 Quasrro
472 2755 540 2821 31².
556 2789 601 2805 -
618 2751 788 2834 Quomodo
803 2749 1053 2840 iutellipendum
1068 2749 1110 2817 sit
1129 2771 1195 2816 acu
1207 2769 1300 2838 posse
1322 2747 1420 2815 Vica-

267 2859 357 2928 rium
377 2859 570 2948 pecoralem,
594 2860 713 2950 absque
732 2858 866 2949 speciali
885 2857 1045 2947 facultate
1061 2855 1228 2949 Episcopi,
1250 2854 1314 2924 sibi
1336 2855 1421 2923 dare

266 2967 559 3035 substitutuml-
576 2970 607 3033 1.
625 2965 696 3036 Νοι]
721 2987 813 3056 posse
835 2965 1004 3033 Vicarium
1025 2963 1210 3054 generalem
1230 2962 1293 3030 sihi
1315 2961 1418 3030 alium

268 3073 400 3165 proprie
420 3073 629 3159 substituere,
650 3070 683 3139 id
705 3080 754 3138 est
770 3094 846 3139 cum
868 3069 981 3139 eadem
999 3071 1132 3139 omnino
1146 3077 1302 3161 potestate
1317 3091 1418 3160 quarn

270 3182 339 3272 ipse
367 3179 474 3268 habet,
501 3188 594 3248 extra
620 3179 873 3248 controversiam
899 3186 947 3246 est
966 3177 1053 3270 apud
1078 3178 1244 3256 doctores;
1269 3177 1327 3268 qui
1359 3176 1419 3244 hac

268 3287 430 3377 praecipue
452 3287 576 3354 ratione
597 3286 750 3353 nituntur
772 3311 779 3352 ι
801 3284 966 3373 «Nullus,
983 3285 1119 3353 inferior
1135 3285 1293 3376 principe,
1319 3283 1419 3353 Vica-

274 3421 292 3460 a
316 3393 403 3461 mum
418 3393 463 3461 ita
479 3393 674 3461 constituere
686 3400 790 3483 potest
810 3400 850 3459 ut
871 3400 974 3460 tutum
999 3391 1142 3460 officium
1159 3413 1257 3460 suum
1279 3413 1335 3460 seu
1359 3413 1420 3483 po·

274 3525 291 3564 a
316 3506 461 3567 testatem
487 3497 686 3566 ordinariam
712 3497 851 3588 (qualem
867 3497 965 3565 habat
986 3497 1138 3567 Viceriua
1159 3494 1321 3586 generalis
1338 3495 1420 3586 Epi-

276 3632 293 3674 a
316 3604 414 3698 scopi)
442 3607 470 3673 ei
495 3607 688 3693 committet,
711 3606 775 3673 nisi
790 3605 824 3672 id
843 3606 960 3694 alege,
986 3612 1043 3674 aut
1065 3605 1221 3696 principis
1247 3604 1420 3689 beneficio,

276 3741 292 3780 a
315 3717 345 3782 ci
359 3736 547 3782 concessum
563 3714 616 3782 sit.
633 3713 754 3800 Quare,
770 3721 808 3781 ut
823 3714 867 3781 ait
888 3714 1048 3804 Layman,
1073 3735 1131 3780 nec
1151 3712 1219 3804 ipse
1241 3712 1424 3803 Episcopus

277 3845 294 3886 a
317 3821 460 3889 officium
482 3841 579 3887 suum
603 3819 806 3889 ordinarium
828 3820 921 3888 alteri
942 3821 1141 3888 committere
1159 3829 1279 3910 posset,
1301 3821 1366 3888 uisi
1390 3820 1422 3886 id

276 3953 294 3994 a
317 3928 346 3994 ei
361 3949 398 3996 ea
412 3928 483 4017 lage
500 3936 583 3996 esset
601 3949 802 3996 concessum.
818 3953 835 3994 u
856 3927 1064 4018 (Laurenius,
1078 3927 1117 3996 de
1139 3927 1274 3995 Vicariu
1290 3927 1422 4018 Episc,

273 4056 344 4124 cap.
363 4037 395 4120 3,
411 4057 444 4124 q.
465 4035 554 4124 198.)

321 4144 352 4206 2.
371 4139 406 4206 Si
423 4147 530 4208 tamen
551 4140 732 4233 specialiter
751 4142 945 4212 concedatur
965 4143 1099 4214 Vicaric
1120 4141 1279 4232 generali,
1299 4151 1337 4208 ut
1361 4141 1423 4208 sibi

275 4247 448 4323 substituat
461 4248 615 4338 aliquem,
636 4257 668 4317 et
687 4249 838 4319 decernat
859 4251 958 4319 simul
979 4251 1169 4343 Episcopus,
1191 4257 1228 4317 ut
1249 4249 1324 4317 talis
1342 4249 1425 4316 suh-
