3030 4980
556 439 630 486 esus
652 439 796 486 sncnnns.
1179 423 1240 486 too

98 557 196 627 Ratio
211 566 271 645 est,
287 559 365 652 quis
384 562 456 651 ojus
477 571 567 630 octus
589 572 761 632 censentur
783 562 865 652 gesti
891 562 932 630 ab
953 561 1125 653 Episcopo,
1148 561 1241 653 cnjus

27 675 29 704 ³
98 674 169 734 erat
184 666 335 736 Vicarius
346 668 521 757 generalis.
540 669 567 738 E
581 677 693 738 contra
708 669 858 740 Vicarius
874 668 1115 761 capitulariscst
1128 671 1239 762 provi-

97 777 184 842 sorie
200 795 363 844 successor
378 775 532 867 Episcopi
554 774 709 846 defuncti.
726 775 822 847 Unde
846 776 966 845 mirum
992 797 1058 844 non
1082 777 1239 868 estquod

97 879 164 966 hic,
183 903 249 950 non
263 880 317 950 ilie
330 881 515 973 syndicatui
528 882 705 976 subjaceat.
721 883 829 976 Atque
840 883 875 952 in
885 883 945 952 hoc
958 881 1154 953 concordant
1163 883 1240 952 doc-

98 995 185 1056 tores
199 987 407 1058 unanimiter.

564 1279 709 1352 CAPUT
731 1281 775 1352 X.

472 1483 511 1530 DE
537 1485 669 1532 vlcnnus
698 1485 859 1532 consume.

140 1707 265 1778 Praeter
287 1709 438 1804 Episcopi
462 1722 491 1780 ct
514 1713 639 1783 Vicsrii
661 1713 765 1805 ipsius
788 1713 947 1804 generalis
968 1713 1126 1802 tribunal,
1147 1715 1235 1805 qnod

93 1839 199 1884 unum
215 1816 367 1910 idemque
383 1828 543 1906 censetur,
554 1820 618 1888 alia
633 1821 808 1890 tribunalia
819 1820 975 1890 inferiora
989 1821 1236 1912 comprehendit

91 1923 283 2014 episcopalis
297 1927 400 2014 curia,
417 1927 587 2020 inquibus
603 1927 657 1996 alii
669 1927 807 2020 judices,
826 1928 947 1999 Vicarii
965 1951 1081 2020 nempe
1097 1929 1233 2014 forensi,

92 2029 244 2122 Episcopi
267 2033 454 2102 anctoritate
476 2043 508 2102 et
524 2034 655 2103 nomine
667 2035 723 2126 jus
736 2035 859 2104 dicunt.
878 2037 926 2104 De
939 2059 1004 2128 qus
1024 2035 1233 2107 Vicariornm

93 2135 199 2225 specie
214 2138 356 2206 occurrit
372 2161 458 2208 nunc
474 2137 671 2208 instituenda
686 2138 885 2232 disceptatio.

627 2439 696 2530 §n

524 2608 561 2660 Do
580 2620 672 2658 eorum
690 2607 799 2674 origine.

140 2805 343 2898 «Ejusmodi
361 2806 570 2878 Vicsriorum
585 2807 747 2898 originem
761 2805 1023 2899 antiquissimam
1039 2828 1121 2893 esse,
1137 2813 1233 2898 atque

92 2940 109 2978 n
134 2913 176 2982 od
191 2913 443 3006 Chorepiscopos
466 2913 683 3004 referendam,
703 2937 769 2984 non
785 2915 945 2983 immerito
962 2913 1139 2982 arbitratur
1153 2914 1233 2982 Jun-

93 3047 110 3086 c
134 3021 232 3090 nin...
251 3022 456 3113 Quemquam
470 3021 557 3090 enim
568 3021 723 3091 Rabanns
738 3021 1009 3114 acchiepiscopus
1019 3021 1232 3112 Moguntinns

92 3155 111 3196 c
137 3131 186 3222 (in
198 3129 354 3222 opusculo
367 3129 954 3222 dcChorepiscopis)‚·Beveregius...‚
965 3127 1229 3220 Binghamus...,

93 3263 111 3302 s
135 3235 273 3326 caveus,
289 3236 490 3326 Blondellus‚
509 3237 688 3328 Tonrnely‚
706 3237 825 3328 aliique
850 3235 1048 3324 existiment,
1072 3235 1232 3329 Chorepi-

91 3370 108 3412 c
134 3368 248 3437 scopos
263 3345 466 3415 ordinatione
479 3353 511 3414 et
519 3345 703 3414 charactere
718 3365 813 3414 veros
825 3342 998 3436 Episcopos
1013 3342 1133 3432 fuisse3
1148 3352 1231 3412 atta·

81 3479 111 3524 .«
136 3474 210 3522 men
237 3453 337 3544 (quod
351 3453 469 3520 citatus
483 3452 689 3543 Binghamos
708 3452 855 3543 fatetur),
873 3451 1079 3520 communior
1105 3452 1232 3542 magis-

93 3583 198 3650 cque
224 3568 349 3652 recepta
386 3566 434 3628 est
464 3559 594 3651 opinio,
624 3559 724 3628 fuisse
757 3581 811 3629 eos
839 3558 1064 3627 tantummodo
1095 3559 1233 3650 presby-

93 3695 109 3732 «
134 3677 220 3738 teros
294 3696 302 3735 ι
318 3667 377 3736 etsi
393 3669 506 3758 negari
533 3667 621 3736 hund
648 3667 748 3760 possit
776 3665 971 3758 quandoque
995 3665 1168 3756 contigisse
1197 3669 1232 3735 in

93 3773 409 3865 «Chorepiscopum
431 3773 566 3860 assumi,
593 3774 650 3866 qui
674 3772 847 3865 episcopali
872 3772 1054 3841 charactere
1074 3784 1157 3842 esset
1172 3796 1231 3842 an-

93 3907 111 3946 u
136 3887 186 3948 tea
200 3880 386 3972 insignitus,
404 3889 469 3950 eta
490 3903 550 3950 sus
565 3879 697 3950 dioecesi
713 3880 755 3949 oh
771 3879 1003 3972 persecutionis
1028 3887 1145 3948 aestum
1168 3903 1231 3950 cx-

93 4015 110 4054 c
134 3989 294 4079 pulsus.»

139 4123 156 4162 a
171 4096 255 4178 Quis
270 4118 368 4187 porro
383 4095 643 4188 Chorepiscopis‚
661 4103 779 4187 praeter
791 4093 1065 4186 jurisdictionem,
1081 4095 1122 4164 ed
1140 4097 1231 4185 regi-

94 4231 113 4268 s
132 4224 207 4271 men
219 4202 283 4270 loci
295 4203 348 4272 oui
358 4201 621 4295 praeficiebantur
631 4202 859 4289 necessarium,
872 4209 1149 4294 potestasquoqne
1159 4202 1234 4270 deta
