3030 4980
532 505 605 550 raus
629 505 776 550 saturnu.
1158 487 1217 551 191

125 623 151 692 E
166 625 285 716 quibus
299 624 502 694 documentis
516 625 594 694 satis
609 626 786 717 colligitur,
802 647 915 696 revera
928 625 963 694 in
978 625 1124 694 moribus
1138 626 1219 694 olim

80 730 193 818 fnisse,
216 741 253 800 ut
277 733 397 802 notarii
421 733 562 802 officium
587 741 777 803 exercerent
802 733 922 818 cleriei,
942 732 1037 801 etiam
1065 733 1097 800 in
1124 733 1223 800 sacris

80 839 257 926 constituti,
275 845 308 908 et
321 840 418 908 etiam
433 841 468 908 in
482 849 621 932 utroque
637 841 685 930 lut
697 840 840 931 ridetur)
858 840 940 910 toro.

126 948 158 1010 3⁰
174 945 363 1014 Etiamnum
378 947 542 1036 generalis
556 957 604 1016 est
618 946 831 1034 consuetudo,
848 957 884 1015 ut
898 946 1004 1014 clerici
1021 969 1081 1038 pro
1099 947 1222 1015 actibus

78 1053 279 1121 auctoritatis
303 1054 527 1122 ecclesiastice
553 1055 670 1124 notarii
698 1076 755 1122 seu
782 1053 965 1122 cancellarii
988 1075 1108 1122 munus
1132 1055 1222 1123 obire

79 1161 215 1252 possint.
241 1163 485 1231 «Innocentius
506 1163 564 1249 Ill,
580 1162 748 1233 Romanus
770 1162 936 1249 Pontifex,
953 1163 1001 1231 uti
1023 1185 1064 1231 ex
1088 1163 1222 1254 epistola

82 1294 100 1332 c
126 1272 201 1356 129,
217 1268 292 1338 libri
310 1272 364 1356 ll,
379 1277 515 1355 constat,
533 1269 702 1337 interdixit
713 1268 920 1361 presbyteris,
937 1268 1081 1338 diaconis
1101 1281 1132 1336 et
1144 1269 1220 1336 666-

83 1400 101 1441 u
125 1375 269 1444 diaconis
284 1374 490 1444 tabellionem
505 1397 612 1465 agere,
628 1399 666 1444 ee
682 1375 722 1444 de
738 1397 834 1443 cause
847 1376 933 1467 quod
956 1375 1140 1444 conculcato
1156 1376 1220 1444 ho-

82 1507 99 1546 c
125 1481 684 1569 666666616166661661661161,66616
699 1482 849 1552 saeculari
861 1483 1110 1568 famularentur,
1123 1504 1222 1573 seque

82 1615 99 1653 c
124 1589 270 1680 profanis
296 1589 436 1679 negotiis
458 1589 596 1659 nimium
620 1589 850 1658 immiscerent.
874 1590 1038 1659 Caeterum
1063 1588 1221 1658 Ludovioi

83 1721 100 1761 «
125 1696 329 1765 Thomassini
356 1695 420 1764 viri
451 1697 628 1766 doctissimi
658 1698 817 1765 sententia
842 1705 890 1764 est
914 1696 1016 1788 (parte
1042 1699 1076 1783 1,
1099 1695 1157 1763 lib.
1185 1700 1218 1783 2,

82 1830 100 1870 «
124 1831 152 1872 c.
173 1808 248 1890 166,
265 1804 304 1873 de
317 1805 541 1874 Ecclesiastico
557 1803 762 1897 Disciplina),
775 1825 815 1872 ne
831 1803 926 1871 bodie
939 1802 1070 1894 quidem
1086 1802 1220 1870 minori-

82 1939 100 1976 6
124 1913 185 1980 666
205 1912 332 1981 clericis
353 1912 388 1980 id
408 1913 555 1981 muneris
578 1935 647 1980 esse
672 1910 899 1997 interdictum;
928 1907 1086 2002 quidquid
1109 1917 1221 1978 eontra

81 2043 100 2083 u
124 2017 263 2087 sentiant
275 2028 306 2087 et
319 2018 461 2087 scribant
474 2041 634 2088 66666666
649 2019 854 2110 interpretes;
870 2019 972 2087 immo
987 2040 1027 2085 ne
1042 2017 1221 2108 majoribus

82 2153 99 2190 u
123 2125 269 2216 quidem,
286 2125 411 2217 quoties
435 2133 553 2215 agatur
568 2124 608 2194 de
628 2126 851 2194 instrumentis
875 2124 1046 2192 dumtaxat
1068 2123 1220 2216 Episcopi

80 2255 98 2294 «
123 2231 246 2299 curiam
270 2239 302 2300 ot
325 2231 454 2322 negotia
478 2233 737 2324 respicientibus.
761 2233 855 2300 Certe
876 2232 975 2323 hujus
998 2232 1045 2299 rei
1071 2230 1220 2322 exempla

80 2365 98 2403 a
123 2337 210 2428 apud
238 2339 335 2406 Italos
364 2347 475 2406 nostra
503 2361 633 2430 quoque
662 2345 851 2430 tempestate
880 2341 1014 2408 minime
1042 2338 1169 2406 desunt.
1198 2362 1216 2402 r

77 2443 303 2535 (Muratorius,
331 2445 550 2536 Antiquitates
578 2445 679 2514 medii
707 2446 780 2526 uvi,
806 2453 885 2514 tom.
919 2449 950 2532 1,
974 2445 1133 2513 dissertat.
1163 2447 1216 2530 12,

75 2573 153 2642 pag.
181 2555 257 2638 666,
283 2551 360 2620 edit.
387 2551 562 2620 Mediolani
591 2551 703 2643 1738.)
728 2553 828 2642 Ergo,
853 2559 932 2620 teste
955 2552 1051 2620 citato
1075 2558 1218 2640 auctore,

74 2657 214 2726 minime
229 2658 264 2727 in
277 2659 368 2726 ltelic
380 2658 498 2728 desunt
513 2659 663 2749 exempla
678 2659 869 2728 clericorum
885 2659 1030 2727 notarios
1052 2661 1217 2748 agentium

73 2765 111 2830 in
132 2764 340 2834 conficiendis
365 2765 603 2852 instrumentis,
619 2787 694 2857 quae
711 2767 834 2834 curiam
859 2776 891 2834 et
919 2766 1048 2856 negotia
1066 2766 1219 2860 Episcopi

73 2872 268 2963 respiciunt.

122 2981 229 3069 Atque
253 2979 338 3047 idem
365 2979 488 3047 licitum
516 2978 680 3048 affirmant
705 3001 771 3048 non
797 2980 891 3070 pauci
919 2981 1108 3067 canonistae,
1134 2981 1219 3048 inter

73 3106 159 3176 quos
181 3085 226 3152 sio
245 3087 432 3154 Piasecius:
454 3085 574 3154 «Licet
594 3086 719 3154 clericis
745 3087 947 3178 prohibitum
967 3087 1007 3154 sit
1027 3087 1217 3156 exercitium

77 3218 96 3256 a
124 3192 348 3262 tabellionatus
362 3193 475 3286 (capite
484 3193 593 3274 Sicut,
605 3195 655 3264 Ne
666 3193 773 3261 clerici
786 3194 838 3262 vel
848 3193 1026 3281 monaehi),
1039 3193 1099 3261 boc
1110 3201 1219 3262 tamen

79 3325 96 3364 u
120 3298 314 3388 intelligitur
327 3299 367 3368 de
391 3301 545 3368 exercitio
570 3300 604 3366 in
624 3298 758 3389 judiciis
782 3299 953 3386 laicorum,
971 3321 1036 3366 non
1060 3307 1168 3368 66166]
1185 3300 1219 3367 16

79 3432 97 3470 «
117 3404 241 3494 judicio
250 3405 373 3495 judicis
384 3407 627 3474 ecelesiastici.»
648 3407 778 3498 (Prasia
793 3406 993 3497 episcopalis,
1005 3430 1038 3498 p.
1051 3409 1083 3492 2,
1097 3429 1167 3497 cap.
1184 3411 1216 3492 l,

74 3534 111 3579 n.
129 3515 266 3602 ll,pag.
283 3516 360 3598 221,
373 3512 576 3582 edicvmu.
595 3516 703 3602 1613.)
715 3515 799 3582 citat
811 3522 918 3581 autem
930 3512 1079 3580 laudatus
1093 3521 1217 3601 auctor,

74 3629 233 3710 tanquam
249 3619 309 3686 sibi
326 3619 360 3686 iu
374 3619 436 3688 hoc
451 3621 697 3705 eonsentientes,
714 3621 854 3709 glossam
871 3629 902 3688 et
917 3621 1115 3688 canonistam
1129 3621 1219 3690 Hos-

72 3728 225 3795 tiensem.
249 3727 396 3808 Quorum
423 3727 567 3816 uestigiis
594 3727 759 3794 inhaerens
784 3727 966 3815 Monacelli,
984 3728 1028 3796 ita
1052 3727 1180 3796 disserit
1207 3756 1214 3796 :

78 3861 96 3899 u
121 3835 164 3902 Et
177 3835 253 3902 hinc
273 3833 309 3900 lit
325 3832 413 3925 quod
432 3833 554 3918 clerici,
569 3834 690 3924 quibus
710 3841 758 3901 est
781 3833 990 3902 interdictum
1011 3833 1151 3902 officium
1168 3845 1215 3902 ta·

78 3971 96 4006 u
121 3941 326 4028 bellionatus,
342 3940 555 4010 nibilominus
569 3941 608 4008 ad
625 3941 768 4010 officium
785 3942 986 4011 cancellariae
1000 3943 1101 4010 curiae
1117 3943 1217 4010 eccle-

77 4077 95 4111 6
120 4049 256 4116 siasticas
270 4049 393 4139 possint
404 4049 543 4134 essumi;
557 4047 651 4116 sicuti
664 4051 784 4141 passim
797 4057 1009 4118 assumuntur
1018 4049 1051 4116 in
1066 4049 1217 4118 omnibus

77 4184 96 4221 u
121 4157 187 4223 fere
203 4156 302 4223 curiis
317 4155 536 4224 ecelesiasticis
553 4155 647 4244 regni
668 4156 883 4248 Neapolitani,
899 4156 955 4224 ubi
971 4165 1130 4225 vocantur
1144 4179 1216 4223 ma-

78 4289 98 4328 a
121 4263 216 4354 putri
230 4276 365 4334 actuum
373 4287 386 4346 ,·
395 4271 426 4332 et
437 4262 533 4331 tradit
545 4263 708 4333 l‘iasecius
722 4315 776 4352 ...,
787 4286 933 4335 asserens
949 4264 1055 4354 magis
1065 4263 1218 4360 expedire
