<?xml version="1.0" encoding="UTF-8"?>
<!DOCTYPE html PUBLIC "-//W3C//DTD XHTML 1.0 Transitional//EN"
    "http://www.w3.org/TR/xhtml1/DTD/xhtml1-transitional.dtd">
<html xmlns="http://www.w3.org/1999/xhtml" xml:lang="en" lang="en">
 <head>
  <title>
</title>
<meta http-equiv="Content-Type" content="text/html;charset=utf-8" />
  <meta name='ocr-system' content='tesseract 3.04.00' />
  <meta name='ocr-capabilities' content='ocr_page ocr_carea ocr_par ocr_line ocrx_word'/>
</head>
<body>
  <div class='ocr_page' id='page_1' title='image "./tractatusdejudi01goog_0365.png"; bbox 0 0 3030 4980; ppageno 0'>
   <div class='ocr_carea' id='block_1_1' title="bbox 288 473 1061 541">
    <p class='ocr_par' dir='ltr' id='par_1_1' title="bbox 288 473 1061 541">
     <span class='ocr_line' id='line_1_1' title="bbox 288 473 1061 541; baseline 0.003 -4"><span class='ocrx_word' id='word_1_1' title='bbox 288 473 349 538; x_wconf 77' lang='lat' dir='ltr'><strong><em>stt</em></strong></span> <span class='ocrx_word' id='word_1_2' title='bbox 665 491 843 538; x_wconf 69' lang='lat' dir='ltr'><strong><em>retornus</em></strong></span> <span class='ocrx_word' id='word_1_3' title='bbox 866 493 905 540; x_wconf 84' lang='lat' dir='ltr'><strong><em>ns</em></strong></span> <span class='ocrx_word' id='word_1_4' title='bbox 926 493 1061 541; x_wconf 73' lang='lat' dir='ltr'><strong><em>unicus.</em></strong></span> 
     </span>
    </p>
   </div>
   <div class='ocr_carea' id='block_1_2' title="bbox 277 613 1504 1779">
    <p class='ocr_par' dir='ltr' id='par_1_2' title="bbox 277 613 1504 1779">
     <span class='ocr_line' id='line_1_2' title="bbox 281 613 1427 708; baseline 0.003 -27"><span class='ocrx_word' id='word_1_5' title='bbox 281 613 343 682; x_wconf 91' lang='lat' dir='ltr'><strong><em>bus</em></strong></span> <span class='ocrx_word' id='word_1_6' title='bbox 359 613 529 704; x_wconf 76' lang='lat' dir='ltr'>restringit</span> <span class='ocrx_word' id='word_1_7' title='bbox 543 613 604 683; x_wconf 91' lang='lat' dir='ltr'><strong><em>hoc</em></strong></span> <span class='ocrx_word' id='word_1_8' title='bbox 620 613 717 683; x_wconf 89' lang='lat' dir='ltr'><strong><em>modo</em></strong></span> <span class='ocrx_word' id='word_1_9' title='bbox 733 641 742 682; x_wconf 78' lang='lat' dir='ltr'><strong><em>t</em></strong></span> <span class='ocrx_word' id='word_1_10' title='bbox 757 613 846 684; x_wconf 85' lang='lat' dir='ltr'><strong><em>Licet</em></strong></span> <span class='ocrx_word' id='word_1_11' title='bbox 858 615 894 683; x_wconf 89' lang='lat' dir='ltr'><strong><em>in</em></strong></span> <span class='ocrx_word' id='word_1_12' title='bbox 904 616 1079 708; x_wconf 73' lang='lat' dir='ltr'><strong><em>officialem</em></strong></span> <span class='ocrx_word' id='word_1_13' title='bbox 1089 614 1257 708; x_wconf 74' lang='lat' dir='ltr'><em>Episcopi,</em></span> <span class='ocrx_word' id='word_1_14' title='bbox 1268 637 1427 707; x_wconf 80' lang='lat' dir='ltr'><strong><em>percom-</em></strong></span> 
     </span>
     <span class='ocr_line' id='line_1_3' title="bbox 284 721 1427 815; baseline 0.002 -27"><span class='ocrx_word' id='word_1_15' title='bbox 284 721 468 790; x_wconf 85' lang='lat' dir='ltr'><strong><em>missionem</em></strong></span> <span class='ocrx_word' id='word_1_16' title='bbox 493 721 595 812; x_wconf 77' lang='lat' dir='ltr'><strong><em>officii</em></strong></span> <span class='ocrx_word' id='word_1_17' title='bbox 614 722 809 812; x_wconf 74' lang='lat' dir='ltr'><strong><em>paenaliter</em></strong></span> <span class='ocrx_word' id='word_1_18' title='bbox 832 722 895 790; x_wconf 88' lang='lat' dir='ltr'><strong><em>sibi</em></strong></span> <span class='ocrx_word' id='word_1_19' title='bbox 919 725 1059 815; x_wconf 83' lang='lat' dir='ltr'><strong><em>saetam,</em></strong></span> <span class='ocrx_word' id='word_1_20' title='bbox 1086 744 1263 791; x_wconf 85' lang='lat' dir='ltr'><strong><em>causarum</em></strong></span> <span class='ocrx_word' id='word_1_21' title='bbox 1286 723 1427 814; x_wconf 82' lang='lat' dir='ltr'><strong><em>capnitio</em></strong></span> 
     </span>
     <span class='ocr_line' id='line_1_4' title="bbox 284 829 1428 922; baseline 0.003 -26"><span class='ocrx_word' id='word_1_22' title='bbox 284 831 516 922; x_wconf 66' lang='lat' dir='ltr'><strong><em>transferatur,</em></strong></span> <span class='ocrx_word' id='word_1_23' title='bbox 539 840 736 918; x_wconf 84' lang='lat' dir='ltr'><strong><em>potestatem</em></strong></span> <span class='ocrx_word' id='word_1_24' title='bbox 774 841 884 898; x_wconf 89' lang='lat' dir='ltr'><strong><em>tamen</em></strong></span> <span class='ocrx_word' id='word_1_25' title='bbox 917 829 1119 922; x_wconf 84' lang='lat' dir='ltr'><strong><em>inquirendi,</em></strong></span> <span class='ocrx_word' id='word_1_26' title='bbox 1146 829 1342 922; x_wconf 67' lang='lat' dir='ltr'><strong><em>compendi,</em></strong></span> <span class='ocrx_word' id='word_1_27' title='bbox 1371 846 1428 899; x_wconf 87' lang='lat' dir='ltr'><strong><em>aut</em></strong></span> 
     </span>
     <span class='ocr_line' id='line_1_5' title="bbox 277 936 1427 1030; baseline 0.002 -26"><span class='ocrx_word' id='word_1_28' title='bbox 277 936 438 1030; x_wconf 86' lang='lat' dir='ltr'><strong><em>puniendi</em></strong></span> <span class='ocrx_word' id='word_1_29' title='bbox 451 936 642 1028; x_wconf 86' lang='lat' dir='ltr'><strong><em>aliquorum</em></strong></span> <span class='ocrx_word' id='word_1_30' title='bbox 652 958 808 1024; x_wconf 74' lang='lat' dir='ltr'><strong><em>excusus,</em></strong></span> <span class='ocrx_word' id='word_1_31' title='bbox 823 959 879 1006; x_wconf 86' lang='lat' dir='ltr'><strong><em>seu</em></strong></span> <span class='ocrx_word' id='word_1_32' title='bbox 893 939 1023 1030; x_wconf 82' lang='lat' dir='ltr'><strong><em>aliquos</em></strong></span> <span class='ocrx_word' id='word_1_33' title='bbox 1040 961 1062 1006; x_wconf 88' lang='lat' dir='ltr'><strong><em>a</em></strong></span> <span class='ocrx_word' id='word_1_34' title='bbox 1077 938 1147 1007; x_wconf 83' lang='lat' dir='ltr'><strong><em>suis</em></strong></span> <span class='ocrx_word' id='word_1_35' title='bbox 1164 938 1335 1030; x_wconf 70' lang='lat' dir='ltr'><strong><em>benefieiis,</em></strong></span> <span class='ocrx_word' id='word_1_36' title='bbox 1353 941 1427 1030; x_wconf 81' lang='lat' dir='ltr'><strong><em>offi-</em></strong></span> 
     </span>
     <span class='ocr_line' id='line_1_6' title="bbox 283 1042 1428 1137; baseline 0.002 -25"><span class='ocrx_word' id='word_1_37' title='bbox 283 1045 351 1126; x_wconf 88' lang='lat' dir='ltr'><strong><em>ciis,</em></strong></span> <span class='ocrx_word' id='word_1_38' title='bbox 373 1044 425 1112; x_wconf 88' lang='lat' dir='ltr'><strong><em>ocl</em></strong></span> <span class='ocrx_word' id='word_1_39' title='bbox 446 1042 785 1113; x_wconf 79' lang='lat' dir='ltr'><strong><em>administrationibus</em></strong></span> <span class='ocrx_word' id='word_1_40' title='bbox 807 1043 994 1128; x_wconf 82' lang='lat' dir='ltr'><strong><em>amovendi,</em></strong></span> <span class='ocrx_word' id='word_1_41' title='bbox 1023 1046 1195 1137; x_wconf 77' lang='lat' dir='ltr'><strong><em>transferri</em></strong></span> <span class='ocrx_word' id='word_1_42' title='bbox 1215 1046 1373 1114; x_wconf 87' lang='lat' dir='ltr'><strong><em>nolumus</em></strong></span> <span class='ocrx_word' id='word_1_43' title='bbox 1394 1047 1428 1114; x_wconf 89' lang='lat' dir='ltr'><strong><em>in</em></strong></span> 
     </span>
     <span class='ocr_line' id='line_1_7' title="bbox 283 1151 1428 1244; baseline -0.002 -22"><span class='ocrx_word' id='word_1_44' title='bbox 283 1151 451 1234; x_wconf 68' lang='lat' dir='ltr'><strong><em>eumdem·</em></strong></span> <span class='ocrx_word' id='word_1_45' title='bbox 462 1151 525 1220; x_wconf 86' lang='lat' dir='ltr'><strong><em>nisi</em></strong></span> <span class='ocrx_word' id='word_1_46' title='bbox 537 1151 720 1243; x_wconf 86' lang='lat' dir='ltr'><strong><em>specialiter</em></strong></span> <span class='ocrx_word' id='word_1_47' title='bbox 728 1152 797 1222; x_wconf 73' lang='lat' dir='ltr'><strong><em>buc</em></strong></span> <span class='ocrx_word' id='word_1_48' title='bbox 808 1151 871 1221; x_wconf 84' lang='lat' dir='ltr'><strong><em>sibi</em></strong></span> <span class='ocrx_word' id='word_1_49' title='bbox 880 1153 1143 1221; x_wconf 88' lang='lat' dir='ltr'><strong><em>committantur.</em></strong></span> <span class='ocrx_word' id='word_1_50' title='bbox 1156 1151 1205 1220; x_wconf 83' lang='lat' dir='ltr'><strong><em>Ex</em></strong></span> <span class='ocrx_word' id='word_1_51' title='bbox 1216 1153 1338 1244; x_wconf 89' lang='lat' dir='ltr'><strong><em>quibus</em></strong></span> <span class='ocrx_word' id='word_1_52' title='bbox 1343 1153 1428 1244; x_wconf 87' lang='lat' dir='ltr'><strong><em>juris</em></strong></span> 
     </span>
     <span class='ocr_line' id='line_1_8' title="bbox 281 1259 1427 1352; baseline -0.002 -22"><span class='ocrx_word' id='word_1_53' title='bbox 281 1260 464 1330; x_wconf 89' lang='lat' dir='ltr'><strong><em>communis</em></strong></span> <span class='ocrx_word' id='word_1_54' title='bbox 481 1259 746 1349; x_wconf 85' lang='lat' dir='ltr'>dispositionibus</span> <span class='ocrx_word' id='word_1_55' title='bbox 768 1267 876 1350; x_wconf 87' lang='lat' dir='ltr'><strong><em>aperte</em></strong></span> <span class='ocrx_word' id='word_1_56' title='bbox 899 1259 1058 1352; x_wconf 90' lang='lat' dir='ltr'><strong><em>sequitur,</em></strong></span> <span class='ocrx_word' id='word_1_57' title='bbox 1082 1281 1175 1350; x_wconf 87' lang='lat' dir='ltr'><strong><em>posse</em></strong></span> <span class='ocrx_word' id='word_1_58' title='bbox 1193 1259 1335 1350; x_wconf 78' lang='lat' dir='ltr'>aliquem</span> <span class='ocrx_word' id='word_1_59' title='bbox 1360 1282 1427 1328; x_wconf 84' lang='lat' dir='ltr'><strong><em>esse</em></strong></span> 
     </span>
     <span class='ocr_line' id='line_1_9' title="bbox 280 1365 1427 1464; baseline -0.003 -26"><span class='ocrx_word' id='word_1_60' title='bbox 280 1391 397 1438; x_wconf 88' lang='lat' dir='ltr'><strong><em>verum</em></strong></span> <span class='ocrx_word' id='word_1_61' title='bbox 407 1367 576 1438; x_wconf 85' lang='lat' dir='ltr'><strong><em>Vicurium</em></strong></span> <span class='ocrx_word' id='word_1_62' title='bbox 593 1366 789 1457; x_wconf 79' lang='lat' dir='ltr'><strong><em>generalem,</em></strong></span> <span class='ocrx_word' id='word_1_63' title='bbox 804 1367 864 1435; x_wconf 86' lang='lat' dir='ltr'><strong><em>etsi</em></strong></span> <span class='ocrx_word' id='word_1_64' title='bbox 883 1365 985 1457; x_wconf 90' lang='lat' dir='ltr'><strong><em>ipsius</em></strong></span> <span class='ocrx_word' id='word_1_65' title='bbox 1001 1366 1188 1464; x_wconf 82' lang='lat' dir='ltr'><strong><em>jurisdictio</em></strong></span> <span class='ocrx_word' id='word_1_66' title='bbox 1204 1367 1245 1434; x_wconf 91' lang='lat' dir='ltr'><strong><em>sit</em></strong></span> <span class='ocrx_word' id='word_1_67' title='bbox 1263 1367 1427 1435; x_wconf 80' lang='lat' dir='ltr'><strong><em>moraliter</em></strong></span> 
     </span>
     <span class='ocr_line' id='line_1_10' title="bbox 281 1472 1504 1566; baseline -0.007 -20"><span class='ocrx_word' id='word_1_68' title='bbox 281 1477 452 1546; x_wconf 75' lang='lat' dir='ltr'><strong><em>dumtaxat</em></strong></span> <span class='ocrx_word' id='word_1_69' title='bbox 462 1472 656 1543; x_wconf 75' lang='lat' dir='ltr'><strong><em>universalis</em></strong></span> <span class='ocrx_word' id='word_1_70' title='bbox 665 1473 772 1566; x_wconf 85' lang='lat' dir='ltr'><strong><em>quaed</em></strong></span> <span class='ocrx_word' id='word_1_71' title='bbox 782 1497 909 1562; x_wconf 78' lang='lat' dir='ltr'><strong><em>causes,</em></strong></span> <span class='ocrx_word' id='word_1_72' title='bbox 921 1474 954 1542; x_wconf 94' lang='lat' dir='ltr'><strong><em>id</em></strong></span> <span class='ocrx_word' id='word_1_73' title='bbox 964 1483 1024 1560; x_wconf 88' lang='lat' dir='ltr'><strong><em>cst,</em></strong></span> <span class='ocrx_word' id='word_1_74' title='bbox 1038 1473 1257 1544; x_wconf 84' lang='lat' dir='ltr'><strong><em>restrictiones</em></strong></span> <span class='ocrx_word' id='word_1_75' title='bbox 1269 1473 1426 1564; x_wconf 80' lang='lat' dir='ltr'><strong><em>quosdam</em></strong></span> <span class='ocrx_word' id='word_1_76' title='bbox 1503 1531 1504 1538; x_wconf 74' lang='grc'>,</span> 
     </span>
     <span class='ocr_line' id='line_1_11' title="bbox 278 1579 1504 1674; baseline -0.002 -23"><span class='ocrx_word' id='word_1_77' title='bbox 278 1583 432 1674; x_wconf 84' lang='lat' dir='ltr'><strong><em>potietur.</em></strong></span> <span class='ocrx_word' id='word_1_78' title='bbox 445 1581 676 1650; x_wconf 87' lang='lat' dir='ltr'><strong><em>Restrictiones</em></strong></span> <span class='ocrx_word' id='word_1_79' title='bbox 684 1588 793 1650; x_wconf 84' lang='lat' dir='ltr'><strong><em>temen</em></strong></span> <span class='ocrx_word' id='word_1_80' title='bbox 802 1581 869 1649; x_wconf 81' lang='lat' dir='ltr'><strong><em>illm</em></strong></span> <span class='ocrx_word' id='word_1_81' title='bbox 882 1581 1000 1650; x_wconf 88' lang='lat' dir='ltr'><strong><em>debent</em></strong></span> <span class='ocrx_word' id='word_1_82' title='bbox 1010 1603 1079 1650; x_wconf 89' lang='lat' dir='ltr'><strong><em>esse</em></strong></span> <span class='ocrx_word' id='word_1_83' title='bbox 1091 1603 1149 1672; x_wconf 88' lang='lat' dir='ltr'><strong><em>per</em></strong></span> <span class='ocrx_word' id='word_1_84' title='bbox 1162 1579 1296 1649; x_wconf 87' lang='lat' dir='ltr'><strong><em>modum</em></strong></span> <span class='ocrx_word' id='word_1_85' title='bbox 1308 1602 1426 1672; x_wconf 85' lang='lat' dir='ltr'><strong><em>excep-</em></strong></span> <span class='ocrx_word' id='word_1_86' title='bbox 1503 1583 1504 1608; x_wconf 67' lang='lat'>¹</span> 
     </span>
     <span class='ocr_line' id='line_1_12' title="bbox 280 1687 1426 1779; baseline -0.004 -20"><span class='ocrx_word' id='word_1_87' title='bbox 280 1690 389 1776; x_wconf 91' lang='lat' dir='ltr'><strong><em>tionis,</em></strong></span> <span class='ocrx_word' id='word_1_88' title='bbox 409 1688 592 1779; x_wconf 87' lang='lat' dir='ltr'><strong><em>jurisdictio</em></strong></span> <span class='ocrx_word' id='word_1_89' title='bbox 619 1687 714 1757; x_wconf 86' lang='lat' dir='ltr'><strong><em>debet</em></strong></span> <span class='ocrx_word' id='word_1_90' title='bbox 740 1689 881 1757; x_wconf 88' lang='lat' dir='ltr'><strong><em>conierri</em></strong></span> <span class='ocrx_word' id='word_1_91' title='bbox 907 1688 1101 1778; x_wconf 76' lang='lat' dir='ltr'><strong><em>generaliter</em></strong></span> <span class='ocrx_word' id='word_1_92' title='bbox 1121 1709 1179 1756; x_wconf 86' lang='lat' dir='ltr'><strong><em>seu</em></strong></span> <span class='ocrx_word' id='word_1_93' title='bbox 1199 1687 1426 1756; x_wconf 77' lang='lat' dir='ltr'><strong><em>universaliter</em></strong></span> 
     </span>
    </p>
   </div>
   <div class='ocr_carea' id='block_1_3' title="bbox 277 1794 1426 2530">
    <p class='ocr_par' dir='ltr' id='par_1_3' title="bbox 279 1794 1426 1996">
     <span class='ocr_line' id='line_1_13' title="bbox 279 1794 1426 1890; baseline -0.002 -24"><span class='ocrx_word' id='word_1_94' title='bbox 279 1797 424 1890; x_wconf 79' lang='lat' dir='ltr'><strong><em>alioquin</em></strong></span> <span class='ocrx_word' id='word_1_95' title='bbox 434 1795 585 1866; x_wconf 82' lang='lat' dir='ltr'><strong><em>Vicsrius</em></strong></span> <span class='ocrx_word' id='word_1_96' title='bbox 604 1795 755 1886; x_wconf 80' lang='lat' dir='ltr'>Episcopi</span> <span class='ocrx_word' id='word_1_97' title='bbox 769 1796 812 1863; x_wconf 85' lang='lat' dir='ltr'><strong><em>ad</em></strong></span> <span class='ocrx_word' id='word_1_98' title='bbox 827 1803 929 1864; x_wconf 86' lang='lat' dir='ltr'><strong><em>certus</em></strong></span> <span class='ocrx_word' id='word_1_99' title='bbox 946 1795 1106 1886; x_wconf 82' lang='lat' dir='ltr'><strong><em>quasdem</em></strong></span> <span class='ocrx_word' id='word_1_100' title='bbox 1122 1794 1297 1863; x_wconf 81' lang='lat' dir='ltr'><strong><em>dumtaxat</em></strong></span> <span class='ocrx_word' id='word_1_101' title='bbox 1314 1818 1426 1864; x_wconf 81' lang='lat' dir='ltr'><strong><em>causas</em></strong></span> 
     </span>
     <span class='ocr_line' id='line_1_14' title="bbox 279 1901 1423 1996; baseline 0 -24"><span class='ocrx_word' id='word_1_102' title='bbox 279 1905 464 1996; x_wconf 83' lang='lat' dir='ltr'><strong><em>deputatus,</em></strong></span> <span class='ocrx_word' id='word_1_103' title='bbox 478 1925 545 1972; x_wconf 90' lang='lat' dir='ltr'><strong><em>non</em></strong></span> <span class='ocrx_word' id='word_1_104' title='bbox 564 1912 647 1972; x_wconf 89' lang='lat' dir='ltr'><strong><em>esset</em></strong></span> <span class='ocrx_word' id='word_1_105' title='bbox 668 1901 824 1972; x_wconf 86' lang='lat' dir='ltr'><strong><em>Vicsrius</em></strong></span> <span class='ocrx_word' id='word_1_106' title='bbox 845 1902 1020 1992; x_wconf 81' lang='lat' dir='ltr'><strong><em>generalis,</em></strong></span> <span class='ocrx_word' id='word_1_107' title='bbox 1037 1902 1094 1970; x_wconf 88' lang='lat' dir='ltr'><strong><em>sed</em></strong></span> <span class='ocrx_word' id='word_1_108' title='bbox 1118 1923 1229 1970; x_wconf 89' lang='lat' dir='ltr'><strong><em>merus</em></strong></span> <span class='ocrx_word' id='word_1_109' title='bbox 1245 1901 1423 1992; x_wconf 75' lang='lat' dir='ltr'><strong><em>delegatus.</em></strong></span> 
     </span>
    </p>

    <p class='ocr_par' dir='ltr' id='par_1_4' title="bbox 277 2007 1426 2530">
     <span class='ocr_line' id='line_1_15' title="bbox 324 2007 1425 2099; baseline -0.001 -21"><span class='ocrx_word' id='word_1_110' title='bbox 324 2014 357 2078; x_wconf 75' lang='lat'><strong><em>2⁰</em></strong></span> <span class='ocrx_word' id='word_1_111' title='bbox 372 2010 463 2078; x_wconf 90' lang='lat' dir='ltr'><strong><em>idem</em></strong></span> <span class='ocrx_word' id='word_1_112' title='bbox 484 2007 613 2078; x_wconf 88' lang='lat' dir='ltr'><strong><em>videtur</em></strong></span> <span class='ocrx_word' id='word_1_113' title='bbox 637 2007 812 2076; x_wconf 88' lang='lat' dir='ltr'><strong><em>dicendum</em></strong></span> <span class='ocrx_word' id='word_1_114' title='bbox 833 2008 873 2077; x_wconf 87' lang='lat' dir='ltr'><strong><em>de</em></strong></span> <span class='ocrx_word' id='word_1_115' title='bbox 897 2008 1141 2078; x_wconf 80' lang='lat' dir='ltr'><strong><em>universalitate</em></strong></span> <span class='ocrx_word' id='word_1_116' title='bbox 1161 2007 1271 2099; x_wconf 87' lang='lat' dir='ltr'><strong><em>quood</em></strong></span> <span class='ocrx_word' id='word_1_117' title='bbox 1294 2009 1425 2077; x_wconf 86' lang='lat' dir='ltr'><strong><em>territo-</em></strong></span> 
     </span>
     <span class='ocr_line' id='line_1_16' title="bbox 278 2111 1425 2203; baseline -0.003 -19"><span class='ocrx_word' id='word_1_118' title='bbox 278 2116 383 2200; x_wconf 87' lang='lat' dir='ltr'><strong><em>rium;</em></strong></span> <span class='ocrx_word' id='word_1_119' title='bbox 399 2133 493 2203; x_wconf 90' lang='lat' dir='ltr'><strong><em>posse</em></strong></span> <span class='ocrx_word' id='word_1_120' title='bbox 509 2133 625 2203; x_wconf 90' lang='lat' dir='ltr'><strong><em>nempe</em></strong></span> <span class='ocrx_word' id='word_1_121' title='bbox 641 2119 674 2179; x_wconf 92' lang='lat' dir='ltr'><strong><em>et</em></strong></span> <span class='ocrx_word' id='word_1_122' title='bbox 688 2112 784 2180; x_wconf 83' lang='lat' dir='ltr'><strong><em>istum</em></strong></span> <span class='ocrx_word' id='word_1_123' title='bbox 805 2111 947 2201; x_wconf 79' lang='lat' dir='ltr'><strong><em>intelligi</em></strong></span> <span class='ocrx_word' id='word_1_124' title='bbox 965 2111 1143 2199; x_wconf 81' lang='lat' dir='ltr'><strong><em>moraliter,</em></strong></span> <span class='ocrx_word' id='word_1_125' title='bbox 1159 2133 1217 2178; x_wconf 91' lang='lat' dir='ltr'><strong><em>seu</em></strong></span> <span class='ocrx_word' id='word_1_126' title='bbox 1240 2134 1316 2180; x_wconf 91' lang='lat' dir='ltr'><strong><em>cnm</em></strong></span> <span class='ocrx_word' id='word_1_127' title='bbox 1338 2135 1425 2181; x_wconf 93' lang='lat' dir='ltr'><strong><em>non-</em></strong></span> 
     </span>
     <span class='ocr_line' id='line_1_17' title="bbox 277 2217 1425 2310; baseline -0.003 -20"><span class='ocrx_word' id='word_1_128' title='bbox 277 2220 377 2291; x_wconf 91' lang='lat' dir='ltr'><strong><em>nullis</em></strong></span> <span class='ocrx_word' id='word_1_129' title='bbox 405 2218 661 2309; x_wconf 81' lang='lat' dir='ltr'><strong><em>exceptionibus.</em></strong></span> <span class='ocrx_word' id='word_1_130' title='bbox 696 2217 904 2288; x_wconf 80' lang='lat' dir='ltr'><strong><em>Contrarium</em></strong></span> <span class='ocrx_word' id='word_1_131' title='bbox 940 2218 1074 2310; x_wconf 90' lang='lat' dir='ltr'><strong><em>quidem</em></strong></span> <span class='ocrx_word' id='word_1_132' title='bbox 1107 2217 1244 2286; x_wconf 88' lang='lat' dir='ltr'><strong><em>innuere</em></strong></span> <span class='ocrx_word' id='word_1_133' title='bbox 1273 2219 1425 2287; x_wconf 88' lang='lat' dir='ltr'><strong><em>videntur</em></strong></span> 
     </span>
     <span class='ocr_line' id='line_1_18' title="bbox 277 2325 1425 2418; baseline -0.004 -19"><span class='ocrx_word' id='word_1_134' title='bbox 277 2329 466 2414; x_wconf 79' lang='lat' dir='ltr'><strong><em>cunonistce,</em></strong></span> <span class='ocrx_word' id='word_1_135' title='bbox 486 2326 580 2395; x_wconf 89' lang='lat' dir='ltr'><strong><em>verbi</em></strong></span> <span class='ocrx_word' id='word_1_136' title='bbox 596 2326 713 2414; x_wconf 85' lang='lat' dir='ltr'><strong><em>gratis,</em></strong></span> <span class='ocrx_word' id='word_1_137' title='bbox 730 2325 930 2406; x_wconf 88' lang='lat' dir='ltr'><strong><em>Leurenius;</em></strong></span> <span class='ocrx_word' id='word_1_138' title='bbox 945 2327 1005 2418; x_wconf 90' lang='lat' dir='ltr'><strong><em>qui</em></strong></span> <span class='ocrx_word' id='word_1_139' title='bbox 1026 2325 1109 2413; x_wconf 87' lang='lat' dir='ltr'><strong><em>vult,</em></strong></span> <span class='ocrx_word' id='word_1_140' title='bbox 1126 2337 1164 2393; x_wconf 88' lang='lat' dir='ltr'><strong><em>ut</em></strong></span> <span class='ocrx_word' id='word_1_141' title='bbox 1184 2325 1231 2393; x_wconf 83' lang='lat' dir='ltr'><strong><em>ad</em></strong></span> <span class='ocrx_word' id='word_1_142' title='bbox 1262 2326 1425 2395; x_wconf 81' lang='lat' dir='ltr'><strong><em>Vicarium</em></strong></span> 
     </span>
     <span class='ocr_line' id='line_1_19' title="bbox 277 2431 1426 2530; baseline -0.003 -24"><span class='ocrx_word' id='word_1_143' title='bbox 277 2436 461 2530; x_wconf 70' lang='lat' dir='ltr'><strong><em>generalem</em></strong></span> <span class='ocrx_word' id='word_1_144' title='bbox 475 2433 665 2524; x_wconf 83' lang='lat' dir='ltr'><strong><em>requiratur</em></strong></span> <span class='ocrx_word' id='word_1_145' title='bbox 685 2431 932 2501; x_wconf 84' lang='lat' dir='ltr'><strong><em>administratio</em></strong></span> <span class='ocrx_word' id='word_1_146' title='bbox 947 2433 983 2500; x_wconf 90' lang='lat' dir='ltr'><strong><em>in</em></strong></span> <span class='ocrx_word' id='word_1_147' title='bbox 996 2431 1225 2524; x_wconf 77' lang='lat' dir='ltr'><strong><em>spiritualibus</em></strong></span> <span class='ocrx_word' id='word_1_148' title='bbox 1244 2433 1275 2500; x_wconf 87' lang='lat' dir='ltr'><strong><em>ci</em></strong></span> <span class='ocrx_word' id='word_1_149' title='bbox 1288 2456 1426 2524; x_wconf 81' lang='lat' dir='ltr'><strong><em>ponero-</em></strong></span> 
     </span>
    </p>
   </div>
   <div class='ocr_carea' id='block_1_4' title="bbox 276 2539 1503 4343">
    <p class='ocr_par' dir='ltr' id='par_1_5' title="bbox 276 2539 1503 4343">
     <span class='ocr_line' id='line_1_20' title="bbox 278 2539 1503 2631; baseline -0.002 -19"><span class='ocrx_word' id='word_1_150' title='bbox 278 2545 353 2613; x_wconf 89' lang='lat' dir='ltr'><strong><em>liter</em></strong></span> <span class='ocrx_word' id='word_1_151' title='bbox 366 2543 538 2612; x_wconf 85' lang='lat' dir='ltr'><strong><em>commissu</em></strong></span> <span class='ocrx_word' id='word_1_152' title='bbox 554 2539 668 2631; x_wconf 84' lang='lat' dir='ltr'><strong><em>quoad</em></strong></span> <span class='ocrx_word' id='word_1_153' title='bbox 680 2540 794 2607; x_wconf 87' lang='lat' dir='ltr'><strong><em>omnia</em></strong></span> <span class='ocrx_word' id='word_1_154' title='bbox 808 2540 892 2621; x_wconf 85' lang='lat' dir='ltr'><strong><em>loca,</em></strong></span> <span class='ocrx_word' id='word_1_155' title='bbox 909 2563 966 2608; x_wconf 86' lang='lat' dir='ltr'><strong><em>scu</em></strong></span> <span class='ocrx_word' id='word_1_156' title='bbox 976 2551 1083 2608; x_wconf 90' lang='lat' dir='ltr'><strong><em>totam</em></strong></span> <span class='ocrx_word' id='word_1_157' title='bbox 1098 2539 1273 2608; x_wconf 73' lang='lat' dir='ltr'><strong><em>dioecesim.</em></strong></span> <span class='ocrx_word' id='word_1_158' title='bbox 1289 2541 1424 2609; x_wconf 75' lang='lat' dir='ltr'><strong><em>Sicorim</em></strong></span> <span class='ocrx_word' id='word_1_159' title='bbox 1502 2557 1503 2610; x_wconf 80' lang='lat' dir='ltr'><strong><em>t</em></strong></span> 
     </span>
     <span class='ocr_line' id='line_1_21' title="bbox 277 2646 1423 2742; baseline -0.004 -23"><span class='ocrx_word' id='word_1_160' title='bbox 277 2652 409 2742; x_wconf 86' lang='lat' dir='ltr'><strong><em>(inquit)</em></strong></span> <span class='ocrx_word' id='word_1_161' title='bbox 432 2647 625 2718; x_wconf 84' lang='lat' dir='ltr'><strong><em>constitutus</em></strong></span> <span class='ocrx_word' id='word_1_162' title='bbox 647 2647 755 2714; x_wconf 87' lang='lat' dir='ltr'><strong><em>solum</em></strong></span> <span class='ocrx_word' id='word_1_163' title='bbox 774 2647 818 2715; x_wconf 90' lang='lat' dir='ltr'><strong><em>sit</em></strong></span> <span class='ocrx_word' id='word_1_164' title='bbox 839 2646 983 2714; x_wconf 82' lang='lat' dir='ltr'><strong><em>limitato</em></strong></span> <span class='ocrx_word' id='word_1_165' title='bbox 1007 2659 1140 2715; x_wconf 86' lang='lat' dir='ltr'><strong><em>tantum</em></strong></span> <span class='ocrx_word' id='word_1_166' title='bbox 1164 2669 1228 2740; x_wconf 91' lang='lat' dir='ltr'><strong><em>pro</em></strong></span> <span class='ocrx_word' id='word_1_167' title='bbox 1256 2647 1298 2716; x_wconf 88' lang='lat' dir='ltr'><strong><em>iis</em></strong></span> <span class='ocrx_word' id='word_1_168' title='bbox 1315 2649 1377 2738; x_wconf 81' lang='lat' dir='ltr'><strong><em>qui</em></strong></span> <span class='ocrx_word' id='word_1_169' title='bbox 1392 2650 1423 2714; x_wconf 86' lang='lat' dir='ltr'><strong><em>in</em></strong></span> 
     </span>
     <span class='ocr_line' id='line_1_22' title="bbox 276 2753 1425 2848; baseline -0.004 -21"><span class='ocrx_word' id='word_1_170' title='bbox 276 2759 408 2828; x_wconf 84' lang='lat' dir='ltr'><strong><em>ciuitate</em></strong></span> <span class='ocrx_word' id='word_1_171' title='bbox 426 2755 602 2848; x_wconf 89' lang='lat' dir='ltr'><strong><em>episcopali</em></strong></span> <span class='ocrx_word' id='word_1_172' title='bbox 619 2753 755 2844; x_wconf 76' lang='lat' dir='ltr'><strong><em>clepunt,</em></strong></span> <span class='ocrx_word' id='word_1_173' title='bbox 782 2775 848 2822; x_wconf 89' lang='lat' dir='ltr'><strong><em>uon</em></strong></span> <span class='ocrx_word' id='word_1_174' title='bbox 866 2767 976 2844; x_wconf 88' lang='lat' dir='ltr'><strong><em>potest</em></strong></span> <span class='ocrx_word' id='word_1_175' title='bbox 996 2755 1163 2822; x_wconf 85' lang='lat' dir='ltr'><strong><em>censeriis</em></strong></span> <span class='ocrx_word' id='word_1_176' title='bbox 1184 2777 1249 2822; x_wconf 87' lang='lat' dir='ltr'><strong><em>esse</em></strong></span> <span class='ocrx_word' id='word_1_177' title='bbox 1268 2755 1425 2845; x_wconf 77' lang='lat' dir='ltr'><strong><em>pecoralis</em></strong></span> 
     </span>
     <span class='ocr_line' id='line_1_23' title="bbox 277 2859 1502 2954; baseline -0.004 -20"><span class='ocrx_word' id='word_1_178' title='bbox 277 2866 338 2934; x_wconf 86' lang='lat' dir='ltr'><strong><em>etsi</em></strong></span> <span class='ocrx_word' id='word_1_179' title='bbox 351 2865 395 2932; x_wconf 86' lang='lat' dir='ltr'><strong><em>sic</em></strong></span> <span class='ocrx_word' id='word_1_180' title='bbox 410 2862 673 2954; x_wconf 84' lang='lat' dir='ltr'><strong><em>appellaretur...</em></strong></span> <span class='ocrx_word' id='word_1_181' title='bbox 690 2859 778 2943; x_wconf 84' lang='lat' dir='ltr'><strong><em>(luia</em></strong></span> <span class='ocrx_word' id='word_1_182' title='bbox 793 2860 854 2928; x_wconf 85' lang='lat' dir='ltr'><strong><em>boc</em></strong></span> <span class='ocrx_word' id='word_1_183' title='bbox 869 2861 939 2950; x_wconf 88' lang='lat' dir='ltr'><strong><em>ipso</em></strong></span> <span class='ocrx_word' id='word_1_184' title='bbox 954 2861 1003 2928; x_wconf 90' lang='lat' dir='ltr'><strong><em>ita</em></strong></span> <span class='ocrx_word' id='word_1_185' title='bbox 1023 2861 1189 2929; x_wconf 78' lang='lat' dir='ltr'><strong><em>restrictus</em></strong></span> <span class='ocrx_word' id='word_1_186' title='bbox 1200 2859 1247 2929; x_wconf 85' lang='lat' dir='ltr'><strong><em>ad</em></strong></span> <span class='ocrx_word' id='word_1_187' title='bbox 1258 2860 1424 2930; x_wconf 86' lang='lat' dir='ltr'><strong><em>ciuitatem</em></strong></span> <span class='ocrx_word' id='word_1_188' title='bbox 1501 2859 1502 2906; x_wconf 76' lang='lat' dir='ltr'><strong><em>t</em></strong></span> 
     </span>
     <span class='ocr_line' id='line_1_24' title="bbox 277 2965 1427 3060; baseline -0.005 -18"><span class='ocrx_word' id='word_1_189' title='bbox 277 2973 467 3052; x_wconf 71' lang='lat' dir='ltr'><strong><em>dumtaxat,</em></strong></span> <span class='ocrx_word' id='word_1_190' title='bbox 485 2991 548 3038; x_wconf 89' lang='lat' dir='ltr'><strong><em>non</em></strong></span> <span class='ocrx_word' id='word_1_191' title='bbox 568 2967 666 3058; x_wconf 85' lang='lat' dir='ltr'><strong><em>saciet</em></strong></span> <span class='ocrx_word' id='word_1_192' title='bbox 699 2965 787 3034; x_wconf 86' lang='lat' dir='ltr'><strong><em>idem</em></strong></span> <span class='ocrx_word' id='word_1_193' title='bbox 811 2967 1039 3035; x_wconf 79' lang='lat' dir='ltr'><strong><em>cmtsistorium</em></strong></span> <span class='ocrx_word' id='word_1_194' title='bbox 1062 2989 1138 3035; x_wconf 90' lang='lat' dir='ltr'><strong><em>cum</em></strong></span> <span class='ocrx_word' id='word_1_195' title='bbox 1163 2969 1326 3060; x_wconf 84' lang='lat' dir='ltr'><strong><em>Episcopo</em></strong></span> <span class='ocrx_word' id='word_1_196' title='bbox 1337 2994 1351 3052; x_wconf 92' lang='lat'><strong><em>,·</em></strong></span> <span class='ocrx_word' id='word_1_197' title='bbox 1373 2968 1427 3036; x_wconf 76' lang='lat' dir='ltr'><strong><em>recl</em></strong></span> 
     </span>
     <span class='ocr_line' id='line_1_25' title="bbox 277 3073 1424 3169; baseline -0.004 -20"><span class='ocrx_word' id='word_1_198' title='bbox 277 3079 407 3149; x_wconf 83' lang='lat' dir='ltr'><strong><em>babebit</em></strong></span> <span class='ocrx_word' id='word_1_199' title='bbox 415 3075 686 3169; x_wconf 84' lang='lat' dir='ltr'><strong><em>jurisdictionem</em></strong></span> <span class='ocrx_word' id='word_1_200' title='bbox 704 3096 726 3141; x_wconf 88' lang='lat' dir='ltr'><strong><em>a</em></strong></span> <span class='ocrx_word' id='word_1_201' title='bbox 739 3073 975 3165; x_wconf 80' lang='lat' dir='ltr'><strong><em>jurisdictione</em></strong></span> <span class='ocrx_word' id='word_1_202' title='bbox 990 3075 1148 3165; x_wconf 82' lang='lat' dir='ltr'><strong><em>Episcopi</em></strong></span> <span class='ocrx_word' id='word_1_203' title='bbox 1162 3073 1314 3157; x_wconf 83' lang='lat' dir='ltr'><strong><em>divisam,</em></strong></span> <span class='ocrx_word' id='word_1_204' title='bbox 1336 3097 1424 3144; x_wconf 87' lang='lat' dir='ltr'><strong><em>eam-</em></strong></span> 
     </span>
     <span class='ocr_line' id='line_1_26' title="bbox 279 3181 1424 3280; baseline -0.003 -26"><span class='ocrx_word' id='word_1_205' title='bbox 279 3209 340 3280; x_wconf 83' lang='lat' dir='ltr'><strong><em>que</em></strong></span> <span class='ocrx_word' id='word_1_206' title='bbox 365 3185 561 3276; x_wconf 68' lang='lat' dir='ltr'><strong><em>delegatam,</em></strong></span> <span class='ocrx_word' id='word_1_207' title='bbox 586 3205 653 3251; x_wconf 87' lang='lat' dir='ltr'><strong><em>non</em></strong></span> <span class='ocrx_word' id='word_1_208' title='bbox 678 3181 862 3250; x_wconf 84' lang='lat' dir='ltr'><strong><em>absimilem</em></strong></span> <span class='ocrx_word' id='word_1_209' title='bbox 881 3181 1114 3272; x_wconf 78' lang='lat' dir='ltr'><strong><em>jurisdictioni</em></strong></span> <span class='ocrx_word' id='word_1_210' title='bbox 1141 3181 1346 3252; x_wconf 83' lang='lat' dir='ltr'><strong><em>Vicariorum</em></strong></span> <span class='ocrx_word' id='word_1_211' title='bbox 1367 3206 1424 3250; x_wconf 85' lang='lat' dir='ltr'><strong><em>ru-</em></strong></span> 
     </span>
     <span class='ocr_line' id='line_1_27' title="bbox 278 3289 1423 3383; baseline -0.006 -19"><span class='ocrx_word' id='word_1_212' title='bbox 278 3295 415 3364; x_wconf 90' lang='lat' dir='ltr'><strong><em>ralium.</em></strong></span> <span class='ocrx_word' id='word_1_213' title='bbox 435 3293 495 3383; x_wconf 76' lang='lat' dir='ltr'><strong><em>(De</em></strong></span> <span class='ocrx_word' id='word_1_214' title='bbox 516 3289 650 3357; x_wconf 83' lang='lat' dir='ltr'><strong><em>Vicariis</em></strong></span> <span class='ocrx_word' id='word_1_215' title='bbox 671 3289 924 3381; x_wconf 85' lang='lat' dir='ltr'><strong><em>Episcoporum‚</em></strong></span> <span class='ocrx_word' id='word_1_216' title='bbox 941 3311 1012 3380; x_wconf 83' lang='lat' dir='ltr'><strong><em>esp.</em></strong></span> <span class='ocrx_word' id='word_1_217' title='bbox 1033 3292 1063 3375; x_wconf 92' lang='lat' dir='ltr'><strong><em>l,</em></strong></span> <span class='ocrx_word' id='word_1_218' title='bbox 1080 3290 1262 3379; x_wconf 81' lang='lat' dir='ltr'><strong><em>quaestione</em></strong></span> <span class='ocrx_word' id='word_1_219' title='bbox 1284 3291 1328 3380; x_wconf 89' lang='lat'><strong><em>8.)</em></strong></span> <span class='ocrx_word' id='word_1_220' title='bbox 1347 3291 1423 3358; x_wconf 76' lang='lat' dir='ltr'><strong><em>Huc</em></strong></span> 
     </span>
     <span class='ocr_line' id='line_1_28' title="bbox 280 3395 1423 3486; baseline -0.008 -15"><span class='ocrx_word' id='word_1_221' title='bbox 280 3411 389 3472; x_wconf 87' lang='lat' dir='ltr'><strong><em>tumen</em></strong></span> <span class='ocrx_word' id='word_1_222' title='bbox 403 3397 550 3468; x_wconf 83' lang='lat' dir='ltr'><strong><em>doctrine</em></strong></span> <span class='ocrx_word' id='word_1_223' title='bbox 568 3417 644 3464; x_wconf 92' lang='lat' dir='ltr'><strong><em>cum</em></strong></span> <span class='ocrx_word' id='word_1_224' title='bbox 663 3395 749 3463; x_wconf 86' lang='lat' dir='ltr'><strong><em>thesi</em></strong></span> <span class='ocrx_word' id='word_1_225' title='bbox 772 3403 884 3464; x_wconf 84' lang='lat' dir='ltr'><strong><em>nostra</em></strong></span> <span class='ocrx_word' id='word_1_226' title='bbox 903 3417 970 3464; x_wconf 94' lang='lat' dir='ltr'><strong><em>non</em></strong></span> <span class='ocrx_word' id='word_1_227' title='bbox 990 3405 1125 3486; x_wconf 82' lang='lat' dir='ltr'><strong><em>pugnet.</em></strong></span> <span class='ocrx_word' id='word_1_228' title='bbox 1149 3395 1249 3465; x_wconf 88' lang='lat' dir='ltr'><strong><em>Aliud</em></strong></span> <span class='ocrx_word' id='word_1_229' title='bbox 1269 3397 1358 3466; x_wconf 89' lang='lat' dir='ltr'><strong><em>enim</em></strong></span> <span class='ocrx_word' id='word_1_230' title='bbox 1377 3405 1423 3466; x_wconf 86' lang='lat' dir='ltr'><strong><em>est</em></strong></span> 
     </span>
     <span class='ocr_line' id='line_1_29' title="bbox 279 3493 1500 3603; baseline -0.007 -23"><span class='ocrx_word' id='word_1_231' title='bbox 279 3512 421 3603; x_wconf 77' lang='lat' dir='ltr'><strong><em>aliquem</em></strong></span> <span class='ocrx_word' id='word_1_232' title='bbox 433 3504 587 3574; x_wconf 89' lang='lat' dir='ltr'><strong><em>constitui</em></strong></span> <span class='ocrx_word' id='word_1_233' title='bbox 596 3502 768 3571; x_wconf 85' lang='lat' dir='ltr'><strong><em>Vicurium</em></strong></span> <span class='ocrx_word' id='word_1_234' title='bbox 778 3502 933 3593; x_wconf 88' lang='lat' dir='ltr'><strong><em>Episcopi</em></strong></span> <span class='ocrx_word' id='word_1_235' title='bbox 941 3503 1078 3572; x_wconf 83' lang='lat' dir='ltr'><strong><em>limitute</em></strong></span> <span class='ocrx_word' id='word_1_236' title='bbox 1091 3503 1204 3594; x_wconf 85' lang='lat' dir='ltr'><strong><em>quoad</em></strong></span> <span class='ocrx_word' id='word_1_237' title='bbox 1213 3505 1315 3572; x_wconf 91' lang='lat' dir='ltr'><strong><em>talem</em></strong></span> <span class='ocrx_word' id='word_1_238' title='bbox 1323 3504 1422 3574; x_wconf 85' lang='lat' dir='ltr'><strong><em>dum-</em></strong></span> <span class='ocrx_word' id='word_1_239' title='bbox 1499 3493 1500 3546; x_wconf 54' lang='grc' dir='ltr'>ἶ</span> 
     </span>
     <span class='ocr_line' id='line_1_30' title="bbox 279 3608 1422 3703; baseline -0.004 -17"><span class='ocrx_word' id='word_1_240' title='bbox 279 3628 376 3688; x_wconf 79' lang='lat' dir='ltr'><strong><em>tanat</em></strong></span> <span class='ocrx_word' id='word_1_241' title='bbox 387 3615 558 3694; x_wconf 90' lang='lat' dir='ltr'><strong><em>locum,·et</em></strong></span> <span class='ocrx_word' id='word_1_242' title='bbox 567 3609 659 3678; x_wconf 82' lang='lat' dir='ltr'><strong><em>aliud</em></strong></span> <span class='ocrx_word' id='word_1_243' title='bbox 670 3631 748 3678; x_wconf 91' lang='lat' dir='ltr'><strong><em>eum</em></strong></span> <span class='ocrx_word' id='word_1_244' title='bbox 759 3609 930 3680; x_wconf 83' lang='lat' dir='ltr'><strong><em>Vicsrium</em></strong></span> <span class='ocrx_word' id='word_1_245' title='bbox 943 3608 1092 3701; x_wconf 86' lang='lat' dir='ltr'><strong><em>deputari</em></strong></span> <span class='ocrx_word' id='word_1_246' title='bbox 1111 3610 1307 3700; x_wconf 83' lang='lat' dir='ltr'><strong><em>generaliter</em></strong></span> <span class='ocrx_word' id='word_1_247' title='bbox 1318 3611 1422 3703; x_wconf 84' lang='lat' dir='ltr'><strong><em>quoed</em></strong></span> 
     </span>
     <span class='ocr_line' id='line_1_31' title="bbox 278 3717 1423 3810; baseline -0.006 -16"><span class='ocrx_word' id='word_1_248' title='bbox 278 3735 378 3795; x_wconf 88' lang='lat' dir='ltr'><strong><em>totam</em></strong></span> <span class='ocrx_word' id='word_1_249' title='bbox 392 3719 569 3805; x_wconf 74' lang='lat' dir='ltr'><strong><em>dioecesim,</em></strong></span> <span class='ocrx_word' id='word_1_250' title='bbox 584 3728 713 3808; x_wconf 79' lang='lat' dir='ltr'><strong><em>eccepto</em></strong></span> <span class='ocrx_word' id='word_1_251' title='bbox 729 3717 792 3785; x_wconf 84' lang='lat' dir='ltr'><strong><em>rati</em></strong></span> <span class='ocrx_word' id='word_1_252' title='bbox 806 3717 1002 3786; x_wconf 74' lang='lat' dir='ltr'><strong><em>monasterio</em></strong></span> <span class='ocrx_word' id='word_1_253' title='bbox 1031 3717 1084 3784; x_wconf 88' lang='lat' dir='ltr'><strong><em>oel</em></strong></span> <span class='ocrx_word' id='word_1_254' title='bbox 1097 3717 1159 3784; x_wconf 88' lang='lat' dir='ltr'><strong><em>tuli</em></strong></span> <span class='ocrx_word' id='word_1_255' title='bbox 1178 3718 1312 3810; x_wconf 85' lang='lat' dir='ltr'><strong><em>oppido.</em></strong></span> <span class='ocrx_word' id='word_1_256' title='bbox 1333 3719 1423 3787; x_wconf 84' lang='lat' dir='ltr'><strong><em>Prae·</em></strong></span> 
     </span>
     <span class='ocr_line' id='line_1_32' title="bbox 280 3823 1422 3918; baseline -0.006 -18"><span class='ocrx_word' id='word_1_257' title='bbox 280 3831 360 3901; x_wconf 88' lang='lat' dir='ltr'><strong><em>dicti</em></strong></span> <span class='ocrx_word' id='word_1_258' title='bbox 371 3828 547 3898; x_wconf 83' lang='lat' dir='ltr'><strong><em>canonistae</em></strong></span> <span class='ocrx_word' id='word_1_259' title='bbox 557 3824 739 3916; x_wconf 86' lang='lat' dir='ltr'><strong><em>loquuntur</em></strong></span> <span class='ocrx_word' id='word_1_260' title='bbox 748 3823 788 3891; x_wconf 85' lang='lat' dir='ltr'><strong><em>de</em></strong></span> <span class='ocrx_word' id='word_1_261' title='bbox 800 3823 902 3914; x_wconf 89' lang='lat' dir='ltr'><strong><em>priori</em></strong></span> <span class='ocrx_word' id='word_1_262' title='bbox 912 3823 1125 3893; x_wconf 89' lang='lat' dir='ltr'><strong><em>restrictionis</em></strong></span> <span class='ocrx_word' id='word_1_263' title='bbox 1137 3827 1262 3916; x_wconf 81' lang='lat' dir='ltr'><strong><em>specie3</em></strong></span> <span class='ocrx_word' id='word_1_264' title='bbox 1276 3834 1309 3892; x_wconf 91' lang='lat' dir='ltr'><strong><em>et</em></strong></span> <span class='ocrx_word' id='word_1_265' title='bbox 1320 3848 1422 3918; x_wconf 87' lang='lat' dir='ltr'><strong><em>nsque</em></strong></span> 
     </span>
     <span class='ocr_line' id='line_1_33' title="bbox 282 3929 1423 4025; baseline -0.007 -19"><span class='ocrx_word' id='word_1_266' title='bbox 282 3959 342 4006; x_wconf 87' lang='lat' dir='ltr'><strong><em>nos</em></strong></span> <span class='ocrx_word' id='word_1_267' title='bbox 353 3956 509 4025; x_wconf 83' lang='lat' dir='ltr'><strong><em>negemus</em></strong></span> <span class='ocrx_word' id='word_1_268' title='bbox 520 3931 690 4002; x_wconf 77' lang='lat' dir='ltr'><strong><em>Vicerium</em></strong></span> <span class='ocrx_word' id='word_1_269' title='bbox 701 3930 865 4023; x_wconf 88' lang='lat' dir='ltr'><strong><em>Episcopi,</em></strong></span> <span class='ocrx_word' id='word_1_270' title='bbox 877 3929 1162 4021; x_wconf 83' lang='lat' dir='ltr'><strong><em>protulidioeossis</em></strong></span> <span class='ocrx_word' id='word_1_271' title='bbox 1173 3930 1243 4000; x_wconf 93' lang='lat' dir='ltr'><strong><em>loco</em></strong></span> <span class='ocrx_word' id='word_1_272' title='bbox 1255 3932 1423 4001; x_wconf 76' lang='lat' dir='ltr'><strong><em>dumtaxat</em></strong></span> 
     </span>
     <span class='ocr_line' id='line_1_34' title="bbox 282 4037 1421 4131; baseline -0.004 -19"><span class='ocrx_word' id='word_1_273' title='bbox 282 4043 506 4128; x_wconf 88' lang='lat' dir='ltr'><strong><em>constitutum,</em></strong></span> <span class='ocrx_word' id='word_1_274' title='bbox 527 4061 596 4107; x_wconf 89' lang='lat' dir='ltr'><strong><em>esse</em></strong></span> <span class='ocrx_word' id='word_1_275' title='bbox 614 4059 744 4105; x_wconf 89' lang='lat' dir='ltr'><strong><em>merum</em></strong></span> <span class='ocrx_word' id='word_1_276' title='bbox 772 4038 970 4127; x_wconf 75' lang='lat' dir='ltr'><strong><em>delegatum,</em></strong></span> <span class='ocrx_word' id='word_1_277' title='bbox 996 4046 1028 4106; x_wconf 90' lang='lat' dir='ltr'><strong><em>et</em></strong></span> <span class='ocrx_word' id='word_1_278' title='bbox 1051 4037 1237 4108; x_wconf 81' lang='lat' dir='ltr'><strong><em>nullatenus</em></strong></span> <span class='ocrx_word' id='word_1_279' title='bbox 1259 4063 1321 4131; x_wconf 90' lang='lat' dir='ltr'><strong><em>pro</em></strong></span> <span class='ocrx_word' id='word_1_280' title='bbox 1347 4061 1421 4108; x_wconf 79' lang='lat' dir='ltr'><strong><em>vero</em></strong></span> 
     </span>
     <span class='ocr_line' id='line_1_35' title="bbox 283 4143 1420 4237; baseline -0.011 -15"><span class='ocrx_word' id='word_1_281' title='bbox 283 4150 415 4222; x_wconf 86' lang='lat' dir='ltr'><strong><em>Vicerio</em></strong></span> <span class='ocrx_word' id='word_1_282' title='bbox 433 4145 578 4237; x_wconf 84' lang='lat' dir='ltr'><strong><em>generali</em></strong></span> <span class='ocrx_word' id='word_1_283' title='bbox 599 4144 798 4212; x_wconf 74' lang='lat' dir='ltr'><strong><em>habendum.</em></strong></span> <span class='ocrx_word' id='word_1_284' title='bbox 825 4147 949 4212; x_wconf 89' lang='lat' dir='ltr'><strong><em>Atvero</em></strong></span> <span class='ocrx_word' id='word_1_285' title='bbox 967 4143 1098 4236; x_wconf 62' lang='lat' dir='ltr'><strong><em>mundo</em></strong></span> <span class='ocrx_word' id='word_1_286' title='bbox 1119 4145 1346 4214; x_wconf 80' lang='lat' dir='ltr'><strong><em>universalius</em></strong></span> <span class='ocrx_word' id='word_1_287' title='bbox 1363 4145 1420 4236; x_wconf 90' lang='lat' dir='ltr'><strong><em>ipsi</em></strong></span> 
     </span>
     <span class='ocr_line' id='line_1_36' title="bbox 280 4249 1419 4343; baseline -0.009 -15"><span class='ocrx_word' id='word_1_288' title='bbox 280 4277 442 4328; x_wconf 78' lang='lat' dir='ltr'><strong><em>concessos</em></strong></span> <span class='ocrx_word' id='word_1_289' title='bbox 453 4251 689 4343; x_wconf 85' lang='lat' dir='ltr'><strong><em>jurisdictionis</em></strong></span> <span class='ocrx_word' id='word_1_290' title='bbox 704 4249 913 4339; x_wconf 83' lang='lat' dir='ltr'><strong><em>restringitur</em></strong></span> <span class='ocrx_word' id='word_1_291' title='bbox 929 4252 1136 4342; x_wconf 80' lang='lat' dir='ltr'><strong><em>posmodum</em></strong></span> <span class='ocrx_word' id='word_1_292' title='bbox 1151 4255 1363 4343; x_wconf 85' lang='lat' dir='ltr'><strong><em>exceptionis,</em></strong></span> <span class='ocrx_word' id='word_1_293' title='bbox 1379 4254 1419 4320; x_wconf 82' lang='lat' dir='ltr'><strong><em>ito</em></strong></span> 
     </span>
    </p>
   </div>
   <div class='ocr_carea' id='block_1_5' title="bbox 0 0 1520 4980">
    <p class='ocr_par' dir='ltr' id='par_1_6' title="bbox 0 0 1520 4980">
     <span class='ocr_line' id='line_1_37' title="bbox 0 0 1520 4980; baseline 0 0"><span class='ocrx_word' id='word_1_294' title='bbox 0 0 1520 4980; x_wconf 95' lang='lat' dir='ltr'><strong><em> </em></strong></span> 
     </span>
    </p>
   </div>
  </div>
 </body>
</html>
