3030 4980
550 504 623 550 rans
653 503 798 549 secunus.
1180 485 1241 550 487

102 620 246 688 sentiunt
254 620 410 692 doctores.
428 622 525 713 (Vide
536 623 709 714 Pirrhing,
723 625 757 692 in
770 625 819 692 tit.
834 627 887 710 50,
902 623 959 692 lib.
974 627 991 692 3
1004 625 1114 710 Dece,
1127 647 1160 691 n.
1173 626 1241 713 lt.)

147 728 330 798 Prorosmo
352 729 408 799 V¹.
424 769 470 782 -
483 733 511 800 Α
525 732 669 824 qeneroli
681 733 750 824 lepe
761 755 828 823 quo
841 731 963 800 clericis
978 744 1009 800 et
1020 731 1178 822 reliqiosis
1192 732 1243 800 in-

102 835 273 904 terdicitur
286 837 471 906 notariatus
489 839 648 930 officium,
668 838 866 932 excipienda>
880 851 957 908 sunt
977 861 1082 906 causas
1093 837 1184 930 fidei.
1199 877 1244 893 -

101 942 186 1012 Nam
201 943 234 1011 iu
244 943 405 1034 ejusmodi
416 947 522 1014 causis
536 967 628 1037 posse
640 946 800 1038 quidquid
808 946 850 1013 ad
863 945 1088 1014 mbellionatus
1099 944 1243 1014 officium

103 1049 243 1142 pertinet
271 1072 329 1140 per
356 1052 489 1122 clericos
517 1061 548 1120 et
577 1053 745 1142 religiosos
770 1052 894 1145 peragi,
922 1073 1073 1144 expresse
1101 1050 1247 1122 decrevit

103 1156 253 1226 Clemens
265 1157 313 1228 IV
325 1158 359 1225 in
374 1179 473 1252 supra
486 1160 680 1252 transcripte
694 1159 796 1252 capite
812 1162 853 1228 Ut
866 1159 1025 1251 officium.
1042 1159 1124 1243 Qum
1136 1167 1245 1228 umen

103 1263 266 1332 concessio
281 1263 413 1334 limitari
428 1265 640 1356 intelligenda
654 1275 713 1353 est,
735 1274 832 1358 prout
847 1267 881 1333 in
896 1266 967 1358 ipso
979 1274 1071 1336 textu
1085 1266 1246 1357 exprimi-

104 1379 171 1457 tur,
187 1371 229 1440 cd
247 1371 416 1461 religiosos
433 1374 492 1464 qui
510 1372 591 1442 dum
606 1385 706 1442 essent
727 1373 895 1442 insecuto
916 1373 1147 1444 tabellionatus
1166 1375 1241 1467 offi-

103 1479 191 1548 cium
200 1479 388 1550 tobuount
400 1492 431 1548 ct
442 1493 672 1563 ecereuerunt;
682 1479 763 1550 etad
773 1480 905 1550 clericos
915 1480 1087 1550 seculares
1098 1482 1246 1574 officium

104 1588 214 1677 ipsum
228 1587 391 1656 calma.
776 1601 779 1610 '

148 1693 330 1764 Pnurommo
350 1695 424 1764 Ἧι.
445 1733 490 1748 -
505 1697 534 1764 Α
552 1695 698 1786 peucroli
720 1694 789 1787 leqe
808 1717 875 1786 quo
897 1693 1018 1764 eleum's
1041 1694 1247 1764 interdicitur

104 1801 290 1870 notariatus
308 1802 466 1893 officium,
489 1801 675 1893 compiendi
692 1813 768 1870 sunt
784 1801 809 1869 ii
825 1801 934 1870 elerici
946 1802 1005 1893 qui
1022 1824 1043 1868 α
1058 1801 1143 1870 Sede
1158 1803 1246 1894 Apo-

104 1907 219 1976 stolieo
238 1909 363 1977 notorii
378 1908 481 1977 erecti
495 1921 582 1978 sunt.
598 1949 643 1962 —
664 1909 743 1978 uec
758 1908 921 1978 conclusio
936 1916 984 1976 est
1003 1916 1091 1976 certa
1108 1917 1140 1976 et
1154 1918 1247 1978 extra

103 2017 358 2084 controversiam
370 2017 485 2108 posita.
499 2016 593 2086 Retio
604 2022 712 2084 aulem
725 2038 791 2106 qua
801 2016 916 2084 nititur
925 2015 1059 2083 omnino
1071 2036 1141 2084 rem
1153 2017 1245 2084 evin-

104 2121 148 2189 cit
170 2149 177 2188 :
202 2121 262 2190 hoe
284 2123 355 2212 ipso
380 2145 495 2214 nempe
517 2121 604 2214 quod
629 2122 717 2212 Papa
741 2121 894 2190 clericum
916 2121 1059 2213 aliquem
1083 2123 1245 2192 nonnum

103 2237 203 2316 creat,
214 2230 308 2322 cique
321 2231 498 2300 notariatus
510 2229 680 2298 exercendi
693 2237 880 2322 potestatem
894 2228 980 2314 lecit,
996 2229 1129 2319 derogat
1139 2231 1246 2322 quoad

105 2337 213 2426 ipsum
236 2338 382 2426 generali
405 2337 529 2428 regula
553 2359 619 2430 qua
640 2335 774 2405 aliunde
791 2358 810 2404 e
829 2335 886 2403 tali
908 2337 1090 2406 exercendo
1112 2360 1246 2406 munere

106 2443 342 2534 prohiberetur.

149 2553 230 2620 Item
245 2553 282 2620 in
296 2552 386 2620 curie
399 2573 534 2620 romane
547 2559 682 2642 possunt
695 2550 803 2620 elerici
817 2550 1012 2620 notariatum
1026 2573 1190 2639 exercere,
1205 2575 1246 2622 cx

104 2683 144 2729 eo
158 2659 246 2750 quud
265 2660 309 2727 ita
324 2659 396 2728 fieri
410 2658 575 2752 permittat
590 2656 747 2726 Summus
761 2657 914 2726 Pontifex
929 2684 937 2724 ι
953 2682 971 2722 c
984 2657 1124 2728 Possunt
1135 2659 1245 2744 eliani,

109 2794 126 2832 a
149 2766 362 2854 aithrraris,
373 2765 559 2834 clericicsse
570 2764 689 2834 notarii
697 2765 795 2855 Papae
803 2773 859 2832 aut
869 2764 904 2832 in
914 2765 1006 2832 curia
1014 2786 1159 2834 romana.
1175 2766 1247 2855 (Fa-

109 2903 127 2942 s
149 2897 289 2964 gnanus,
305 2874 339 2942 iu
358 2896 428 2964 cap.
446 2873 542 2942 Sicut
557 2886 588 2940 te
605 2877 636 2960 8,
650 2873 701 2940 tit.
719 2874 768 2943 Ne
782 2872 890 2941 clerici
905 2873 957 2941 uel
968 2872 1133 2954 monachi,
1151 2895 1184 2942 n.
1205 2878 1246 2940 60

109 3010 126 3047 a
148 2991 180 3050 et
197 2985 250 3068 68,
267 2990 299 3049 et
312 2980 467 3066 Barbam,
483 2979 578 3066 ibid,
591 3002 626 3047 n.
645 2979 693 3070 t.)
706 2979 791 3048 Nam
805 2979 893 3071 Papa
904 2978 1118 3069 admittendo,
1132 2980 1185 3048 vel
1198 2981 1248 3049 ol-

108 3115 126 3154 a
150 3089 261 3158 ficium
280 3088 341 3156 hoc
360 3087 533 3157 tribuendo
546 3087 682 3175 clericis,
699 3087 829 3154 videtur
846 3108 901 3154 eos
923 3086 1093 3155 habilitare
1108 3086 1150 3155 ad
1165 3087 1246 3156 illud

109 3223 126 3264 a
149 3196 412 3266 exercendum.»
435 3195 497 3286 (Ad
512 3215 625 3264 vocem
643 3193 797 3275 Clericus,
813 3200 875 3261 art.
893 3197 925 3281 3,
941 3216 976 3261 n.
1000 3195 1066 3284 66.)

150 3304 331 3374 Paoeosrrrc
343 3302 430 3374 VlI2.
445 3339 489 3354 -·
506 3303 635 3370 Attente
644 3301 725 3391 jure
736 3300 906 3368 communi
921 3300 1053 3392 scripto,
1065 3301 1247 3391 prohibitio

104 3409 264 3501 pennulis
287 3431 352 3500 quo
371 3408 491 3478 clericis
512 3406 718 3476 interdicitur
736 3406 925 3474 ootuuotus
943 3407 1100 3497 officium,
1126 3407 1249 3476 intelli-

104 3516 212 3608 9enda
227 3529 305 3586 esset
324 3515 425 3584 etiam
441 3513 554 3608 quoad
569 3514 698 3584 curiam
714 3513 959 3582 eeclesiasticam
976 3525 1007 3580 et
1021 3535 1136 3583 cousus
1152 3514 1217 3582 eccl
1232 3555 1250 3564 -

105 3623 264 3692 simticos.

150 3730 233 3800 Nam
253 3729 287 3796 in
303 3729 399 3798 citata
418 3727 567 3796 decretali
592 3729 634 3796 Ut
652 3727 798 3818 officium
816 3725 941 3794 clericis
962 3734 993 3794 et
1013 3725 1173 3815 religiosis
1193 3750 1251 3818 per

105 3839 239 3908 modum
265 3835 466 3928 exceptionis
491 3834 678 3902 conceditur
701 3835 881 3904 notariatus
902 3833 1059 3920 officium,
1088 3833 1122 3900 iu
1145 3836 1251 3902 causes

104 3947 276 4014 dumtaxat
287 3943 378 4034 fidei,
399 3951 431 4010 et
445 3941 485 4008 iis
500 3948 626 4010 mutum
646 3940 771 4009 clericis
786 3948 817 4008 et
831 3939 989 4029 religiosis
1004 3938 1060 4028 qui
1076 3945 1168 4006 anteo
1185 3962 1251 4007 no-

105 4053 259 4122 tariatum
273 4056 489 4120 exercuerunt
507 4075 514 4114 ε
533 4069 612 4136 crgo
627 4046 667 4115 de
682 4048 756 4138 jure
770 4047 938 4115 communi
952 4045 1097 4115 officium
1117 4045 1198 4115 illud
1216 4047 1251 4113 in

107 4158 231 4228 cacteris
246 4157 363 4244 causis,
380 4157 476 4225 etiam
498 4153 732 4238 ecclesiasticis,
753 4161 822 4222 erat
836 4153 961 4222 clericis
976 4152 1129 4222 omnibus
1146 4154 1251 4220 inter-

108 4265 243 4334 dictum.
263 4263 417 4354 Alioquin
433 4261 520 4331 enim
533 4260 705 4352 privilegio
720 4258 827 4353 quoad
839 4257 970 4328 clericos
985 4280 1045 4350 pro
1059 4259 1165 4328 causis
1176 4257 1252 4329 fidei
