3046 4968
596 449 798 534 rans‘rmun.
1204 467 1262 532 td?

173 607 354 679 Pnoeosrrto
369 607 443 677 ΙΨ.
459 645 503 660 -·
520 609 717 677 Clericorum
739 611 773 677 in
796 610 923 700 mapnis
942 623 972 678 et
989 609 1105 700 paruis
1122 609 1266 678 semina-

127 717 185 782 riis
214 717 451 784 institutionem
479 717 694 788 ecclesiastice
719 719 892 808 potestatis
917 717 1072 809 repimiui
1100 719 1267 810 subjacere

127 836 251 890 eertum
268 837 326 906 est,
343 835 441 916 atque
455 825 589 892 omnino
604 823 789 893 tenendum.
801 863 845 876 -
859 825 991 893 Constet
1008 829 1037 892 1·
1052 825 1210 916 excipite
1226 829 1264 892 18

128 929 281 996 sessionis
297 933 338 996 23
355 929 537 998 Tridentini
551 929 680 997 concilii
698 956 706 994 ι
724 929 812 996 illius
825 929 912 997 onim
930 928 1047 1020 synodi
1060 930 1172 997 Patres
1186 928 1267 998 adeo

129 1045 285 1127 tanquam
302 1044 428 1104 certum
444 1046 475 1105 et
489 1037 720 1104 inconcussum
737 1043 924 1126 supponunt
938 1036 1088 1105 Ecclesiae
1101 1036 1156 1127 jus
1171 1035 1267 1104 cleri-

127 1164 242 1210 corum
258 1144 434 1212 seminaria
448 1142 588 1211 habendi
602 1149 699 1234 atquo
712 1143 859 1231 regendi,
876 1151 912 1212 ut
925 1144 1060 1234 jubeant
1080 1144 1114 1210 in
1129 1143 1267 1233 singulis

127 1248 323 1318 diueesibus
348 1263 472 1318 certum
497 1272 678 1342 puerorum
701 1273 876 1316 numerum
902 1251 1049 1341 relipiose
1079 1251 1212 1320 educari
1237 1263 1267 1320 et

127 1357 348 1426 ecciesiasticis
364 1357 544 1449 disciplinis
555 1357 696 1436 institui,
707 1357 755 1424 ita
771 1369 808 1424 ut
820 1358 880 1424 hoc
895 1357 1066 1448 callepium
1080 1359 1140 1428 Dei
1153 1361 1267 1427 minis-

128 1475 259 1530 trorum
276 1477 474 1555 perpetuum
494 1464 708 1534 seminarium
730 1464 784 1530 sit.
811 1464 876 1532 Nea
903 1465 1013 1532 minus
1037 1475 1144 1557 operte
1164 1473 1267 1535 totum

127 1571 293 1660 ejusmodi
315 1571 527 1660 collegiorum
553 1573 699 1660 regimen
725 1571 891 1662 Episcopis
918 1572 1031 1642 tribuit
1058 1598 1066 1640 ι
1096 1581 1265 1666 postquam

128 1677 220 1745 enim
243 1677 504 1748 ordinandorum
525 1679 781 1746 seminariocum
807 1701 959 1748 normum
985 1680 1267 1771 presumpserunt,

128 1785 175 1852 ita
188 1785 410 1875 subjungunt:
426 1789 507 1869 Qun
522 1787 634 1854 omnia
649 1799 747 1876 atque
762 1786 830 1853 alia
846 1784 987 1854 addam
1000 1808 1069 1853 rem
1083 1800 1270 1878 opportuna

129 1905 162 1958 et
175 1892 366 1975 necessaria,
384 1894 539 1984 Episcopi
552 1893 675 1984 sinpuli
688 1915 763 1960 cnm
783 1893 914 1961 consilio
937 1892 1079 1960 duarum
1101 1895 1271 1962 canonico-

128 2022 206 2065 rum
221 2000 385 2067 senionem
400 2013 431 2068 et
446 2000 647 2091 praviorem,
666 2023 745 2092 quas
756 2000 820 2091 ipsi
834 2000 998 2090 cleperent,
1005 2013 1109 2092 prout
1125 2000 1270 2092 Spiritus

129 2107 273 2172 Sanctus
286 2107 487 2197 suppcsscrit,
504 2106 718 2187 constituent,·
734 2129 834 2196 eaque
852 2119 890 2173 ut
909 2129 1034 2197 semper
1048 2105 1266 2191 observentur,

129 2211 250 2300 sepius
265 2211 427 2280 minando
442 2235 576 2303 operam
589 2211 725 2279 dabunt.

175 2320 310 2387 Constet
323 2324 356 2386 2⁰
365 2341 406 2387 ex
421 2319 514 2387 brevi
529 2319 706 2389 Clementis
719 2317 797 2386 XIV
812 2322 1018 2409 Mapnopere,
1037 2319 1074 2384 18
1090 2317 1270 2386 decembris

136 2429 233 2511 1773,
250 2426 290 2492 ad
315 2426 493 2514 ignatium,
510 2425 619 2494 vitnae
642 2425 676 2492 in
703 2425 838 2493 Polonio
860 2425 1072 2515 Episcopum,
1090 2425 1123 2491 in
1142 2448 1207 2516 quo
1225 2427 1270 2494 sic

131 2531 240 2621 legere
251 2540 300 2599 est
312 2559 318 2600 :
330 2536 525 2624 Mopnopere
534 2533 641 2622 paoni
649 2555 771 2614 sumus,
783 2531 971 2600 venerabilis
980 2534 1096 2622 frater,
1108 2553 1182 2597 cum
1192 2544 1222 2598 tc
1234 2533 1269 2599 in

132 2660 246 2706 eorum
260 2662 324 2707 csse
338 2663 474 2708 numera
490 2640 721 2720 intelleximus,
740 2639 854 2730 quibus
871 2637 1129 2706 ordinandarum
1143 2637 1270 2707 studio-

133 2769 208 2814 rum
228 2747 428 2838 rationisque
448 2746 640 2829 scatente,
658 2771 724 2838 pua
739 2747 772 2812 in
788 2746 933 2814 Polaniee
948 2767 1046 2836 repno
1068 2745 1195 2813 institui
1202 2746 1270 2835 ju-

133 2865 297 2922 ventutem
322 2866 481 2947 oporteat,
497 2855 727 2946 pessumum
750 2877 854 2945 nuper
872 2865 918 2920 cst
941 2874 1061 2920 munus
1088 2851 1270 2921 demanda-

133 2973 246 3029 tum...
270 2965 298 3030 A
321 2976 354 3030 te
376 2962 487 3054 itaque
506 2963 663 3054 petimus,
691 2961 881 3044 uenerabilis
906 2963 1023 3051 frater,
1051 2972 1143 3051 teque
1169 2965 1292 3052 quam'

134 3069 279 3136 manime
294 3070 330 3137 in
345 3069 486 3138 Domino
497 3091 672 3160 possumis
696 3068 926 3149 adhortamur,
943 3079 980 3134 ut
1003 3088 1132 3135 omnem
1154 3067 1270 3136 indus-

136 3175 234 3242 triam
250 3189 345 3244 tuam
365 3177 400 3244 in
421 3199 458 3244 eo
473 3178 615 3257 colloces,
631 3189 668 3244 ut
692 3199 734 3243 ne
757 3175 928 3268 quidpiam
954 3174 1067 3242 cestris
1086 3174 1219 3243 decretis
1233 3199 1271 3244 ac

137 3282 257 3371 lepidus
276 3283 316 3351 de
340 3285 578 3376 Episcoporum
600 3283 707 3352 debita
730 3282 903 3373 pipilantio
929 3281 1136 3368 detrudatur,
1156 3283 1271 3374 quibus

138 3413 243 3457 rerum
259 3389 306 3458 ad
318 3390 505 3482 relipionem
524 3391 741 3484 spectantium
760 3389 894 3458 omnino
911 3390 1013 3458 omnis
1029 3389 1190 3457 attributa
1207 3412 1271 3457 esse

139 3519 233 3586 opera
249 3497 350 3566 dedet.
372 3501 546 3590 Propterea
563 3499 624 3567 tibi
644 3498 846 3566 veliementer
860 3511 904 3564 est
919 3496 1147 3588 satapendum,
1160 3509 1196 3563 ut
1215 3499 1273 3588 qui

135 3604 338 3691 jucmtutem
366 3605 552 3687 instituunt,
576 3607 814 3696 Episcoporum
840 3625 926 3672 curre
960 3617 1058 3695 atque
1078 3603 1273 3672 auctoritati

140 3709 371 3800 seidjiciantum
382 3713 565 3802 presertim
577 3711 610 3778 in
623 3711 662 3778 iis
675 3711 769 3778 rebus
782 3733 820 3778 ac
836 3710 1024 3802 disciplinis,
1044 3732 1116 3800 pure
1131 3732 1206 3776 cum
1219 3734 1271 3778 re·
1337 3721 1340 3728 '

143 3813 265 3905 lipionir
278 3841 318 3885 ac
325 3818 408 3908 fidei
417 3819 575 3887 institutis
589 3819 696 3908 mapis
706 3840 796 3885 recen
806 3829 836 3884 et
848 3817 1009 3906 collipatec
1022 3815 1099 3884 sint.
1116 3816 1268 3899 Proinde,

144 3935 176 3990 ut
196 3926 248 3992 sui
262 3947 339 4015 erpa
359 3925 547 4015 relipionem
566 3925 667 4016 officii
695 3923 870 3993 identidem
893 3935 1173 4005 commoneantur,
1189 3924 1275 3992 illud

144 4029 235 4098 etiam
263 4032 459 4113 mirandum,
485 4045 521 4100 ut
549 4055 659 4100 omues
689 4031 937 4122 disciplinarum
966 4030 1127 4120 mapistri,
1156 4031 1190 4098 in
1218 4032 1272 4123 in-

146 4137 284 4207 cdoanda
292 4139 504 4222 institutione,
514 4152 544 4208 et
553 4138 689 4229 sinpulis
698 4138 813 4206 deinde
822 4137 928 4218 annu,
933 4150 1035 4227 prout
1043 4137 1078 4204 in
1088 4137 1162 4206 aliis
1172 4137 1272 4205 etiam

148 4243 233 4332 tureis
248 4248 300 4338 fit,
317 4269 429 4315 caram
444 4246 611 4338 Episcopis
622 4245 724 4338 fidem
738 4245 934 4316 catholicam
955 4245 1106 4338 profiteri
1125 4245 1269 4314 debeant.
