3056 4972
550 481 623 525 raas
646 479 751 526 rama.
1152 455 1214 522 207

91 601 166 667 aum
178 597 383 668 resideatiale
392 601 495 689 licerit
510 614 674 670 assecutus
691 601 748 690 (1).
763 599 799 668 Si
817 621 896 689 ergo
911 620 985 666 rara
997 595 1217 665 concedantur

92 705 239 795 ejusmodi
252 705 407 796 rescripta
420 715 452 774 et
465 706 590 794 brevia,
607 714 728 774 etcum
752 703 874 772 talibus
895 703 1026 795 insuper
1043 702 1216 770 restrictio-

90 813 185 898 nibus,
203 834 269 880 non
282 821 330 881 est
343 835 402 881 cur
417 813 457 882 de
477 814 582 882 abusu
601 821 782 902 arguantur
797 812 935 881 Romani
952 808 1134 880 Pontifices.
1151 809 1218 877 Lo-

89 920 209 1010 quimur
222 927 330 988 autem
354 918 406 998 hic
424 920 464 988 de
486 919 636 989 facultate
652 920 873 988 sacerdotibus
888 917 1082 1010 quandoque
1097 939 1116 984 a
1131 916 1219 1008 Papa

89 1048 237 1111 cauomsa,
257 1034 295 1094 ut
318 1027 452 1096 ubilibet
477 1027 678 1097 advocatiam
706 1027 903 1096 ordinariam
930 1032 1109 1094 exerceant.
1134 1025 1218 1092 Nam

89 1133 112 1200 si
135 1141 246 1223 agatur
267 1132 308 1202 de
334 1133 465 1226 speciali
491 1133 659 1204 advocatia
682 1157 757 1227 quae
785 1141 956 1203 exercetur
978 1132 1065 1224 apud
1086 1131 1217 1199 Crrriam

87 1241 269 1327 Romanam,
294 1263 392 1332 quam
419 1241 654 1311 rationabiliter
680 1265 752 1310 eam
779 1240 998 1310 sacerdotibus
1025 1237 1217 1328 generaliter

84 1347 227 1414 concedat
256 1346 356 1416 Sedes
382 1349 568 1440 apostolica
593 1349 645 1438 (ob
676 1348 870 1439 peculiarem
902 1369 1018 1438 nempe
1053 1345 1215 1437 ejusmodi

84 1452 251 1522 advocatiae
272 1462 422 1524 naturam
438 1463 471 1524 et
488 1453 752 1545 ordinationem),
772 1455 916 1523 dicemus
939 1453 1000 1522 sub
1020 1460 1140 1544 puncto
1165 1475 1217 1519 se-

83 1559 199 1650 quenti.

626 1787 670 1856 V.

84 1983 116 2031 tte
128 1983 255 2045 facultate
269 1995 346 2050 qaam
358 1995 390 2033 ea
403 1996 451 2034 aaa
467 1987 490 2033 et
508 1981 672 2049 tadutpeatta
685 1981 760 2034 Sedis
775 1983 925 2048 apostatica
936 1983 1029 2036 babent
1039 1983 1128 2054 cleriei
1138 1985 1215 2036 etiarn

170 2063 312 2115 sacerdotes
327 2063 447 2114 adsumta·
462 2078 553 2114 manaa
565 2062 698 2129 patticam
711 2065 738 2114 ta
756 2063 835 2116 Caria
853 2066 963 2116 ttomaaa
979 2065 1124 2116 exercendi.

125 2298 156 2362 1ο
171 2295 266 2366 Certa
280 2304 329 2366 eat
342 2295 493 2366 nomilia
506 2296 562 2366 illa
576 2319 596 2364 a
613 2296 688 2388 jure
707 2299 873 2366 communi
893 2297 1052 2389 exceptio,
1067 2320 1133 2388 qua
1153 2297 1218 2365 ale-

84 2401 153 2470 ricis
180 2403 278 2474 etiam
308 2404 527 2474 sacerdotibus
556 2405 605 2474 fas
631 2412 680 2474 eat
707 2405 743 2473 in
772 2405 920 2473 Romana
946 2403 1046 2473 Craris
1071 2403 1217 2472 advocati

83 2507 187 2578 officio
208 2511 314 2600 fungi.
336 2511 418 2580 «Ex
434 2496 605 2581 tolerantia
630 2510 796 2581 Pontificio
816 2519 981 2580 servatum
1003 2533 1072 2580 esse
1092 2520 1128 2580 ut
1151 2511 1218 2579 cle·

88 2641 103 2679 a
123 2617 179 2684 rici
199 2617 235 2686 iu
258 2618 407 2688 Romana
421 2618 522 2688 Curia
545 2618 766 2688 advocationis
783 2626 816 2687 et
834 2618 1070 2710 procurationis
1090 2617 1219 2709 publica

89 2747 102 2784 a
124 2745 259 2794 munera
274 2733 456 2813 exerceant,
473 2733 585 2796 contra
598 2724 683 2817 juris
698 2725 840 2815 regulas,
859 2750 876 2791 a
893 2725 1008 2793 asserit
1022 2723 1218 2794 Octavianus

86 2827 229 2900 Vestriua
248 2831 294 2923 (in
317 2853 377 2901 sua
401 2835 527 2914 creec,
545 2832 603 2900 lib.
632 2836 664 2918 3,
688 2855 759 2924 cap.
783 2835 815 2918 l,
831 2855 866 2900 n.
891 2833 936 2922 1).
962 2833 1042 2899 ltem
1070 2831 1217 2921 regulam

84 2938 262 3023 generalem
295 2961 362 3030 qua
398 2938 614 3030 prohibentur
643 2939 887 3008 advocationem
923 2961 1074 3007 exercere
1111 2938 1218 3007 clerici

83 3044 244 3134 explicans
258 3043 445 3134 Fagnanus,
461 3069 532 3115 eam
549 3046 773 3138 exceptionem
788 3054 945 3114 memorat
962 3075 970 3114 ι
986 3045 1216 3131 «Declaratur,

85 3176 99 3212 a
121 3151 239 3242 inquit,
255 3151 454 3242 supradicta
469 3154 594 3243 regula,
611 3161 648 3224 ut
664 3176 729 3221 non
743 3153 886 3222 obtineat
898 3153 932 3219 in
947 3152 1046 3222 Curia
1058 3153 1217 3242 Romana,

86 3285 100 3318 a
121 3259 178 3327 ubi
202 3261 402 3328 contrarium
427 3269 576 3330 servatur
595 3259 636 3328 de
658 3258 904 3329 consuetudine.
925 3259 1008 3350 »tiu
1028 3267 1125 3351 caput
1143 3261 1220 3330 cte-

83 3364 137 3432 riri
153 3370 185 3452 t,
201 3364 288 3434 tituli
306 3370 360 3454 37,
377 3366 453 3435 libri
471 3371 485 3433 1
505 3368 646 3454 Decret,
664 3391 696 3434 n.
715 3367 782 3456 22.)
805 3392 822 3432 a
836 3365 874 3433 ln
888 3367 1036 3434 Romana
1049 3365 1161 3454 Curia,
1176 3370 1221 3435 ait

86 3496 100 3530 a
122 3471 290 3563 Pirrbing,
306 3496 348 3542 ex
364 3472 598 3542 cousuetudine
613 3483 644 3543 et
658 3473 862 3563 indulgentia
876 3471 911 3540 S.
926 3473 1107 3560 Pontificio,
1123 3476 1221 3541 etiam

89 3579 233 3648 celerini
252 3580 475 3650 advocationis
496 3589 527 3648 ct
555 3581 790 3670 procurationis
813 3580 944 3670 publica
969 3602 1105 3649 munera
1124 3603 1221 3647 excr-

89 3709 104 3744 e
125 3708 196 3754 cere
219 3697 364 3780 possunt.
383 3714 399 3752 n
417 3687 468 3778 (lu
492 3694 589 3778 caput
614 3688 731 3756 Clerici
748 3693 778 3773 t,
796 3685 835 3755 de
860 3686 1072 3768 Postulando,
1093 3709 1126 3753 n.
1151 3689 1218 3778 12.)

91 3793 213 3862 «addi
238 3793 332 3864 debet
357 3795 484 3885 (nempe
510 3795 754 3885 exceptionibus
783 3793 824 3862 ad
852 3793 1036 3884 generalem
1062 3793 1220 3886 regulam)

92 3922 107 3959 s
128 3902 322 3970 consuetudo
337 3901 494 3970 Romanae
514 3901 639 3988 Curiae,
655 3903 690 3969 in
711 3923 788 3993 qua,
804 3899 936 3969 Summi
952 3899 1116 3969 Pontificis
1137 3901 1222 3970 tole-

93 4027 108 4064 «
130 4007 243 4094 mutia,
259 4008 378 4096 clerici,
394 4009 489 4078 etiam
513 4007 706 4095 sacerdotes,
726 4008 815 4076 obire
837 4009 941 4077 solent
963 4029 1098 4075 munera
1120 4007 1224 4108 advo-¹

118 4262 150 4324 tt)
167 4265 199 4316 De
212 4268 307 4332 synodo
320 4269 471 4332 diceremur,
480 4271 498 4321 l.
514 4273 553 4334 tt,
566 4285 593 4321 c.
606 4273 645 4329 tt,
657 4283 685 4320 a.
702 4271 741 4335 ta,
779 4304 782 4310 ,
