3046 4968
551 519 625 564 l’AllS
649 519 753 564 rutile.

624 765 681 832 Ill.

77 933 221 996 Requititae
236 933 379 999 qualitates
392 939 419 984 ut
436 937 496 999 quis
509 937 587 998 possit
609 938 730 1000 tanquam
748 934 833 1000 judee
852 934 1035 984 ecclesiasticus
1054 934 1172 1000 delegari
1188 935 1229 985 uel

580 1014 749 1078 subdeteyort.

131 1178 162 1241 l.
181 1175 293 1243 Solent
308 1177 485 1244 canonistae
501 1185 656 1268 tunquam
671 1183 791 1244 certem
809 1176 1007 1266 praemittere
1021 1175 1105 1243 bono
1123 1197 1227 1264 gene-

77 1281 185 1349 ralem
200 1283 361 1372 regulam,
373 1283 517 1373 delepcri
531 1306 642 1352 omues
651 1307 746 1376 posse
758 1285 816 1374 qui
826 1306 893 1351 ooo
903 1283 1130 1374 prohibentur.
1145 1284 1225 1366 Quae

77 1388 217 1477 quidem
233 1390 347 1479 regula
362 1399 512 1476 remeet,
528 1391 584 1458 sed
606 1389 888 1460 determinandum
912 1390 1077 1482 relinquit,
1093 1390 1227 1482 quinam

78 1493 131 1562 illi
149 1497 227 1581 sint,
243 1519 326 1588 quos
337 1497 413 1588 jure
427 1497 601 1589 prohibent
614 1497 769 1587 delegari.
1169 1585 1172 1592 Ι

127 1605 162 1668 2.
180 1603 330 1692 Delegnri
354 1613 520 1696 nequeunt
543 1605 747 1689 surdi-muti,
765 1613 920 1697 perpetuo
943 1613 1099 1692 amentes,
1119 1603 1229 1672 inlen-

80 1719 143 1796 tes,
163 1721 194 1779 et
209 1711 394 1803 impuberes
409 1713 468 1802 qni
483 1710 675 1780 discretione
696 1721 818 1780 carent.
838 1713 970 1780 Constat
985 1733 1025 1778 cx
1040 1711 1114 1803 jure
1128 1721 1230 1779 netu-

79 1818 160 1902 rali,
176 1826 214 1886 nt
229 1827 324 1910 patet.

128 1928 162 1992 3.
181 1925 322 1993 lnfsmss
335 1935 366 1994 et
381 1925 667 2011 excommunicati,
685 1935 721 1994 ut
741 1934 866 1994 constet
884 1947 925 1994 ex
946 1925 1094 2016 positivis
1115 1924 1230 1993 Eccle-

78 2039 141 2104 siae
171 2037 309 2125 legibus,
330 2060 411 2128 ques
435 2036 510 2106 vide
535 2039 647 2107 citatas
670 2061 690 2104 e
714 2037 1006 2126 Sohmelzgrueber
1025 2038 1071 2128 (in
1092 2038 1143 2106 tit.
1172 2043 1227 2128 29,

77 2143 160 2210 libri
179 2147 193 2209 l
212 2142 442 2230 Decretolium,
459 2167 494 2212 n.
516 2147 581 2234 12).
713 2155 716 2161 “

128 2255 161 2318 l.
180 2251 274 2318 Servi
295 2259 327 2318 et
347 2251 513 2338 loemiuse;
531 2253 611 2343 quia
637 2252 682 2319 ita
709 2273 773 2320 usu
798 2251 941 2340 generali
969 2259 1132 2341 receptum
1147 2281 1154 2330 ;
1172 2251 1230 2343 qni

81 2381 164 2427 usus
174 2359 243 2425 vim
257 2358 451 2427 universalis
464 2358 545 2448 legis
559 2358 695 2427 obtinet.

127 2470 161 2531 5.
177 2464 290 2545 Quoad
306 2473 433 2533 aetetem
449 2465 638 2558 requisitam
654 2465 711 2555 jus
726 2465 923 2532 sufficienter
939 2464 1073 2554 exponit
1089 2487 1230 2555 sequens

79 2571 252 2640 decretalis
265 2572 415 2660 Gregorii
428 2572 475 2640 IX
491 2599 499 2639 :
521 2575 605 2642 Cum
619 2571 813 2662 vipesimum
828 2593 953 2638 annum
965 2569 1140 2662 percpeiis,
1153 2569 1231 2640 duri

77 2677 222 2768 potuisti
235 2678 271 2744 iu
286 2689 384 2745 eetate
396 2677 590 2769 hujusmodi
604 2677 783 2767 delepatus.
805 2679 967 2747 Ceterum
982 2678 1157 2746 comtituto
1171 2679 1229 2746 io-

79 2797 135 2852 tra
152 2795 285 2852 etatem
308 2785 456 2852 eamdem
475 2785 551 2876 (nisi
571 2795 685 2876 partes
707 2785 840 2852 scienter
860 2784 1075 2852 consentirent
1099 2785 1134 2852 irc
1156 2807 1230 2852 eum

80 2894 140 2984 pici
164 2913 290 2960 anuum
316 2896 355 2959 18
380 2891 634 2982 transcendisset)
652 2893 743 2982 sacta
765 2890 925 2983 delepctio
942 2891 984 2958 ab
1000 2892 1066 2958 olio
1092 2913 1192 2982 quom
1208 2916 1229 2959 α

81 2999 237 3089 Principe
258 3019 325 3066 non
351 3011 468 3067 tenent
491 3000 604 3089 (capite
632 3001 714 3068 Cum
746 2998 939 3088 uipesimum
974 3000 1030 3081 41,
1059 2997 1144 3065 tituli
1173 3002 1227 3085 29,

81 3106 159 3174 libri
177 3109 192 3172 l
209 3105 448 3196 Deeremlium).
466 3105 570 3196 Cujus
585 3103 752 3174 decretalis
767 3127 896 3172 summa
909 3107 943 3170 in
958 3104 1052 3172 titulo
1066 3104 1128 3194 ipsi
1142 3126 1230 3195 pree-

81 3213 150 3282 fixo
172 3215 329 3281 concinne
353 3215 401 3280 sic
425 3211 642 3280 describitur:
661 3212 774 3302 major
793 3216 834 3278 20
859 3212 955 3278 anuis
977 3224 1129 3302 potesta
1150 3236 1230 3303 qno-

82 3342 222 3410 cumque
242 3317 319 3387 dari
339 3318 515 3410 delepotus.
534 3318 625 3386 ldem
649 3320 683 3385 in
705 3319 831 3408 mojori
848 3321 900 3402 18,
921 3317 1099 3386 dummodo
1124 3318 1228 3388 inter-

84 3425 195 3493 veniat
211 3447 378 3493 cousensus
395 3425 556 3515 partium.
575 3427 686 3494 Minor
701 3446 775 3491 uero
794 3427 846 3509 18,
865 3445 931 3490 oon
953 3435 1058 3512 potest
1072 3422 1148 3490 dari
1165 3423 1231 3490 nisi

84 3555 105 3596 α
121 3531 286 3622 Pnumpe.

129 3642 161 3704 6.
176 3639 206 3704 A
219 3637 306 3728 Papo
320 3637 463 3726 delegari
475 3643 578 3727 potest
593 3637 693 3704 etism
708 3634 827 3712 laicum
842 3635 886 3700 ito
902 3634 1102 3702 unanimiter
1116 3634 1228 3702 docto-

87 3767 149 3830 res,
167 3743 209 3812 ob
225 3742 458 3833 plenitudinem
478 3765 593 3834 nempe
605 3741 788 3834 pontifioiae
806 3741 981 3830 potestatis.

130 3855 253 3918 Alvero
267 3851 308 3918 eb
329 3850 401 3918 aliis
425 3848 609 3918 Ordinariis
629 3848 773 3938 delegari
797 3846 909 3938 nequit
934 3846 997 3914 nisi
1018 3846 1164 3915 clericus.
1182 3849 1230 3915 lte

85 3955 452 4026 commonisetomoino
464 3965 551 4026 certe
566 3956 736 4024 doctorum
760 3954 929 4022 sententio.
949 3953 1159 4022 Decernimus
1178 3956 1232 4045 (eit

86 4066 253 4156 Eugenius
267 4066 354 4156 Papa
369 4065 403 4132 in
419 4064 544 4156 synodo
558 4063 635 4130 enni
654 4064 764 4152 1148),
776 4073 814 4130 ut
830 4060 908 4128 laici
919 4060 1129 4129 ecclesiastica
1144 4073 1231 4130 trac-

88 4187 158 4240 tare
176 4173 309 4262 nepotia
331 4194 397 4238 ooo
417 4184 635 4262 presumant.
657 4169 725 4238 Sed
746 4169 913 4260 Episcopi,
932 4168 1078 4247 Achates,
1100 4171 1230 4238 Archio-

82 4280 228 4372 pisccpi,
255 4291 285 4346 ct
311 4279 370 4345 ulii
403 4278 609 4346 ecclesiarum
634 4265 772 4345 Praeloli
792 4274 831 4342 de
853 4277 988 4365 rreqotiis
1017 4277 1233 4346 ecclesiasticis
