3032 4976
563 487 638 534 oses
656 487 763 534 enm.
1167 469 1229 535 283

134 608 276 692 Quinem
291 615 401 678 sutem
415 607 463 677 illi
478 609 555 696 sint,
567 608 638 678 tuse
650 607 805 700 expendit
818 607 994 698 Fegnsnus
1012 607 1119 702 (citato
1132 608 1229 702 leco).

87 714 198 784 Peuce
210 722 337 784 tantum
358 714 600 785 adnotabimus.
624 718 653 782 1ο
669 715 770 784 Dictae
791 714 1032 785 constitutionis
1058 715 1234 808 privilegio

86 820 139 889 illi
153 819 213 889 soli
228 820 564 916 comprehenduntur,
578 822 637 915 qui
651 817 782 910 Romae,
799 845 857 892 scu
871 822 923 913 (ut
937 821 1071 914 dieitur)
1084 823 1119 891 in
1133 824 1233 896 Curio

88 927 240 996 Romanu
249 941 491 1022 mmomurpro
500 930 567 1002 tuis
576 930 715 1022 nepotiis
734 941 764 998 et
777 930 887 998 consu
898 929 1116 1021 szpdoendis.
1132 935 1166 998 2⁰
1180 932 1231 1001 Illi

87 1034 151 1103 soli
166 1035 222 1127 qui
236 1035 271 1104 in
286 1035 375 1105 hune
387 1037 487 1106 finem
499 1037 569 1129 jum
584 1060 643 1129 per
657 1059 783 1106 annum
801 1037 969 1127 integrum
983 1037 1099 1108 Remos
1113 1040 1232 1110 moreti

88 1147 189 1210 sunt:
208 1140 254 1209 its
274 1164 427 1233 expresse
452 1143 637 1212 tenentum
663 1143 727 1212 tuit
752 1142 965 1236 privilegium
987 1165 1006 1210 s
1026 1142 1174 1214 Pautov
1196 1143 1232 1212 in

86 1247 180 1316 buliu
198 1249 345 1318 Undersi
358 1250 444 1342 opti,
460 1251 482 1343 fi
498 1254 531 1338 b,
548 1273 583 1320 n.
604 1253 658 1337 17,
675 1249 732 1320 ubi
754 1250 800 1318 sie
822 1249 961 1320 hebetur
979 1249 1146 1318 :Auditor
1164 1271 1231 1320 nen

87 1355 244 1426 wneedot
258 1357 436 1426 mmnorio
457 1381 512 1428 seu
535 1358 741 1428 inhibitiones
754 1359 791 1426 in
809 1357 879 1426 vim
899 1356 1139 1426 emunwtionrs
1156 1359 1231 1427 En-

87 1463 238 1552 qenienn
257 1463 304 1533 od
323 1467 472 1555 savorem
494 1464 684 1546 enriuliseer,
699 1465 762 1534 nisi
773 1487 836 1556 pro
857 1463 934 1546 illis,
953 1463 1014 1555 qni
1032 1463 1150 1532 saltem
1168 1487 1231 1556 per

88 1590 218 1638 annum
229 1571 265 1638 in
274 1572 368 1642 cusia
379 1572 533 1642 cennens
547 1571 757 1642 residentiam
767 1570 903 1663 fecerim
918 1569 1113 1662 (Bullnsium
1126 1593 1229 1660 rom„

89 1682 172 1744 tom.
192 1681 224 1763 5,
242 1685 324 1768 pert.
350 1682 382 1766 t,
399 1701 474 1770 pag.
493 1682 549 1764 27,
566 1677 643 1746 edit.
662 1677 882 1770 Coqueliues).
900 1677 1075 1746 Monitorie
1094 1699 1151 1746 seu
1173 1679 1230 1748 iu-

89 1782 276 1871 hibitiones,
289 1784 330 1852 de
342 1785 465 1877 quibus
476 1785 510 1855 in
521 1785 584 1854 hoe
592 1793 697 1873 textu,
708 1784 793 1853 nihil
804 1783 893 1854 uliud
907 1791 983 1853 sunt
996 1806 1098 1876 quem
1111 1784 1229 1854 litteren

86 1892 130 1960 ab
146 1891 305 1961 Auditore
318 1893 468 1964 &mern
481 1893 677 1986 Apostolicae
691 1912 865 1980 concessu,
880 1892 1001 1984 qtuhus
1018 1891 1228 1980 Ordinerius‚

88 1997 131 2065 nd
146 1998 241 2090 cujus
254 1999 397 2068 tribuual
412 2000 531 2092 uliquis
545 2000 676 2070 curialis
692 1999 739 2090 (id
754 2008 803 2068 est
816 1999 932 2068 Remu
948 1998 1070 2089 degens
1085 2000 1231 2090 negotio·

87 2125 166 2172 rum
190 2105 469 2197 expediendorum
486 2107 597 2197 ceusu)
611 2109 728 2176 cintus
741 2113 804 2194 est,
820 2115 973 2176 monetur
988 2113 1020 2174 et
1040 2105 1231 2198 prohibetur

87 2232 132 2279 ne
161 2213 323 2302 procedat,
354 2212 410 2282 ssd
438 2219 581 2282 numm
610 2213 652 2282 ed
680 2213 817 2282 Curium
845 2213 1032 2282 Romanum
1072 2213 1226 2281 remittet.

89 2322 125 2384 3⁰
138 2317 206 2387 Nee
218 2319 389 2410 privilegio
404 2320 595 2410 Eugeniano
615 2319 758 2410 gaudent
773 2318 916 2388 Romani
933 2317 1082 2405 curiales,
1098 2317 1230 2410 quando

86 2425 129 2492 lis
154 2434 305 2496 movetur
319 2447 416 2518 super
434 2426 592 2496 beneficio
612 2425 701 2518 quod
729 2425 850 2494 hubent
871 2425 907 2492 in
930 2425 1090 2517 pertibus,
1107 2425 1142 2493 id
1167 2433 1228 2512 est,

85 2541 183 2601 extre
199 2532 384 2604 Romanum
398 2533 564 2604 dioecesim
584 2561 591 2598 ε
610 2533 652 2603 cb
667 2553 859 2625 expressum
873 2553 992 2623 nempe
1007 2531 1137 2602 concilii
1154 2532 1230 2600 Tri-

85 2639 215 2708 dentini
235 2639 403 2710 dandum
422 2669 429 2709 :
448 2643 532 2724 One
546 2663 621 2710 cero
644 2639 819 2732 priuilcqie
842 2637 1054 2708 residentibus
1072 2638 1109 2705 in
1126 2639 1229 2706 Curia

85 2751 239 2816 Itononne
253 2747 362 2838 oiqore
374 2750 580 2839 dispersione
592 2747 831 2816 constitutionis
850 2795 901 2828 ...,
916 2746 1224 2838 competentem,

84 2879 124 2923 eu
133 2855 172 2923 in
181 2855 221 2923 iis
232 2857 293 2948 qni
303 2856 455 2948 beneficis
467 2855 677 2926 ecclesiastiea
690 2855 845 2936 obtinent,
859 2854 985 2924 ratione
990 2851 1228 2945 predictorum

84 2963 318 3054 bmedeioeuns
328 2963 466 3032 neinirm
480 2962 795 3054 intellipontnr;eed
809 2960 980 3032 ordinarii
987 2959 1227 3052 jurisdictionis

81 3071 228 3162 subjecti
246 3083 479 3162 permaneant,
494 3069 777 3140 nonobstantibus
792 3069 1045 3161 quibuscumque
1058 3067 1228 3136 inhibitio-

82 3177 183 3248 niden
193 3178 287 3270 (sess.
310 3181 365 3265 tt,
378 3200 406 3246 e.
427 3177 492 3268 11).
508 3179 591 3246 item
608 3181 640 3246 t·
655 3175 827 3269 privilegio
845 3175 1045 3266 Eugenieuee
1067 3174 1227 3243 eonstitu-

84 3281 185 3352 tienis
199 3304 265 3352 non
275 3289 493 3374 proteguntur
504 3281 638 3375 parochi
647 3298 712 3352 nou
724 3282 917 3368 residentes;
931 3280 987 3350 sed
997 3288 1102 3374 potest
1111 3302 1227 3350 eorum

82 3388 281 3460 Ordiuerius
301 3397 414 3458 contre
434 3389 522 3482 ipsos
541 3387 727 3481 procedere,
744 3398 782 3458 ut
795 3395 921 3458 constet
935 3411 978 3458 ex
997 3387 1133 3458 coneilio
1149 3387 1227 3456 Tri-

81 3495 222 3566 dentino
239 3497 328 3585 (sess.
346 3500 403 3583 23,
416 3519 448 3564 c.
469 3500 484 3563 1
503 3497 538 3564 iu
558 3495 651 3588 fine).

131 3601 227 3672 Unde
239 3611 275 3672 ut
288 3603 374 3694 quis,
383 3625 427 3672 ex
437 3623 475 3672 ee
487 3603 612 3673 nuens
627 3601 715 3694 quod
729 3603 846 3672 Romu
859 3602 989 3689 existet,
1004 3600 1104 3693 possit
1115 3601 1226 3670 forum

81 3709 254 3781 Ordinerii
267 3711 322 3778 sui
345 3709 519 3798 declinere,
534 3720 565 3780 et
584 3733 719 3780 ceusem
740 3710 782 3779 ed
802 3711 989 3780 Romanum
1008 3709 1143 3779 Guriem
1160 3716 1227 3778 tru-

80 3817 178 3904 here‚
194 3833 321 3888 neeesse
337 3825 385 3886 est
401 3843 410 3886 ι
429 3821 461 3884 1⁰
477 3818 521 3888 Ut
540 3817 657 3888 Romen
681 3818 777 3908 deget
797 3817 837 3886 ed
858 3815 1061 3909 expedienda
1083 3818 1226 3908 negotia,

81 3947 155 3994 non
170 3932 279 3994 butem
295 3925 358 3994 elie
370 3924 415 3994 de
428 3945 539 4012 eeuse;
557 3929 591 3994 2ο
605 3931 643 3994 ut
654 3923 724 4016 jem
738 3925 855 3995 Rome
870 3947 929 4017 per
941 3943 1067 3994 sunum
1082 3923 1224 4015 degerit3

83 4037 118 4100 3·
135 4040 174 4100 ut
186 4055 284 4102 enuss
298 4055 363 4102 uon
375 4031 421 4100 sit
441 4031 482 4101 de
496 4033 537 4100 iis
555 4033 654 4102 modo
674 4031 888 4120 enumeratis,
905 4053 965 4124 pro
984 4031 1103 4123 quibus
1118 4055 1138 4100 a
1151 4032 1228 4100 Tri-

82 4138 220 4206 dentino
233 4137 359 4230 synodo
373 4138 611 4209 constitutionis
625 4137 825 4232 Eugenienae
840 4136 1050 4234 privitegium
1062 4137 1227 4212 subletum

82 4253 147 4314 est.
