3056 4972
574 496 649 542 rans
671 497 777 542 unius.
1191 476 1251 543 ltu
1343 497 1346 502 ·

113 613 236 684 clericis
251 613 375 685 licitum
390 615 580 686 illicitumue
597 617 690 703 loret,
707 616 813 708 quoad
830 618 1046 710 procuratoris
1061 627 1091 686 et
1105 618 1253 688 advocati

113 723 269 792 officium.
285 723 372 815 Ergo
386 723 477 793 nulle
494 732 543 792 cst
557 724 655 811 ratio,
672 745 732 793 cur
747 723 841 793 dictae
860 724 935 792 dum
955 723 1141 812 decretales,
1156 728 1253 794 etiam

112 829 209 898 hodie
229 852 289 922 pro
304 830 432 922 legibus
446 829 633 921 vigentibus
653 839 685 900 et
703 831 759 922 jus
782 853 952 900 commune
972 832 1253 919 constituentibus,

113 959 179 1005 non
198 937 389 1008 habeantur.

156 1045 242 1114 Hinc
257 1053 323 1114 tota
336 1046 476 1139 quaestio
490 1045 660 1116 commode
677 1053 783 1138 potest
803 1045 843 1114 ad
865 1046 923 1118 bos
941 1047 1097 1115 terminos
1114 1046 1226 1115 reduci
1244 1073 1251 1114 :

111 1151 191 1244 quid
206 1151 330 1220 licitum
354 1151 411 1220 liat
436 1152 572 1240 clericis,
588 1151 693 1244 quoad
719 1153 937 1244 procuratoris
956 1160 988 1221 et
1006 1151 1152 1222 advocati
1177 1153 1255 1220 offi-

111 1260 213 1345 cium,
230 1281 289 1352 per
305 1259 482 1330 decretales
500 1260 615 1330 Clerici
627 1269 659 1327 et
678 1262 761 1331 uam
776 1259 975 1328 sacerdotis?
988 1259 1023 1327 ld
1042 1259 1130 1328 enim
1149 1259 1256 1328 deter-

113 1372 254 1454 minare,
272 1376 320 1436 est
338 1367 393 1459 jus
411 1368 521 1460 ipsum
536 1389 710 1438 commune
729 1365 906 1436 hodiedum
924 1367 1040 1458 vigens
1061 1367 1253 1438 describere.

653 1691 709 1759 lll.

153 1857 249 1906 Clerici
264 1858 399 1910 emtores
417 1863 443 1910 to
460 1860 599 1910 minoribus
614 1862 758 1922 constituti,
775 1873 807 1909 ou
824 1864 848 1909 et
866 1859 893 1910 r'n
908 1875 957 1924 quo
973 1861 1031 1920 soro
1044 1859 1142 1922 possint
1158 1871 1209 1906 esse

503 1947 681 2004 procuratores
696 1946 721 1992 et
737 1941 865 1992 adornati.

159 2118 192 2181 1·
208 2119 414 2208 depuleriter
424 2136 562 2213 possum
577 2145 641 2190 erse
656 2122 809 2192 aduocati
829 2144 940 2190 curam
957 2119 1073 2210 judice
1088 2115 1251 2186 ecclesius-

109 2222 188 2290 tico.
203 2263 248 2276 -
260 2226 342 2295 Nam
360 2237 407 2298 cst
422 2231 619 2324 principium
635 2240 772 2318 certum,
788 2238 819 2298 et
836 2229 877 2298 sb
893 2229 1045 2298 omnibus
1057 2226 1251 2310 admissum,

109 2352 239 2419 omnes,
255 2335 312 2426 qui
326 2335 400 2427 jure
416 2360 482 2406 non
503 2337 732 2431 probibentur,
746 2361 839 2430 posse
862 2338 896 2406 in
914 2335 1087 2406 advocatos
1102 2331 1224 2401 assumi
1243 2357 1251 2397 :

110 2437 232 2506 nullibi
248 2450 355 2512 autem
371 2443 405 2511 in
423 2443 498 2535 jure
516 2445 657 2514 occurrit
673 2443 885 2536 prohibitum,
904 2466 944 2514 nc
965 2442 1042 2511 dicti
1064 2440 1172 2510 clerici
1198 2459 1253 2506 co-

108 2564 183 2610 ram
194 2543 305 2634 judice
319 2548 531 2620 ecclesiastico
546 2550 580 2619 id
597 2549 744 2620 mune'ris
763 2549 891 2618 obeant.
909 2550 1072 2618 Praeterea
1090 2546 1135 2637 (in
1158 2545 1254 2612 citato

109 2651 217 2741 capite
232 2653 348 2722 Clerici
359 2660 388 2742 l,
400 2657 487 2724 tituli
502 2661 541 2726 37
546 2709 556 2744 ,
566 2658 642 2726 libri
656 2662 671 2724 1
688 2657 915 2747 Decretalium)
928 2656 1057 2741 dicitur,
1072 2676 1112 2722 ne
1126 2675 1253 2746 pcaesu-

111 2767 205 2826 mant
219 2761 368 2832 advocati
383 2765 454 2833 lieri
471 2787 583 2834 coram
604 2766 755 2834 seculari
771 2763 888 2856 judice
903 2791 914 2830 .·
929 2787 1004 2855 quae
1027 2763 1126 2832 verba
1144 2767 1253 2851 aperte

110 2876 303 2958 supponunt
326 2870 409 2940 nibil
437 2872 580 2961 officere,
601 2874 682 2964 quin
705 2873 876 2942 advocatos
901 2880 998 2962 agant
1017 2892 1127 2940 coram
1144 2867 1253 2960 judice

110 2971 344 3065 eeclesiastico;
358 2979 506 3072 alioquin
517 2981 604 3049 enim
616 2979 726 3050 addita
738 3003 803 3048 non
816 2978 952 3048 luissent
962 2978 1060 3046 verba
1075 2977 1131 3044 illa
1142 2997 1254 3044 coram

111 3082 266 3150 saeculari
282 3083 415 3174 judice,·
434 3085 488 3154 sed
513 3087 742 3158 uniuersaliter
761 3108 898 3156 munere
923 3085 1071 3154 advocati
1093 3080 1255 3152 interdicti

111 3187 263 3258 fuissent.
281 3189 529 3262 Conclusionem
553 3195 683 3263 tandem
708 3193 880 3263 confirmet
898 3191 1081 3261 communis
1099 3189 1257 3258 sententia

111 3298 369 3387 canonistarum,
386 3308 422 3368 ut
436 3301 548 3370 videre
563 3309 611 3370 est
630 3302 663 3370 iu
678 3323 793 3370 eorum
809 3300 1048 3369 commentariis
1067 3300 1101 3367 in
1122 3295 1255 3366 titulum

114 3407 173 3491 34,
186 3405 262 3474 libri
280 3409 295 3474 1
313 3407 540 3477 Decretnlium.
558 3409 732 3478 Posuimus
747 3417 856 3477 temen
876 3407 908 3474 in
930 3407 1136 3476 conclusione
1159 3427 1258 3495 requ-

112 3512 250 3596 laritcr,·
259 3513 338 3606 quia
350 3537 467 3608 nempe
476 3516 515 3586 ed
527 3515 673 3606 regulam
687 3515 775 3584 illam
789 3514 973 3606 generalem
989 3513 1086 3583 datur
1095 3515 1255 3603 exceptio,

111 3627 155 3688 ut
168 3620 327 3712 sequitur.

163 3729 197 3793 2·
211 3730 286 3799 Non
299 3742 440 3820 possemt
457 3742 569 3799 tomen
593 3752 657 3798 esse
681 3729 835 3798 advocati
856 3753 920 3822 pro
948 3727 1122 3808 extraneis,
1147 3749 1260 3796 eoram

103 3833 229 3926 J'udice
250 3837 470 3920 ecclesiastico,
488 3851 601 3907 contro
624 3838 805 3907 Ecclesium
830 3861 851 3904 o
873 3859 939 3928 quo
964 3835 1149 3927 beneficium
1177 3835 1260 3902 obti-

109 3955 240 4010 uerent.
258 3981 300 3994 —
317 3943 353 4010 ld
370 3945 458 4014 enim
479 3967 631 4037 expresse
657 3947 809 4014 statuitur
824 3945 857 4012 in
880 3943 1089 4036 supracitata
1110 3941 1261 4011 decretali

110 4051 268 4140 Gregorii
284 4051 330 4120 lX
347 4079 354 4120 :
377 4053 550 4123 «Clericus
565 4063 672 4123 autem
687 4055 745 4147 qui
759 4041 872 4122 contre¹
886 4051 1060 4122 Ecclesiam
1080 4074 1100 4118 a
1123 4075 1187 4144 qua
1202 4053 1259 4120 bc-

114 4185 135 4224 n
163 4159 318 4230 nelicirim
335 4161 469 4249 obtinet,
484 4183 543 4253 pro
554 4163 717 4232 extraneis
731 4161 907 4231 advocatus
923 4160 973 4230 uel
988 4168 1180 4252 procurator
1191 4181 1259 4229 esse

115 4295 136 4332 α
163 4269 346 4360 presumit,
362 4275 516 4362 tanquam
533 4268 681 4360 ingratus
692 4277 796 4361 potest
810 4268 968 4339 beneficio
982 4265 1170 4360 hujusmodi
1185 4289 1260 4360 spo·
