<?xml version="1.0" encoding="UTF-8"?>
<!DOCTYPE html PUBLIC "-//W3C//DTD XHTML 1.0 Transitional//EN"
    "http://www.w3.org/TR/xhtml1/DTD/xhtml1-transitional.dtd">
<html xmlns="http://www.w3.org/1999/xhtml" xml:lang="en" lang="en">
 <head>
  <title>
</title>
<meta http-equiv="Content-Type" content="text/html;charset=utf-8" />
  <meta name='ocr-system' content='tesseract 3.04.00' />
  <meta name='ocr-capabilities' content='ocr_page ocr_carea ocr_par ocr_line ocrx_word'/>
</head>
<body>
  <div class='ocr_page' id='page_1' title='image "./tractatusdejudi01goog_0356.png"; bbox 0 0 3030 4980; ppageno 0'>
   <div class='ocr_carea' id='block_1_1' title="bbox 554 409 1245 472">
    <p class='ocr_par' dir='ltr' id='par_1_1' title="bbox 554 409 1245 472">
     <span class='ocr_line' id='line_1_1' title="bbox 554 409 1245 472; baseline 0.003 -2"><span class='ocrx_word' id='word_1_1' title='bbox 554 424 628 470; x_wconf 78' lang='lat' dir='ltr'><strong>rens</strong></span> <span class='ocrx_word' id='word_1_2' title='bbox 650 425 796 472; x_wconf 77' lang='lat' dir='ltr'><strong>secunus.</strong></span> <span class='ocrx_word' id='word_1_3' title='bbox 1184 409 1245 472; x_wconf 79' lang='lat'><strong>345</strong></span> 
     </span>
    </p>
   </div>
   <div class='ocr_carea' id='block_1_2' title="bbox 92 543 1251 4298">
    <p class='ocr_par' dir='ltr' id='par_1_2' title="bbox 92 543 1251 2792">
     <span class='ocr_line' id='line_1_2' title="bbox 99 543 1250 637; baseline 0.005 -27"><span class='ocrx_word' id='word_1_4' title='bbox 99 543 204 634; x_wconf 87' lang='lat' dir='ltr'><strong>partis</strong></span> <span class='ocrx_word' id='word_1_5' title='bbox 227 546 258 630; x_wconf 92' lang='lat' dir='ltr'><strong>t,</strong></span> <span class='ocrx_word' id='word_1_6' title='bbox 274 543 350 612; x_wconf 86' lang='lat' dir='ltr'>libri</span> <span class='ocrx_word' id='word_1_7' title='bbox 368 549 400 632; x_wconf 85' lang='lat'><strong>2,</strong></span> <span class='ocrx_word' id='word_1_8' title='bbox 423 544 526 637; x_wconf 78' lang='lat' dir='ltr'><strong>cupite</strong></span> <span class='ocrx_word' id='word_1_9' title='bbox 549 545 616 636; x_wconf 82' lang='lat'>17).</span> <span class='ocrx_word' id='word_1_10' title='bbox 638 547 806 615; x_wconf 87' lang='lat' dir='ltr'><strong>Disserens</strong></span> <span class='ocrx_word' id='word_1_11' title='bbox 826 547 915 616; x_wconf 89' lang='lat' dir='ltr'><strong>enim</strong></span> <span class='ocrx_word' id='word_1_12' title='bbox 939 548 978 616; x_wconf 91' lang='lat' dir='ltr'><strong>dc</strong></span> <span class='ocrx_word' id='word_1_13' title='bbox 1006 545 1250 617; x_wconf 79' lang='lat' dir='ltr'><strong>Arciidicconis</strong></span> 
     </span>
     <span class='ocr_line' id='line_1_3' title="bbox 94 651 1251 747; baseline 0.006 -30"><span class='ocrx_word' id='word_1_14' title='bbox 94 673 161 741; x_wconf 91' lang='lat' dir='ltr'><strong>per</strong></span> <span class='ocrx_word' id='word_1_15' title='bbox 174 651 321 742; x_wconf 78' lang='lat' dir='ltr'><strong>quinque</strong></span> <span class='ocrx_word' id='word_1_16' title='bbox 332 653 448 743; x_wconf 87' lang='lat' dir='ltr'><strong>priora</strong></span> <span class='ocrx_word' id='word_1_17' title='bbox 462 654 593 736; x_wconf 76' lang='lat' dir='ltr'><strong>seculo,</strong></span> <span class='ocrx_word' id='word_1_18' title='bbox 611 654 845 747; x_wconf 84' lang='lat' dir='ltr'><strong>Episcopornm</strong></span> <span class='ocrx_word' id='word_1_19' title='bbox 864 654 1107 747; x_wconf 86' lang='lat' dir='ltr'><strong>jurisdictionis</strong></span> <span class='ocrx_word' id='word_1_20' title='bbox 1125 658 1251 724; x_wconf 86' lang='lat' dir='ltr'><strong>exerci-</strong></span> 
     </span>
     <span class='ocr_line' id='line_1_4' title="bbox 98 757 1250 856; baseline 0.009 -33"><span class='ocrx_word' id='word_1_21' title='bbox 98 757 187 824; x_wconf 84' lang='lat' dir='ltr'><strong>tium</strong></span> <span class='ocrx_word' id='word_1_22' title='bbox 199 757 241 826; x_wconf 86' lang='lat' dir='ltr'><strong>sd</strong></span> <span class='ocrx_word' id='word_1_23' title='bbox 257 781 310 828; x_wconf 91' lang='lat' dir='ltr'><strong>eos</strong></span> <span class='ocrx_word' id='word_1_24' title='bbox 326 759 519 850; x_wconf 78' lang='lat' dir='ltr'><strong>pertinuisse</strong></span> <span class='ocrx_word' id='word_1_25' title='bbox 536 761 649 830; x_wconf 85' lang='lat' dir='ltr'><strong>asserit</strong></span> <span class='ocrx_word' id='word_1_26' title='bbox 658 788 667 848; x_wconf 83' lang='lat'>3</span> <span class='ocrx_word' id='word_1_27' title='bbox 688 762 775 830; x_wconf 80' lang='lat' dir='ltr'><strong>Cum</strong></span> <span class='ocrx_word' id='word_1_28' title='bbox 792 761 921 855; x_wconf 81' lang='lat' dir='ltr'><strong>(inquit)</strong></span> <span class='ocrx_word' id='word_1_29' title='bbox 941 763 1075 832; x_wconf 87' lang='lat' dir='ltr'><strong>illorum</strong></span> <span class='ocrx_word' id='word_1_30' title='bbox 1090 763 1127 832; x_wconf 83' lang='lat' dir='ltr'><strong>tt</strong></span> <span class='ocrx_word' id='word_1_31' title='bbox 1146 764 1250 856; x_wconf 89' lang='lat' dir='ltr'><strong>impe-</strong></span> 
     </span>
     <span class='ocr_line' id='line_1_5' title="bbox 101 865 1250 964; baseline 0.006 -32"><span class='ocrx_word' id='word_1_32' title='bbox 101 865 193 933; x_wconf 85' lang='lat' dir='ltr'><strong>rium</strong></span> <span class='ocrx_word' id='word_1_33' title='bbox 205 878 236 933; x_wconf 91' lang='lat' dir='ltr'><strong>et</strong></span> <span class='ocrx_word' id='word_1_34' title='bbox 245 865 509 956; x_wconf 84' lang='lat' dir='ltr'><strong>jurisdictionem</strong></span> <span class='ocrx_word' id='word_1_35' title='bbox 522 867 803 951; x_wconf 65' lang='lat' dir='ltr'><strong>administrarant,</strong></span> <span class='ocrx_word' id='word_1_36' title='bbox 821 883 1063 962; x_wconf 76' lang='lat' dir='ltr'><strong>crescerentque</strong></span> <span class='ocrx_word' id='word_1_37' title='bbox 1074 870 1108 939; x_wconf 92' lang='lat' dir='ltr'><strong>in</strong></span> <span class='ocrx_word' id='word_1_38' title='bbox 1115 871 1250 964; x_wconf 72' lang='lat' dir='ltr'><strong>presby-</strong></span> 
     </span>
     <span class='ocr_line' id='line_1_6' title="bbox 101 973 1250 1069; baseline 0.004 -27"><span class='ocrx_word' id='word_1_39' title='bbox 101 985 199 1056; x_wconf 88' lang='lat' dir='ltr'><strong>teros,</strong></span> <span class='ocrx_word' id='word_1_40' title='bbox 217 973 250 1040; x_wconf 89' lang='lat' dir='ltr'><strong>in</strong></span> <span class='ocrx_word' id='word_1_41' title='bbox 261 974 435 1066; x_wconf 76' lang='lat' dir='ltr'><em>parochos,</em></span> <span class='ocrx_word' id='word_1_42' title='bbox 450 987 481 1044; x_wconf 89' lang='lat' dir='ltr'><strong>et</strong></span> <span class='ocrx_word' id='word_1_43' title='bbox 491 976 528 1044; x_wconf 89' lang='lat' dir='ltr'><strong>in</strong></span> <span class='ocrx_word' id='word_1_44' title='bbox 538 977 835 1069; x_wconf 77' lang='lat' dir='ltr'><strong>archipresbyteros</strong></span> <span class='ocrx_word' id='word_1_45' title='bbox 849 979 935 1068; x_wconf 85' lang='lat' dir='ltr'><strong>ipsos</strong></span> <span class='ocrx_word' id='word_1_46' title='bbox 952 977 997 1069; x_wconf 89' lang='lat' dir='ltr'><strong>(n.</strong></span> <span class='ocrx_word' id='word_1_47' title='bbox 1014 977 1058 1068; x_wconf 90' lang='lat' dir='ltr'><strong>l).</strong></span> <span class='ocrx_word' id='word_1_48' title='bbox 1073 977 1250 1069; x_wconf 85' lang='lat' dir='ltr'><strong>Exponens</strong></span> 
     </span>
     <span class='ocr_line' id='line_1_7' title="bbox 100 1079 1249 1176; baseline 0.005 -28"><span class='ocrx_word' id='word_1_49' title='bbox 100 1089 212 1148; x_wconf 88' lang='lat' dir='ltr'><strong>antem</strong></span> <span class='ocrx_word' id='word_1_50' title='bbox 232 1105 297 1172; x_wconf 88' lang='lat' dir='ltr'><strong>qna</strong></span> <span class='ocrx_word' id='word_1_51' title='bbox 318 1079 358 1149; x_wconf 88' lang='lat' dir='ltr'><strong>de</strong></span> <span class='ocrx_word' id='word_1_52' title='bbox 377 1105 485 1171; x_wconf 87' lang='lat' dir='ltr'><strong>causa,</strong></span> <span class='ocrx_word' id='word_1_53' title='bbox 509 1105 574 1152; x_wconf 93' lang='lat' dir='ltr'><strong>non</strong></span> <span class='ocrx_word' id='word_1_54' title='bbox 598 1085 655 1176; x_wconf 92' lang='lat' dir='ltr'><strong>qni</strong></span> <span class='ocrx_word' id='word_1_55' title='bbox 678 1084 869 1176; x_wconf 78' lang='lat' dir='ltr'><strong>antiquitate</strong></span> <span class='ocrx_word' id='word_1_56' title='bbox 892 1085 977 1152; x_wconf 87' lang='lat' dir='ltr'><strong>inter</strong></span> <span class='ocrx_word' id='word_1_57' title='bbox 1004 1083 1168 1173; x_wconf 86' lang='lat' dir='ltr'><strong>diaconos,</strong></span> <span class='ocrx_word' id='word_1_58' title='bbox 1194 1086 1249 1154; x_wconf 91' lang='lat' dir='ltr'><strong>sed</strong></span> 
     </span>
     <span class='ocr_line' id='line_1_8' title="bbox 99 1187 1250 1282; baseline 0.005 -27"><span class='ocrx_word' id='word_1_59' title='bbox 99 1187 160 1279; x_wconf 90' lang='lat' dir='ltr'><strong>qni</strong></span> <span class='ocrx_word' id='word_1_60' title='bbox 177 1189 291 1280; x_wconf 85' lang='lat' dir='ltr'><strong>peritia</strong></span> <span class='ocrx_word' id='word_1_61' title='bbox 306 1190 480 1278; x_wconf 81' lang='lat' dir='ltr'><strong>eminebat,</strong></span> <span class='ocrx_word' id='word_1_62' title='bbox 499 1191 535 1259; x_wconf 94' lang='lat' dir='ltr'><strong>in</strong></span> <span class='ocrx_word' id='word_1_63' title='bbox 546 1191 824 1262; x_wconf 88' lang='lat' dir='ltr'><strong>Archidiaeonnm</strong></span> <span class='ocrx_word' id='word_1_64' title='bbox 839 1191 1028 1282; x_wconf 79' lang='lat' dir='ltr'><strong>eligeretur,</strong></span> <span class='ocrx_word' id='word_1_65' title='bbox 1045 1191 1128 1261; x_wconf 83' lang='lat' dir='ltr'><strong>hene</strong></span> <span class='ocrx_word' id='word_1_66' title='bbox 1148 1194 1250 1262; x_wconf 89' lang='lat' dir='ltr'><strong>ratio-</strong></span> 
     </span>
     <span class='ocr_line' id='line_1_9' title="bbox 98 1295 1249 1394; baseline 0.007 -32"><span class='ocrx_word' id='word_1_67' title='bbox 98 1317 177 1366; x_wconf 92' lang='lat' dir='ltr'><strong>nem</strong></span> <span class='ocrx_word' id='word_1_68' title='bbox 193 1295 305 1364; x_wconf 77' lang='lat' dir='ltr'><strong>effert:</strong></span> <span class='ocrx_word' id='word_1_69' title='bbox 324 1299 454 1391; x_wconf 80' lang='lat' dir='ltr'><strong>Quippe</strong></span> <span class='ocrx_word' id='word_1_70' title='bbox 467 1300 527 1392; x_wconf 87' lang='lat' dir='ltr'><strong>qui</strong></span> <span class='ocrx_word' id='word_1_71' title='bbox 536 1301 692 1392; x_wconf 84' lang='lat' dir='ltr'><strong>Episcopi</strong></span> <span class='ocrx_word' id='word_1_72' title='bbox 705 1301 819 1370; x_wconf 88' lang='lat' dir='ltr'><strong>oculus</strong></span> <span class='ocrx_word' id='word_1_73' title='bbox 832 1312 911 1369; x_wconf 90' lang='lat' dir='ltr'><strong>esset</strong></span> <span class='ocrx_word' id='word_1_74' title='bbox 923 1313 954 1369; x_wconf 90' lang='lat' dir='ltr'><strong>et</strong></span> <span class='ocrx_word' id='word_1_75' title='bbox 966 1322 1098 1384; x_wconf 83' lang='lat' dir='ltr'><strong>morsm,</strong></span> <span class='ocrx_word' id='word_1_76' title='bbox 1113 1302 1249 1394; x_wconf 87' lang='lat' dir='ltr'><strong>ejusque</strong></span> 
     </span>
     <span class='ocr_line' id='line_1_10' title="bbox 98 1405 1249 1500; baseline 0.007 -29"><span class='ocrx_word' id='word_1_77' title='bbox 98 1405 136 1471; x_wconf 86' lang='lat' dir='ltr'><strong>in</strong></span> <span class='ocrx_word' id='word_1_78' title='bbox 149 1405 346 1474; x_wconf 89' lang='lat' dir='ltr'><strong>contentioso</strong></span> <span class='ocrx_word' id='word_1_79' title='bbox 355 1406 595 1498; x_wconf 87' lang='lat' dir='ltr'><strong>jurisdictione,</strong></span> <span class='ocrx_word' id='word_1_80' title='bbox 613 1421 645 1476; x_wconf 87' lang='lat' dir='ltr'><strong>et</strong></span> <span class='ocrx_word' id='word_1_81' title='bbox 659 1407 848 1500; x_wconf 78' lang='lat' dir='ltr'><strong>rependere</strong></span> <span class='ocrx_word' id='word_1_82' title='bbox 868 1409 1083 1499; x_wconf 88' lang='lat' dir='ltr'><strong>temporario,</strong></span> <span class='ocrx_word' id='word_1_83' title='bbox 1102 1411 1249 1479; x_wconf 84' lang='lat' dir='ltr'><strong>minister</strong></span> 
     </span>
     <span class='ocr_line' id='line_1_11' title="bbox 98 1512 1248 1609; baseline 0.008 -31"><span class='ocrx_word' id='word_1_84' title='bbox 98 1523 132 1579; x_wconf 89' lang='lat' dir='ltr'><strong>ct</strong></span> <span class='ocrx_word' id='word_1_85' title='bbox 154 1512 302 1582; x_wconf 83' lang='lat' dir='ltr'><strong>Vicorius</strong></span> <span class='ocrx_word' id='word_1_86' title='bbox 322 1515 481 1605; x_wconf 81' lang='lat' dir='ltr'><strong>penerolis</strong></span> <span class='ocrx_word' id='word_1_87' title='bbox 500 1519 544 1608; x_wconf 89' lang='lat' dir='ltr'><strong>(n.</strong></span> <span class='ocrx_word' id='word_1_88' title='bbox 570 1516 614 1606; x_wconf 81' lang='lat'><strong>3).</strong></span> <span class='ocrx_word' id='word_1_89' title='bbox 633 1516 774 1600; x_wconf 83' lang='lat' dir='ltr'><strong>Quando</strong></span> <span class='ocrx_word' id='word_1_90' title='bbox 787 1515 897 1586; x_wconf 81' lang='lat' dir='ltr'><strong>scribit</strong></span> <span class='ocrx_word' id='word_1_91' title='bbox 912 1519 978 1585; x_wconf 91' lang='lat' dir='ltr'><strong>Leo</strong></span> <span class='ocrx_word' id='word_1_92' title='bbox 995 1519 1101 1609; x_wconf 87' lang='lat' dir='ltr'><strong>Papa,</strong></span> <span class='ocrx_word' id='word_1_93' title='bbox 1120 1519 1248 1587; x_wconf 85' lang='lat' dir='ltr'><strong>Anato-</strong></span> 
     </span>
     <span class='ocr_line' id='line_1_12' title="bbox 98 1619 1248 1715; baseline 0.008 -29"><span class='ocrx_word' id='word_1_94' title='bbox 98 1619 184 1686; x_wconf 85' lang='lat' dir='ltr'><strong>lium</strong></span> <span class='ocrx_word' id='word_1_95' title='bbox 216 1621 448 1692; x_wconf 83' lang='lat' dir='ltr'><strong>Arcbidiocono</strong></span> <span class='ocrx_word' id='word_1_96' title='bbox 485 1646 543 1692; x_wconf 87' lang='lat' dir='ltr'><strong>suo</strong></span> <span class='ocrx_word' id='word_1_97' title='bbox 574 1623 803 1693; x_wconf 78' lang='lat' dir='ltr'><strong>concredidisse</strong></span> <span class='ocrx_word' id='word_1_98' title='bbox 840 1623 1114 1715; x_wconf 80' lang='lat' dir='ltr'><strong>dispensationem</strong></span> <span class='ocrx_word' id='word_1_99' title='bbox 1149 1627 1248 1696; x_wconf 90' lang='lat' dir='ltr'><strong>totins</strong></span> 
     </span>
     <span class='ocr_line' id='line_1_13' title="bbox 97 1731 1247 1824; baseline 0.007 -30"><span class='ocrx_word' id='word_1_100' title='bbox 97 1749 208 1796; x_wconf 77' lang='lat' dir='ltr'><strong>causis</strong></span> <span class='ocrx_word' id='word_1_101' title='bbox 230 1737 262 1797; x_wconf 90' lang='lat' dir='ltr'><strong>et</strong></span> <span class='ocrx_word' id='word_1_102' title='bbox 281 1753 368 1800; x_wconf 77' lang='lat' dir='ltr'><strong>enses</strong></span> <span class='ocrx_word' id='word_1_103' title='bbox 390 1732 625 1820; x_wconf 71' lang='lat' dir='ltr'><strong>ecclesiastice,</strong></span> <span class='ocrx_word' id='word_1_104' title='bbox 650 1733 700 1801; x_wconf 90' lang='lat' dir='ltr'><strong>ito</strong></span> <span class='ocrx_word' id='word_1_105' title='bbox 720 1731 804 1802; x_wconf 79' lang='lat' dir='ltr'><strong>miii</strong></span> <span class='ocrx_word' id='word_1_106' title='bbox 828 1731 961 1824; x_wconf 85' lang='lat' dir='ltr'><strong>quidem</strong></span> <span class='ocrx_word' id='word_1_107' title='bbox 984 1732 1247 1824; x_wconf 84' lang='lat' dir='ltr'><strong>interpretandus</strong></span> 
     </span>
     <span class='ocr_line' id='line_1_14' title="bbox 98 1838 1249 1933; baseline 0.002 -25"><span class='ocrx_word' id='word_1_108' title='bbox 98 1838 240 1922; x_wconf 88' lang='lat' dir='ltr'><strong>videtur,</strong></span> <span class='ocrx_word' id='word_1_109' title='bbox 261 1853 298 1907; x_wconf 88' lang='lat' dir='ltr'><strong>ut</strong></span> <span class='ocrx_word' id='word_1_110' title='bbox 313 1841 587 1912; x_wconf 76' lang='lat' dir='ltr'><strong>Archidioconum</strong></span> <span class='ocrx_word' id='word_1_111' title='bbox 598 1842 705 1933; x_wconf 85' lang='lat' dir='ltr'><strong>sociat</strong></span> <span class='ocrx_word' id='word_1_112' title='bbox 722 1839 823 1909; x_wconf 88' lang='lat' dir='ltr'><strong>totius</strong></span> <span class='ocrx_word' id='word_1_113' title='bbox 839 1839 1074 1908; x_wconf 86' lang='lat' dir='ltr'><strong>administrum</strong></span> <span class='ocrx_word' id='word_1_114' title='bbox 1086 1841 1249 1930; x_wconf 86' lang='lat' dir='ltr'><strong>jurisdic-</strong></span> 
     </span>
     <span class='ocr_line' id='line_1_15' title="bbox 99 1947 1249 2038; baseline 0.002 -24"><span class='ocrx_word' id='word_1_115' title='bbox 99 1947 202 2014; x_wconf 86' lang='lat' dir='ltr'><strong>tionis</strong></span> <span class='ocrx_word' id='word_1_116' title='bbox 225 1949 260 2014; x_wconf 88' lang='lat' dir='ltr'><strong>in</strong></span> <span class='ocrx_word' id='word_1_117' title='bbox 283 1949 389 2016; x_wconf 85' lang='lat' dir='ltr'><strong>causis</strong></span> <span class='ocrx_word' id='word_1_118' title='bbox 411 1950 639 2030; x_wconf 81' lang='lat' dir='ltr'><strong>ecclesiasticis,</strong></span> <span class='ocrx_word' id='word_1_119' title='bbox 665 1971 790 2016; x_wconf 76' lang='lat' dir='ltr'><strong>causae:</strong></span> <span class='ocrx_word' id='word_1_120' title='bbox 813 1961 842 2016; x_wconf 90' lang='lat' dir='ltr'><strong>et</strong></span> <span class='ocrx_word' id='word_1_121' title='bbox 862 1947 1117 2038; x_wconf 78' lang='lat' dir='ltr'><strong>dispensatorem</strong></span> <span class='ocrx_word' id='word_1_122' title='bbox 1138 1970 1249 2016; x_wconf 87' lang='lat' dir='ltr'><strong>rerum</strong></span> 
     </span>
     <span class='ocr_line' id='line_1_16' title="bbox 98 2053 1249 2146; baseline 0.003 -26"><span class='ocrx_word' id='word_1_123' title='bbox 98 2053 331 2146; x_wconf 79' lang='lat' dir='ltr'><strong>redituumque</strong></span> <span class='ocrx_word' id='word_1_124' title='bbox 347 2055 589 2146; x_wconf 86' lang='lat' dir='ltr'><strong>temporalium,</strong></span> <span class='ocrx_word' id='word_1_125' title='bbox 607 2079 695 2124; x_wconf 77' lang='lat' dir='ltr'><strong>curce</strong></span> <span class='ocrx_word' id='word_1_126' title='bbox 712 2055 935 2124; x_wconf 72' lang='lat' dir='ltr'><strong>ecclesiastice</strong></span> <span class='ocrx_word' id='word_1_127' title='bbox 953 2054 1051 2144; x_wconf 76' lang='lat' dir='ltr'><strong>(nt).</strong></span> <span class='ocrx_word' id='word_1_128' title='bbox 1067 2054 1249 2124; x_wconf 84' lang='lat' dir='ltr'><strong>Concilium</strong></span> 
     </span>
     <span class='ocr_line' id='line_1_17' title="bbox 97 2160 1248 2253; baseline 0.002 -26"><span class='ocrx_word' id='word_1_129' title='bbox 97 2160 294 2230; x_wconf 86' lang='lat' dir='ltr'><strong>Toletsnum</strong></span> <span class='ocrx_word' id='word_1_130' title='bbox 309 2172 382 2253; x_wconf 88' lang='lat' dir='ltr'><strong>post</strong></span> <span class='ocrx_word' id='word_1_131' title='bbox 394 2163 481 2231; x_wconf 89' lang='lat' dir='ltr'><strong>edita</strong></span> <span class='ocrx_word' id='word_1_132' title='bbox 497 2165 601 2232; x_wconf 90' lang='lat' dir='ltr'><strong>multa</strong></span> <span class='ocrx_word' id='word_1_133' title='bbox 616 2163 755 2249; x_wconf 87' lang='lat' dir='ltr'><strong>decreta,</strong></span> <span class='ocrx_word' id='word_1_134' title='bbox 773 2161 819 2229; x_wconf 91' lang='lat' dir='ltr'><strong>sic</strong></span> <span class='ocrx_word' id='word_1_135' title='bbox 832 2161 944 2229; x_wconf 88' lang='lat' dir='ltr'><strong>statuit</strong></span> <span class='ocrx_word' id='word_1_136' title='bbox 959 2183 1081 2229; x_wconf 81' lang='lat' dir='ltr'><strong>canone</strong></span> <span class='ocrx_word' id='word_1_137' title='bbox 1094 2165 1156 2228; x_wconf 86' lang='lat'><strong>20:</strong></span> <span class='ocrx_word' id='word_1_138' title='bbox 1177 2165 1248 2229; x_wconf 86' lang='lat' dir='ltr'><strong>Hu-</strong></span> 
     </span>
     <span class='ocr_line' id='line_1_18' title="bbox 92 2268 1251 2363; baseline 0.003 -27"><span class='ocrx_word' id='word_1_139' title='bbox 92 2268 251 2360; x_wconf 86' lang='lat' dir='ltr'><strong>jusmodi</strong></span> <span class='ocrx_word' id='word_1_140' title='bbox 267 2271 530 2340; x_wconf 85' lang='lat' dir='ltr'><strong>constitutionem</strong></span> <span class='ocrx_word' id='word_1_141' title='bbox 554 2294 681 2363; x_wconf 88' lang='lat' dir='ltr'><strong>semper</strong></span> <span class='ocrx_word' id='word_1_142' title='bbox 703 2270 889 2339; x_wconf 89' lang='lat' dir='ltr'><strong>meminerit</strong></span> <span class='ocrx_word' id='word_1_143' title='bbox 917 2268 1172 2337; x_wconf 81' lang='lat' dir='ltr'><strong>Arcbidiooonus</strong></span> <span class='ocrx_word' id='word_1_144' title='bbox 1198 2271 1251 2340; x_wconf 87' lang='lat' dir='ltr'><strong>vel</strong></span> 
     </span>
     <span class='ocr_line' id='line_1_19' title="bbox 96 2375 1247 2472; baseline 0.002 -28"><span class='ocrx_word' id='word_1_145' title='bbox 96 2377 315 2467; x_wconf 77' lang='lat' dir='ltr'><strong>presentibus</strong></span> <span class='ocrx_word' id='word_1_146' title='bbox 329 2380 382 2447; x_wconf 85' lang='lat' dir='ltr'><strong>vel</strong></span> <span class='ocrx_word' id='word_1_147' title='bbox 390 2379 572 2448; x_wconf 83' lang='lat' dir='ltr'><strong>absentibus</strong></span> <span class='ocrx_word' id='word_1_148' title='bbox 584 2379 753 2472; x_wconf 89' lang='lat' dir='ltr'><strong>Episcopis</strong></span> <span class='ocrx_word' id='word_1_149' title='bbox 764 2375 1013 2468; x_wconf 77' lang='lat' dir='ltr'><strong>supponendum,</strong></span> <span class='ocrx_word' id='word_1_150' title='bbox 1026 2388 1064 2444; x_wconf 90' lang='lat' dir='ltr'><strong>ut</strong></span> <span class='ocrx_word' id='word_1_151' title='bbox 1080 2398 1154 2444; x_wconf 88' lang='lat' dir='ltr'><strong>eom</strong></span> <span class='ocrx_word' id='word_1_152' title='bbox 1164 2378 1247 2468; x_wconf 87' lang='lat' dir='ltr'><strong>Epi-</strong></span> 
     </span>
     <span class='ocr_line' id='line_1_20' title="bbox 98 2483 1246 2579; baseline 0 -27"><span class='ocrx_word' id='word_1_153' title='bbox 98 2485 192 2574; x_wconf 90' lang='lat' dir='ltr'><strong>scopi</strong></span> <span class='ocrx_word' id='word_1_154' title='bbox 204 2485 397 2569; x_wconf 85' lang='lat' dir='ltr'><strong>cnstodiout,</strong></span> <span class='ocrx_word' id='word_1_155' title='bbox 413 2500 444 2556; x_wconf 87' lang='lat' dir='ltr'><strong>et</strong></span> <span class='ocrx_word' id='word_1_156' title='bbox 458 2487 641 2579; x_wconf 78' lang='lat' dir='ltr'><strong>presbyteri</strong></span> <span class='ocrx_word' id='word_1_157' title='bbox 658 2509 724 2554; x_wconf 91' lang='lat' dir='ltr'><strong>non</strong></span> <span class='ocrx_word' id='word_1_158' title='bbox 745 2485 944 2576; x_wconf 78' lang='lat' dir='ltr'><strong>relinquant.</strong></span> <span class='ocrx_word' id='word_1_159' title='bbox 964 2483 1068 2565; x_wconf 84' lang='lat' dir='ltr'><strong>Quem</strong></span> <span class='ocrx_word' id='word_1_160' title='bbox 1088 2505 1246 2554; x_wconf 86' lang='lat' dir='ltr'><strong>canonem</strong></span> 
     </span>
     <span class='ocr_line' id='line_1_21' title="bbox 96 2590 1247 2662; baseline 0.002 -5"><span class='ocrx_word' id='word_1_161' title='bbox 96 2590 245 2659; x_wconf 85' lang='lat' dir='ltr'><strong>referens</strong></span> <span class='ocrx_word' id='word_1_162' title='bbox 257 2591 491 2662; x_wconf 85' lang='lat' dir='ltr'><strong>Themessinus</strong></span> <span class='ocrx_word' id='word_1_163' title='bbox 504 2593 615 2662; x_wconf 87' lang='lat' dir='ltr'><strong>addit:</strong></span> <span class='ocrx_word' id='word_1_164' title='bbox 632 2595 710 2662; x_wconf 75' lang='lat' dir='ltr'><strong>Hac</strong></span> <span class='ocrx_word' id='word_1_165' title='bbox 723 2615 800 2661; x_wconf 90' lang='lat' dir='ltr'><strong>sone</strong></span> <span class='ocrx_word' id='word_1_166' title='bbox 818 2591 1014 2660; x_wconf 86' lang='lat' dir='ltr'><strong>documento</strong></span> <span class='ocrx_word' id='word_1_167' title='bbox 1030 2603 1106 2658; x_wconf 87' lang='lat' dir='ltr'><strong>sunt</strong></span> <span class='ocrx_word' id='word_1_168' title='bbox 1123 2591 1247 2660; x_wconf 78' lang='lat' dir='ltr'><strong>cutio-</strong></span> 
     </span>
     <span class='ocr_line' id='line_1_22' title="bbox 98 2698 1001 2792; baseline 0.001 -27"><span class='ocrx_word' id='word_1_169' title='bbox 98 2699 213 2766; x_wconf 87' lang='lat' dir='ltr'><strong>ritotis</strong></span> <span class='ocrx_word' id='word_1_170' title='bbox 225 2699 537 2769; x_wconf 76' lang='lat' dir='ltr'><strong>Archidioconorum</strong></span> <span class='ocrx_word' id='word_1_171' title='bbox 556 2701 713 2770; x_wconf 83' lang='lat' dir='ltr'><strong>latissime</strong></span> <span class='ocrx_word' id='word_1_172' title='bbox 731 2700 877 2792; x_wconf 86' lang='lat' dir='ltr'><strong>potentis</strong></span> <span class='ocrx_word' id='word_1_173' title='bbox 894 2698 938 2789; x_wconf 87' lang='lat' dir='ltr'><strong>(n.</strong></span> <span class='ocrx_word' id='word_1_174' title='bbox 958 2701 1001 2791; x_wconf 87' lang='lat'><strong>8).</strong></span> 
     </span>
    </p>

    <p class='ocr_par' dir='ltr' id='par_1_3' title="bbox 93 2807 1246 3416">
     <span class='ocr_line' id='line_1_23' title="bbox 145 2807 1246 2902; baseline 0.001 -25"><span class='ocrx_word' id='word_1_175' title='bbox 145 2807 253 2877; x_wconf 90' lang='lat' dir='ltr'><strong>Simul</strong></span> <span class='ocrx_word' id='word_1_176' title='bbox 268 2819 379 2878; x_wconf 88' lang='lat' dir='ltr'><strong>antem</strong></span> <span class='ocrx_word' id='word_1_177' title='bbox 395 2809 481 2880; x_wconf 88' lang='lat' dir='ltr'><strong>idem</strong></span> <span class='ocrx_word' id='word_1_178' title='bbox 496 2819 609 2880; x_wconf 88' lang='lat' dir='ltr'><strong>auctor</strong></span> <span class='ocrx_word' id='word_1_179' title='bbox 622 2809 738 2902; x_wconf 85' lang='lat' dir='ltr'><strong>probat</strong></span> <span class='ocrx_word' id='word_1_180' title='bbox 758 2808 989 2878; x_wconf 84' lang='lat' dir='ltr'><strong>Archidieconi</strong></span> <span class='ocrx_word' id='word_1_181' title='bbox 1005 2807 1154 2878; x_wconf 85' lang='lat' dir='ltr'><strong>officinm</strong></span> <span class='ocrx_word' id='word_1_182' title='bbox 1172 2832 1246 2900; x_wconf 88' lang='lat' dir='ltr'><strong>per-</strong></span> 
     </span>
     <span class='ocr_line' id='line_1_24' title="bbox 97 2914 1242 3007; baseline 0.002 -25"><span class='ocrx_word' id='word_1_183' title='bbox 97 2923 235 3007; x_wconf 85' lang='lat' dir='ltr'><strong>petuum</strong></span> <span class='ocrx_word' id='word_1_184' title='bbox 265 2917 376 3004; x_wconf 85' lang='lat' dir='ltr'><strong>inisse,</strong></span> <span class='ocrx_word' id='word_1_185' title='bbox 404 2941 470 2986; x_wconf 91' lang='lat' dir='ltr'><strong>non</strong></span> <span class='ocrx_word' id='word_1_186' title='bbox 496 2925 605 2987; x_wconf 86' lang='lat' dir='ltr'><strong>entem</strong></span> <span class='ocrx_word' id='word_1_187' title='bbox 633 2939 758 2984; x_wconf 90' lang='lat' dir='ltr'><strong>meram</strong></span> <span class='ocrx_word' id='word_1_188' title='bbox 793 2915 1030 3005; x_wconf 80' lang='lat' dir='ltr'><strong>delegationem</strong></span> <span class='ocrx_word' id='word_1_189' title='bbox 1056 2914 1095 2984; x_wconf 91' lang='lat' dir='ltr'><strong>ad</strong></span> <span class='ocrx_word' id='word_1_190' title='bbox 1124 2922 1242 2984; x_wconf 89' lang='lat' dir='ltr'><strong>nutum</strong></span> 
     </span>
     <span class='ocr_line' id='line_1_25' title="bbox 97 3022 1246 3115; baseline 0.002 -25"><span class='ocrx_word' id='word_1_191' title='bbox 97 3022 328 3092; x_wconf 82' lang='lat' dir='ltr'><strong>revocabilem.</strong></span> <span class='ocrx_word' id='word_1_192' title='bbox 348 3024 632 3108; x_wconf 84' lang='lat' dir='ltr'><strong>Arcbidioconum,</strong></span> <span class='ocrx_word' id='word_1_193' title='bbox 650 3022 768 3115; x_wconf 90' lang='lat' dir='ltr'><strong>inquit,</strong></span> <span class='ocrx_word' id='word_1_194' title='bbox 786 3023 965 3114; x_wconf 82' lang='lat' dir='ltr'><strong>Episcopus</strong></span> <span class='ocrx_word' id='word_1_195' title='bbox 977 3023 1148 3092; x_wconf 85' lang='lat' dir='ltr'><strong>instituere</strong></span> <span class='ocrx_word' id='word_1_196' title='bbox 1160 3024 1246 3092; x_wconf 87' lang='lat' dir='ltr'><strong>solus</strong></span> 
     </span>
     <span class='ocr_line' id='line_1_26' title="bbox 93 3129 1246 3220; baseline 0.001 -23"><span class='ocrx_word' id='word_1_197' title='bbox 93 3142 231 3220; x_wconf 83' lang='lat' dir='ltr'><strong>poterat</strong></span> <span class='ocrx_word' id='word_1_198' title='bbox 241 3156 255 3215; x_wconf 93' lang='lat'><strong>,·</strong></span> <span class='ocrx_word' id='word_1_199' title='bbox 268 3130 439 3201; x_wconf 87' lang='lat' dir='ltr'><strong>destituere</strong></span> <span class='ocrx_word' id='word_1_200' title='bbox 455 3145 485 3200; x_wconf 88' lang='lat' dir='ltr'><strong>et</strong></span> <span class='ocrx_word' id='word_1_201' title='bbox 499 3132 719 3201; x_wconf 80' lang='lat' dir='ltr'><strong>ccoutlcorore</strong></span> <span class='ocrx_word' id='word_1_202' title='bbox 732 3129 820 3198; x_wconf 85' lang='lat' dir='ltr'><strong>solus</strong></span> <span class='ocrx_word' id='word_1_203' title='bbox 831 3153 896 3198; x_wconf 89' lang='lat' dir='ltr'><strong>non</strong></span> <span class='ocrx_word' id='word_1_204' title='bbox 905 3141 1049 3220; x_wconf 83' lang='lat' dir='ltr'><strong>poterat,</strong></span> <span class='ocrx_word' id='word_1_205' title='bbox 1061 3131 1131 3199; x_wconf 89' lang='lat' dir='ltr'><strong>sine</strong></span> <span class='ocrx_word' id='word_1_206' title='bbox 1145 3153 1246 3200; x_wconf 86' lang='lat' dir='ltr'><strong>conso</strong></span> 
     </span>
     <span class='ocr_line' id='line_1_27' title="bbox 98 3235 1246 3332; baseline 0.001 -28"><span class='ocrx_word' id='word_1_207' title='bbox 98 3249 130 3306; x_wconf 88' lang='lat' dir='ltr'><strong>et</strong></span> <span class='ocrx_word' id='word_1_208' title='bbox 144 3237 213 3306; x_wconf 89' lang='lat' dir='ltr'><strong>sine</strong></span> <span class='ocrx_word' id='word_1_209' title='bbox 224 3239 336 3330; x_wconf 76' lang='lat' dir='ltr'><strong>fipuro</strong></span> <span class='ocrx_word' id='word_1_210' title='bbox 348 3239 482 3330; x_wconf 88' lang='lat' dir='ltr'><strong>judicii.</strong></span> <span class='ocrx_word' id='word_1_211' title='bbox 499 3241 551 3309; x_wconf 87' lang='lat' dir='ltr'><strong>Ad</strong></span> <span class='ocrx_word' id='word_1_212' title='bbox 568 3238 656 3332; x_wconf 88' lang='lat' dir='ltr'><strong>qnod</strong></span> <span class='ocrx_word' id='word_1_213' title='bbox 678 3235 877 3307; x_wconf 88' lang='lat' dir='ltr'><strong>firmandum</strong></span> <span class='ocrx_word' id='word_1_214' title='bbox 892 3237 985 3306; x_wconf 82' lang='lat' dir='ltr'><strong>varia</strong></span> <span class='ocrx_word' id='word_1_215' title='bbox 1002 3237 1197 3308; x_wconf 86' lang='lat' dir='ltr'><strong>documenta</strong></span> <span class='ocrx_word' id='word_1_216' title='bbox 1212 3239 1246 3305; x_wconf 90' lang='lat' dir='ltr'><strong>in</strong></span> 
     </span>
     <span class='ocr_line' id='line_1_28' title="bbox 98 3344 408 3416; baseline 0.01 -4"><span class='ocrx_word' id='word_1_217' title='bbox 98 3344 250 3413; x_wconf 86' lang='lat' dir='ltr'><strong>medinm</strong></span> <span class='ocrx_word' id='word_1_218' title='bbox 266 3345 408 3416; x_wconf 80' lang='lat' dir='ltr'><strong>adducit.</strong></span> 
     </span>
    </p>

    <p class='ocr_par' dir='ltr' id='par_1_4' title="bbox 98 3451 1247 4082">
     <span class='ocr_line' id='line_1_29' title="bbox 146 3451 1246 3544; baseline 0 -24"><span class='ocrx_word' id='word_1_219' title='bbox 146 3452 233 3543; x_wconf 83' lang='lat' dir='ltr'><strong>Ergo</strong></span> <span class='ocrx_word' id='word_1_220' title='bbox 249 3453 333 3522; x_wconf 88' lang='lat' dir='ltr'><strong>sient</strong></span> <span class='ocrx_word' id='word_1_221' title='bbox 357 3453 453 3523; x_wconf 90' lang='lat' dir='ltr'><strong>bodie</strong></span> <span class='ocrx_word' id='word_1_222' title='bbox 471 3453 623 3524; x_wconf 88' lang='lat' dir='ltr'><strong>Vicarins</strong></span> <span class='ocrx_word' id='word_1_223' title='bbox 645 3451 819 3544; x_wconf 82' lang='lat' dir='ltr'><strong>generalis,</strong></span> <span class='ocrx_word' id='word_1_224' title='bbox 834 3451 880 3520; x_wconf 89' lang='lat' dir='ltr'><strong>sie</strong></span> <span class='ocrx_word' id='word_1_225' title='bbox 895 3473 914 3520; x_wconf 85' lang='lat' dir='ltr'><strong>e</strong></span> <span class='ocrx_word' id='word_1_226' title='bbox 929 3451 1022 3520; x_wconf 83' lang='lat' dir='ltr'><strong>vnlde</strong></span> <span class='ocrx_word' id='word_1_227' title='bbox 1047 3462 1173 3524; x_wconf 86' lang='lat' dir='ltr'><strong>remota</strong></span> <span class='ocrx_word' id='word_1_228' title='bbox 1186 3475 1246 3521; x_wconf 88' lang='lat' dir='ltr'><strong>an-</strong></span> 
     </span>
     <span class='ocr_line' id='line_1_30' title="bbox 99 3558 1247 3652; baseline 0.003 -26"><span class='ocrx_word' id='word_1_229' title='bbox 99 3558 247 3650; x_wconf 85' lang='lat' dir='ltr'><strong>tiquitate</strong></span> <span class='ocrx_word' id='word_1_230' title='bbox 268 3560 537 3648; x_wconf 82' lang='lat' dir='ltr'><strong>Archidiaconus,</strong></span> <span class='ocrx_word' id='word_1_231' title='bbox 553 3561 616 3630; x_wconf 89' lang='lat' dir='ltr'><strong>fnit</strong></span> <span class='ocrx_word' id='word_1_232' title='bbox 635 3560 739 3652; x_wconf 83' lang='lat' dir='ltr'><strong>judex</strong></span> <span class='ocrx_word' id='word_1_233' title='bbox 761 3559 965 3647; x_wconf 82' lang='lat' dir='ltr'><strong>ordinarius3</strong></span> <span class='ocrx_word' id='word_1_234' title='bbox 982 3560 1015 3629; x_wconf 90' lang='lat' dir='ltr'><strong>vi</strong></span> <span class='ocrx_word' id='word_1_235' title='bbox 1036 3582 1151 3652; x_wconf 86' lang='lat' dir='ltr'><strong>nempe</strong></span> <span class='ocrx_word' id='word_1_236' title='bbox 1168 3559 1247 3629; x_wconf 87' lang='lat' dir='ltr'><strong>effi-</strong></span> 
     </span>
     <span class='ocr_line' id='line_1_31' title="bbox 98 3665 1243 3759; baseline 0.003 -27"><span class='ocrx_word' id='word_1_237' title='bbox 98 3665 146 3732; x_wconf 90' lang='lat' dir='ltr'><strong>cii</strong></span> <span class='ocrx_word' id='word_1_238' title='bbox 168 3666 219 3734; x_wconf 90' lang='lat' dir='ltr'><strong>sni</strong></span> <span class='ocrx_word' id='word_1_239' title='bbox 232 3666 494 3757; x_wconf 87' lang='lat' dir='ltr'><strong>jurisdictionem</strong></span> <span class='ocrx_word' id='word_1_240' title='bbox 507 3667 740 3736; x_wconf 89' lang='lat' dir='ltr'><strong>contentiosam</strong></span> <span class='ocrx_word' id='word_1_241' title='bbox 757 3667 889 3735; x_wconf 86' lang='lat' dir='ltr'><strong>nomine</strong></span> <span class='ocrx_word' id='word_1_242' title='bbox 906 3667 1058 3759; x_wconf 87' lang='lat' dir='ltr'><strong>Episcopi</strong></span> <span class='ocrx_word' id='word_1_243' title='bbox 1069 3689 1243 3736; x_wconf 85' lang='lat' dir='ltr'><strong>exercens:</strong></span> 
     </span>
     <span class='ocr_line' id='line_1_32' title="bbox 100 3772 1246 3866; baseline 0.005 -27"><span class='ocrx_word' id='word_1_244' title='bbox 100 3795 178 3842; x_wconf 88' lang='lat' dir='ltr'><strong>cum</strong></span> <span class='ocrx_word' id='word_1_245' title='bbox 209 3773 269 3842; x_wconf 91' lang='lat' dir='ltr'><strong>boc</strong></span> <span class='ocrx_word' id='word_1_246' title='bbox 289 3783 396 3843; x_wconf 87' lang='lat' dir='ltr'><strong>temen</strong></span> <span class='ocrx_word' id='word_1_247' title='bbox 426 3775 626 3862; x_wconf 88' lang='lat' dir='ltr'><strong>discrimine,</strong></span> <span class='ocrx_word' id='word_1_248' title='bbox 651 3775 738 3866; x_wconf 89' lang='lat' dir='ltr'><strong>qnod</strong></span> <span class='ocrx_word' id='word_1_249' title='bbox 762 3772 911 3844; x_wconf 88' lang='lat' dir='ltr'><strong>hodierni</strong></span> <span class='ocrx_word' id='word_1_250' title='bbox 935 3772 1058 3843; x_wconf 86' lang='lat' dir='ltr'><strong>Viearii</strong></span> <span class='ocrx_word' id='word_1_251' title='bbox 1080 3775 1246 3865; x_wconf 84' lang='lat' dir='ltr'><strong>generales</strong></span> 
     </span>
     <span class='ocr_line' id='line_1_33' title="bbox 100 3880 1244 3976; baseline 0.003 -26"><span class='ocrx_word' id='word_1_252' title='bbox 100 3883 169 3950; x_wconf 90' lang='lat' dir='ltr'><strong>sint</strong></span> <span class='ocrx_word' id='word_1_253' title='bbox 191 3880 232 3949; x_wconf 86' lang='lat' dir='ltr'><strong>ad</strong></span> <span class='ocrx_word' id='word_1_254' title='bbox 256 3889 373 3951; x_wconf 88' lang='lat' dir='ltr'><strong>nutum</strong></span> <span class='ocrx_word' id='word_1_255' title='bbox 394 3881 547 3976; x_wconf 88' lang='lat' dir='ltr'><strong>Episcopi</strong></span> <span class='ocrx_word' id='word_1_256' title='bbox 566 3882 776 3970; x_wconf 88' lang='lat' dir='ltr'><strong>revocabiles,</strong></span> <span class='ocrx_word' id='word_1_257' title='bbox 802 3881 1117 3952; x_wconf 83' lang='lat' dir='ltr'><strong>Archidieconornm</strong></span> <span class='ocrx_word' id='word_1_258' title='bbox 1136 3892 1244 3954; x_wconf 86' lang='lat' dir='ltr'><strong>entem</strong></span> 
     </span>
     <span class='ocr_line' id='line_1_34' title="bbox 102 3988 587 4082; baseline 0.004 -26"><span class='ocrx_word' id='word_1_259' title='bbox 102 3988 251 4057; x_wconf 78' lang='lat' dir='ltr'><strong>officium</strong></span> <span class='ocrx_word' id='word_1_260' title='bbox 266 3989 364 4058; x_wconf 82' lang='lat' dir='ltr'><strong>bresit</strong></span> <span class='ocrx_word' id='word_1_261' title='bbox 382 3998 587 4082; x_wconf 87' lang='lat' dir='ltr'><strong>perpetuum.</strong></span> 
     </span>
    </p>

    <p class='ocr_par' dir='ltr' id='par_1_5' title="bbox 103 4095 1246 4298">
     <span class='ocr_line' id='line_1_35' title="bbox 149 4095 1243 4189; baseline 0.003 -26"><span class='ocrx_word' id='word_1_262' title='bbox 149 4095 227 4165; x_wconf 86' lang='lat' dir='ltr'><strong>Tele</strong></span> <span class='ocrx_word' id='word_1_263' title='bbox 241 4105 347 4166; x_wconf 89' lang='lat' dir='ltr'><strong>sutem</strong></span> <span class='ocrx_word' id='word_1_264' title='bbox 368 4121 434 4166; x_wconf 91' lang='lat' dir='ltr'><strong>non</strong></span> <span class='ocrx_word' id='word_1_265' title='bbox 451 4097 513 4165; x_wconf 89' lang='lat' dir='ltr'><strong>fnit</strong></span> <span class='ocrx_word' id='word_1_266' title='bbox 533 4096 566 4164; x_wconf 91' lang='lat' dir='ltr'><strong>in</strong></span> <span class='ocrx_word' id='word_1_267' title='bbox 582 4097 697 4189; x_wconf 90' lang='lat' dir='ltr'><strong>primis</strong></span> <span class='ocrx_word' id='word_1_268' title='bbox 711 4099 845 4167; x_wconf 90' lang='lat' dir='ltr'><strong>omnino</strong></span> <span class='ocrx_word' id='word_1_269' title='bbox 861 4096 1074 4166; x_wconf 83' lang='lat' dir='ltr'><strong>Ecclesiarum</strong></span> <span class='ocrx_word' id='word_1_270' title='bbox 1090 4097 1243 4167; x_wconf 82' lang='lat' dir='ltr'><strong>exordiis.</strong></span> 
     </span>
     <span class='ocr_line' id='line_1_36' title="bbox 103 4202 1246 4298; baseline 0.002 -24"><span class='ocrx_word' id='word_1_271' title='bbox 103 4202 303 4274; x_wconf 76' lang='lat' dir='ltr'><strong>Existimant</strong></span> <span class='ocrx_word' id='word_1_272' title='bbox 318 4205 405 4274; x_wconf 89' lang='lat' dir='ltr'><strong>enim</strong></span> <span class='ocrx_word' id='word_1_273' title='bbox 421 4205 638 4277; x_wconf 83' lang='lat' dir='ltr'><strong>communiter</strong></span> <span class='ocrx_word' id='word_1_274' title='bbox 653 4203 798 4273; x_wconf 90' lang='lat' dir='ltr'><strong>doctores</strong></span> <span class='ocrx_word' id='word_1_275' title='bbox 813 4227 926 4292; x_wconf 75' lang='lat' dir='ltr'><strong>cerum</strong></span> <span class='ocrx_word' id='word_1_276' title='bbox 949 4211 1137 4298; x_wconf 86' lang='lat' dir='ltr'><strong>potestatem</strong></span> <span class='ocrx_word' id='word_1_277' title='bbox 1156 4205 1246 4276; x_wconf 90' lang='lat' dir='ltr'><strong>initio</strong></span> 
     </span>
    </p>
   </div>
   <div class='ocr_carea' id='block_1_3' title="bbox 0 0 1520 4980">
    <p class='ocr_par' dir='ltr' id='par_1_6' title="bbox 0 0 1520 4980">
     <span class='ocr_line' id='line_1_37' title="bbox 0 0 1520 4980; baseline 0 0"><span class='ocrx_word' id='word_1_278' title='bbox 0 0 1520 4980; x_wconf 95' lang='lat' dir='ltr'><strong> </strong></span> 
     </span>
    </p>
   </div>
  </div>
 </body>
</html>
