3046 4962
268 433 285 500 8
643 459 819 506 ’reuertens
842 461 880 506 nu
902 457 1035 507 runicus

260 577 414 669 loquendi
435 581 651 649 communiter
670 587 810 672 recepto,
825 581 987 673 judicium
1004 581 1114 650 stricto
1139 603 1237 652 sensu
1256 589 1400 652 vocetur.
1513 553 1514 646 ἶ

263 684 316 753 Sit
331 685 566 777 inexemplum
580 687 752 779 praelectus
768 687 921 774 militnm,
938 687 1176 779 velprovincire
1192 689 1403 779 gubernator,

262 792 319 883 qni
334 793 387 861 vel
403 792 525 880 militis,
538 794 589 862 vel
604 793 737 863 alterins
749 793 964 864 malefactoris
975 794 1127 864 delictum
1142 795 1326 882 advertens,
1343 797 1404 865 de-

261 897 361 970 bilem
376 900 411 969 in
425 923 501 971 eum
516 923 646 992 poeuam
662 900 827 970 decernit:
845 900 878 968 id
892 901 1026 991 quidem
1038 901 1178 992 justitie
1197 909 1299 990 ectus,
1314 901 1405 992 judi·

261 1006 348 1075 cium
367 1029 444 1076 vero
465 1007 599 1076 minime
620 1007 802 1076 vocabitur.
820 1005 872 1076 Ad
886 1006 1047 1098 judicium
1067 1029 1146 1096 ergo
1164 1008 1272 1078 stricte
1287 1031 1405 1100 enmp-
1514 1031 1515 1086 ς

261 1123 331 1184 tum
351 1115 529 1206 requiritur
553 1115 672 1208 uliquis
691 1139 711 1184 a
727 1114 836 1206 judice
856 1113 1028 1184 distinctus
1050 1127 1143 1184 actor
1159 1141 1169 1182 :
1186 1137 1252 1207 quo
1274 1116 1405 1184 nomine

263 1223 371 1291 vocari
387 1222 467 1292 solet
480 1221 534 1291 ille
549 1222 606 1313 qui
621 1220 749 1314 aliquid
763 1221 961 1314 judicialiter
976 1222 1181 1313 pronuntiari
1196 1221 1349 1314 postulet.
1366 1225 1404 1291 ln

260 1329 483 1398 criminalibus
503 1329 727 1398 eutemceusis
748 1341 919 1398 muneror
937 1328 1132 1420 appellatur.
1150 1329 1216 1397 Nec
1231 1329 1406 1421 objicietur

260 1459 327 1505 non
342 1459 469 1527 semper
485 1437 607 1529 requiri
626 1445 780 1522 actorem,
802 1459 877 1504 cum
898 1435 933 1502 in
953 1433 1179 1504 criminalibus
1195 1435 1332 1505 sufficiat
1345 1437 1404 1505 de·
1515 1505 1516 1522 q

259 1543 326 1612 licti
339 1541 426 1611 lema
436 1552 468 1610 et
482 1543 670 1629 notorietns,
685 1551 721 1610 ut
735 1542 836 1634 possit
849 1541 952 1634 index
969 1563 1010 1609 cx
1022 1539 1128 1611 officio
1144 1540 1309 1634 inquirere
1323 1551 1353 1610 et
1368 1543 1403 1610 in
1515 1529 1516 1604 Ϊ

260 1649 487 1742 delinquentes
506 1649 782 1720 animadvertere:
804 1648 865 1716 hcc
879 1655 989 1717 eutem
1004 1646 1101 1717 modo
1115 1647 1255 1739 prolatus
1275 1657 1404 1718 senteu-

260 1757 321 1824 tiee
335 1755 420 1826 inter
429 1755 653 1848 propricdicte
662 1755 835 1846 judicieeb
844 1755 997 1823 omnibus
1011 1755 1125 1824 merito
1138 1755 1308 1825 recenseri.
1321 1757 1404 1826 Nem

144 1899 148 1908 =
261 1864 357 1932 etiem
377 1872 455 1933 tunc
472 1885 548 1932 vere
568 1862 747 1932 intervenit
765 1861 882 1953 uliquis
899 1871 999 1949 ector,
1023 1861 1218 1931 conditionis
1237 1861 1312 1931 licet
1331 1887 1405 1955 spe·

260 1970 365 2057 ciclis,
379 1971 490 2062 etqui,
504 1971 545 2038 ed
558 1968 798 2038 distinctionem
814 1969 968 2056 eliorum,
983 1969 1189 2061 quasi-actor
1203 1967 1266 2037 dici
1283 1978 1402 2061 potest;
1516 2015 1517 2018 =

251 2077 305 2146 ite
326 2087 360 2147 ut
380 2079 414 2148 in
433 2076 556 2168 objecto
572 2099 648 2146 cesu
663 2077 783 2145 fulsum
802 2075 844 2143 sit
861 2076 1013 2145 eumdem
1027 2083 1246 2144 eccmetnrem
1261 2087 1293 2143 et
1313 2076 1404 2168 jndi-
1516 2073 1517 2152 Ϊ

262 2207 332 2254 cem
346 2207 453 2276 egere.
469 2184 577 2271 Quod,
590 2205 650 2275 pro
668 2183 716 2252 rei
729 2183 868 2272 graeile,
881 2183 1086 2274 aliquantula
1098 2183 1296 2272 evolutione,
1312 2193 1406 2254 entre

261 2313 361 2384 quem
374 2290 416 2359 ed
429 2291 494 2360 elin
505 2299 720 2376 transeamus,
735 2290 843 2358 stetim
858 2290 1064 2381 probandum
1078 2297 1137 2358 est.

308 2401 337 2464 5.
361 2397 495 2466 Certum
516 2418 632 2486 nempe
650 2395 752 2462 estin
774 2393 1000 2462 criminalibus
1020 2392 1151 2485 procedi
1175 2415 1268 2486 posse
1283 2393 1406 2486 msqde

260 2505 325 2574 olio
340 2511 447 2573 actore
462 2525 561 2596 quem
575 2501 662 2570 lemn
676 2502 761 2570 circa
773 2497 928 2570 delictum
940 2521 1063 2591 sparsa,
1080 2523 1147 2594 que
1159 2499 1262 2592 judex
1279 2500 1320 2568 ed
1332 2500 1406 2592 jus·
1517 2497 1518 2510 ¹

261 2612 380 2695 titiam,
403 2610 536 2678 veritate
557 2617 733 2700 compertu,
754 2605 970 2676 exercendem
987 2606 1171 2675 stimuletur
1186 2633 1194 2674 ι
1209 2606 1241 2675 id
1258 2609 1346 2676 enim
1364 2630 1406 2676 ex

258 2719 334 2809 jure
356 2715 496 2785 naturali
515 2714 614 2783 simul
630 2722 661 2782 et
675 2713 815 2805 positivo
831 2711 1046 2782 demonstrari
1063 2721 1177 2802 potest.
1196 2712 1247 2780 Ex
1263 2714 1406 2783 naturali
1486 2779 1490 2786 .

261 2823 396 2916 quidem
413 2847 420 2889 :
436 2844 510 2890 nem
523 2821 578 2912 jus
591 2819 738 2889 netnrele
754 2819 787 2888 id
802 2827 927 2890 mutum
942 2817 1079 2910 requirit
1091 2827 1128 2886 nt
1143 2819 1406 2911 malefectejuste

263 2929 460 3023 punientur:
486 2937 522 2997 ut
545 2935 653 2996 eutem
674 2926 762 3020 juste
784 2949 881 3017 poene
902 2923 1107 3017 pronuntiari
1125 2925 1241 3013 velent,
1261 2927 1407 2998 absolute

264 3061 329 3108 uon
344 3037 521 3127 requiritur
536 3035 653 3126 aliquis
663 3056 684 3101 n
693 3033 802 3125 judice
817 3034 987 3102 distinctus
1002 3033 1060 3126 qui
1075 3043 1230 3124 tunquam
1242 3043 1407 3104 aecusator

263 3169 321 3215 seu
338 3152 425 3214 ector
444 3142 619 3211 vindictam
638 3149 741 3232 petut3
764 3141 821 3210 sed
838 3142 920 3209 bene
939 3148 1042 3232 polest
1057 3140 1159 3232 judex
1178 3141 1259 3230 ipse,
1275 3149 1352 3210 noto
1367 3143 1407 3210 de

263 3250 396 3344 patratis
410 3249 535 3318 delictis
550 3270 693 3332 rumore,
709 3271 764 3316 eos
779 3247 836 3338 qui
851 3247 1024 3338 deliquisse
1039 3247 1193 3316 dicuutur
1208 3248 1248 3316 ed
1265 3250 1407 3318 tribunal

263 3378 390 3441 vocare,
411 3355 578 3422 veritatem
600 3353 777 3444 inquirere,
802 3362 833 3422 et
854 3375 891 3422 cn
909 3361 996 3421 certo
1016 3363 1192 3446 comperte,
1215 3357 1406 3426 sententium

263 3463 420 3558 prolerre.
444 3460 509 3529 Sed
532 3459 666 3528 elidem
689 3469 875 3529 constater
896 3459 972 3551 jure
996 3460 1227 3530 ecclesiastico:
1250 3462 1298 3530 sic
1319 3465 1407 3533 enim

263 3569 405 3640 decrevit
443 3567 650 3635 Innocentius
688 3566 732 3635 lll
773 3567 807 3634 in
839 3566 975 3635 concilio
1011 3567 1155 3656 generali
1200 3568 1408 3639 Latereneusi

188 3723 191 3732 ,
261 3677 339 3748 enni
357 3678 440 3743 1216
460 3699 468 3741 ε
487 3676 563 3743 Non
580 3674 687 3742 solnm
707 3695 782 3740 cum
797 3671 955 3753 subditus,
974 3694 1087 3740 oerum
1107 3673 1210 3741 etiam
1224 3695 1299 3742 cum
1315 3678 1407 3745 Pre-

260 3788 348 3856 ietos
368 3779 506 3862 cecedit,
528 3779 558 3846 si
575 3801 636 3871 per
654 3780 832 3848 clamorem
852 3791 883 3846 et
901 3781 1033 3869 (omnm
1052 3776 1100 3848 ad
1121 3802 1216 3849 nureo
1232 3783 1408 3874 superioris

256 3889 440 3986 peruenerit
463 3938 517 3970 ...‚
541 3885 632 3956 dedet
653 3909 765 3955 coram
780 3885 931 3956 Eccleeiae
946 3885 1125 3954 senioribus
1139 3888 1313 3957 veritatem
1331 3889 1407 3960 dili-

258 3997 385 4092 pcntius
408 3994 628 4087 perscrutari,
662 4007 698 4062 ut
727 3993 767 4085 (si
792 3993 841 4060 rei
858 3993 1044 4086 poposcerit
1067 3994 1224 4086 qualitas)
1251 3999 1407 4066 canonica

259 4102 418 4175 districtio
443 4102 575 4192 culpem
598 4100 699 4192 (erint
719 4099 955 4192 delinquentis,·
981 4123 1047 4168 non
1068 4111 1229 4192 tanquam
1253 4101 1340 4171 idem
1364 4105 1407 4172 sit

260 4222 429 4282 recreator
448 4221 477 4276 ct
490 4207 609 4300 judee,
631 4205 689 4276 sed
705 4207 800 4300 quasi
819 4205 1032 4277 denuntiante
1053 4211 1160 4298 soma,
1183 4208 1234 4278 vel
1246 4207 1407 4301 deferente
