3056 4972
574 515 649 563 eins
673 517 777 562 carun.
1184 499 1241 565 211

112 661 132 704 e
153 645 281 732 sumpta
293 636 423 708 licentis
437 637 580 726 Prasiai,
594 635 636 706 ad
650 637 711 706 boc
721 646 759 706 ut
769 637 940 728 religiosus
950 637 984 708 in
998 637 1121 732 J'udicio
1136 651 1248 733 postu·

112 769 132 810 e
152 743 220 814 lere
242 746 355 836 possit,
371 745 399 812 si
415 743 564 814 videlicet
583 744 699 813 absens
714 745 755 813 sit
776 767 797 814 a
819 745 1053 815 monasterio...
1077 746 1117 815 Et
1143 757 1246 838 potest

112 877 130 916 u
153 853 237 920 hanc
259 851 422 920 licentiam
444 850 520 920 dare
541 851 637 920 etiam
664 852 814 942 superior
831 851 1037 922 immediatus
1061 853 1246 944 religionis3

112 986 130 1024 e
150 981 209 1029 nec
222 959 366 1049 exigitur
380 981 556 1028 consensus
577 968 770 1045 conventos,
788 981 893 1051 neque
908 959 1006 1028 etiam
1022 959 1173 1053 Episcopi
1188 985 1246 1032 seu

111 1093 130 1130 e
152 1065 318 1135 Ordinarii
349 1066 424 1153 loci,
454 1066 517 1134 nisi
545 1065 776 1134 monesterium
805 1065 867 1158 ipsi
894 1075 976 1134 esset
1007 1066 1242 1159 subjectum.»

112 1173 293 1264 (Pirrbing,
311 1173 345 1241 in
363 1173 492 1243 titulum
509 1176 563 1259 37,
580 1172 655 1240 libri
673 1176 686 1238 l
707 1171 936 1260 Decretnlinm‚
953 1196 987 1242 n.
1008 1174 1074 1264 17.)

157 1285 188 1348 3·
216 1309 234 1346 ι
262 1283 384 1350 Praeter
415 1279 604 1349 mandatnm
632 1301 688 1349 seu
717 1279 878 1348 licentiam
903 1280 1046 1368 Praelati,
1073 1283 1251 1375 requiritur

113 1417 131 1454 ι
155 1391 253 1458 etiem
270 1390 394 1458 utilitas
410 1388 607 1474 monasterii,
623 1395 660 1455 ut
677 1409 796 1455 munus
810 1385 957 1456 advocati
973 1389 1145 1480 religiosus
1160 1392 1250 1461 obire

112 1523 130 1560 ι
154 1496 297 1588 possit...
321 1493 394 1564 Non
417 1504 521 1586 potest
542 1493 726 1583 religiosus,
741 1495 838 1562 etiam
859 1517 934 1562 cum
959 1495 1087 1564 licentia
1105 1497 1248 1585 Praelati,

114 1629 132 1668 u
154 1625 225 1672 esse
237 1603 412 1672 advocatus
428 1623 487 1692 pro
502 1603 648 1692 personis
662 1601 723 1668 sibi
736 1601 895 1689 sanguine
910 1601 1093 1692 conjunctis
1110 1654 1163 1692 ...‚
1174 1605 1251 1696 quia

113 1737 131 1776 e
156 1711 192 1778 in
214 1733 253 1778 eo
274 1709 362 1777 nulla
377 1708 515 1778 vertitur
533 1707 658 1776 utilitas
684 1707 884 1794 monasterii,
900 1717 932 1776 et
950 1731 1016 1777 non
1037 1709 1127 1778 decet
1148 1722 1184 1780 ut
1198 1734 1252 1780 re·

113 1844 131 1882 e
155 1817 262 1906 ligiosi
280 1823 410 1907 propter
423 1814 587 1884 carnalem
600 1816 825 1903 cognationem
842 1815 1053 1884 saecularibus
1068 1819 1205 1908 negotiis
1220 1843 1254 1888 sc

112 1952 131 1990 ι
157 1924 339 1992 involvant.
357 1949 373 1988 o
393 1922 574 2015 (Pirrhing‚
589 1921 660 1990 loco
674 1922 782 2007 citato,
797 1943 832 1992 n.
852 1925 889 1989 ta
904 1933 935 1990 et
951 1923 1018 2014 19.)

157 2035 195 2100 l·
209 2031 327 2100 Utrum
350 2029 492 2119 religiosi
514 2029 638 2120 possint
660 2027 807 2096 edvoceti
829 2031 1112 2124 procuratorisque
1133 2055 1253 2103 munus

109 2139 205 2207 obire
231 2159 291 2229 pro
319 2135 558 2204 miserabilibus
587 2136 746 2226 personis,
770 2135 937 2227 disputent
964 2138 1110 2208 doctores
1136 2141 1253 2210 :affir-

111 2253 205 2314 mant
225 2244 338 2332 imola,
354 2243 522 2314 Senehez:
545 2251 641 2330 negat
661 2241 808 2334 Leyman
828 2242 914 2334 (vide
934 2243 1101 2337 Pirrhing,
1117 2247 1187 2316 loco
1208 2251 1254 2318 ci-

109 2353 205 2442 teto).

157 2463 191 2526 5·
210 2485 228 2524 u
245 2456 405 2528 Praelatus
420 2479 479 2526 seu
493 2456 642 2548 superior
655 2455 781 2524 ordinis
803 2465 907 2548 potest
924 2481 992 2527 erse
1012 2460 1188 2531 advocatus
1202 2463 1255 2532 vel

111 2596 127 2634 e
153 2567 397 2660 procuratorio
413 2565 537 2658 iudicio
558 2565 628 2632 sine
644 2564 773 2632 lieentia
796 2565 848 2633 sui
873 2575 1067 2654 conventus;
1086 2568 1163 2659 quia
1185 2570 1260 2660 ipse

111 2705 129 2742 c
153 2699 223 2744 non
242 2674 359 2767 pendet
374 2683 581 2760 aconventu,
599 2673 683 2742 sieut
697 2672 926 2742 conventuales
941 2674 982 2742 ab
998 2675 1068 2766 ipso
1086 2703 1137 2762 ..;
1156 2676 1254 2768 idque

111 2811 129 2848 ι
154 2805 222 2852 non
240 2776 349 2852 'solum
364 2781 398 2848 in
414 2803 511 2848 causa
531 2779 710 2870 pertinente
730 2779 770 2846 ed
788 2779 959 2849 utilitatem
982 2783 1181 2871 monasterii,
1198 2784 1255 2852 sed

112 2918 129 2956 e
153 2890 255 2958 etiam
282 2889 317 2954 in
339 2887 402 2956 alia
426 2909 523 2955 cause
542 2885 766 2973 ecclesiastica,
784 2887 813 2954 si
833 2887 944 2976 gravis
964 2886 1016 2976 sit,
1038 2901 1069 2957 et
1089 2890 1254 2981 pertinens

111 3024 129 3061 e
152 2994 198 3064 ed
214 2995 386 3064 utilitatem
401 2993 577 3085 publicem,
595 2991 685 3060 verbi
706 2991 824 3082 gretia,
840 2993 1027 3062 electionem
1043 2995 1206 3086 Episcopi.
1233 3021 1250 3061 r

110 3101 298 3194 (Pirrbing,
313 3101 384 3171 loco
404 3101 513 3187 citato,
531 3122 566 3168 n.
592 3101 658 3189 ¹9.)

631 3315 651 3407 ς
673 3316 732 3386 u.

357 3481 454 3541 Quibus
471 3482 497 3530 in
514 3481 598 3530 causis
615 3479 736 3530 constitui
752 3479 833 3544 possit
847 3482 1010 3544 procurator.

158 3675 177 3712 e
201 3647 238 3714 ln
253 3646 405 3713 omnibus
425 3644 529 3714 causis
550 3651 581 3710 et
603 3642 740 3732 negotiis
761 3641 909 3709 adbiberi
931 3651 1034 3733 potest
1050 3656 1251 3735 procurator,

112 3785 129 3822 c
153 3757 190 3823 in
207 3754 328 3846 quibus
341 3752 372 3820 id
389 3775 454 3821 non
470 3751 633 3843 reperitur
645 3772 795 3842 expresse
812 3749 1053 3839 prohibitum.»
1071 3750 1251 3844 (Pirrhing,

107 3865 142 3931 in
160 3861 293 3930 titulum
310 3864 364 3947 38,
379 3859 454 3928 libri
472 3862 486 3926 1
506 3858 733 3945 Decretalium,
750 3879 783 3924 n.
803 3855 871 3946 25.)
889 3856 983 3939 Quod
997 3858 1146 3947 generale
1160 3861 1253 3952 prin-

108 3969 235 4060 cipium
251 3965 449 4035 unanimiter
463 3989 482 4034 a
496 3964 681 4033 doctoribus
694 3972 851 4056 tanquam
870 3970 995 4031 certum
1011 3961 1160 4033 traditur.

153 4075 261 4143 Porro
276 4071 406 4141 aliunde
427 4081 551 4140 certum
574 4079 632 4158 est,
651 4069 690 4138 de
710 4071 816 4138 causis
841 4069 1011 4138 dumtaxat
1030 4070 1253 4143 criminalibus

110 4181 240 4252 moveri
253 4203 346 4273 posse
360 4179 585 4248 difficultatem
604 4205 612 4245 :
631 4201 705 4245 nem
728 4176 834 4270 quoad
853 4185 986 4245 caeteres
1001 4175 1116 4244 nullibi
1132 4180 1166 4246 in
1182 4181 1256 4271 jure

111 4289 306 4381 prohibetur
321 4297 563 4378 procuratorem
578 4285 740 4354 constitui.
757 4282 901 4365 Quaestio
922 4293 1031 4352 autem
1047 4285 1125 4354 olim
1141 4293 1256 4360 acriter
