3030 4980
520 493 595 542 raas
618 493 765 542 securos.
1151 477 1214 544 tot

69 613 205 706 proinde
235 636 352 706 magua
376 637 417 684 ex
443 623 533 707 parte
558 616 689 708 pendet,
705 622 774 684 tum
798 617 832 684 in
856 615 1004 686 societate
1026 617 1126 702 civili,
1141 627 1211 687 tum

69 722 167 792 etiam
181 722 218 791 in
231 721 386 808 Ecclesia,
402 721 483 792 ordo
498 730 530 792 at
544 723 774 815 tranquillitas,
792 721 913 793 nodum
929 746 988 816 pro
1003 725 1141 814 ignobili
1154 725 1214 793 ha-

68 828 196 898 bendus
218 830 418 916 sit‚summo
439 838 590 899 econtra
615 830 739 898 honore
761 830 832 922 ipsa
855 831 906 900 sui
930 831 1075 899 muueris
1097 839 1214 901 natura

69 936 294 1027 insigniuntur
311 964 319 1005 ι
337 937 424 1028 quod
441 936 536 1006 lateri
552 937 689 1029 quisque
704 935 812 1025 debat,
829 937 896 1006 nisi
913 959 952 1008 eo
967 936 1100 1007 absurdi
1114 938 1214 1008 deva-

70 1043 150 1131 uiat,
166 1051 206 1112 ut
225 1043 368 1134 ignobile
389 1050 528 1136 reputet,
546 1067 605 1135 pro
620 1043 730 1113 veraci
748 1044 790 1113 ab
808 1044 961 1114 omnibus
984 1053 1017 1112 et
1035 1046 1123 1136 apud
1143 1045 1213 1137 ipsa

68 1153 167 1218 etiam
182 1151 357 1220 tribunalia
373 1150 497 1236 haberi,
515 1150 735 1220 honorificum
749 1173 827 1220 vero
849 1150 964 1220 haberi
984 1174 1043 1243 pro
1065 1152 1213 1221 meudaei

69 1265 100 1324 et
116 1265 264 1349 suspecto
280 1258 362 1327 viro.
381 1257 475 1339 Quod
491 1267 598 1326 autern
615 1258 811 1350 quandoque
826 1259 955 1348 notarii,
967 1259 1063 1328 modo
1077 1259 1214 1348 ignobili

69 1375 101 1430 at
116 1387 157 1434 ex
173 1387 274 1458 pravo
295 1366 360 1434 line
375 1365 519 1434 officium
541 1387 638 1434 snum
658 1367 876 1454 exercuerint,
892 1365 926 1435 id
947 1389 1006 1459 per
1017 1367 1165 1436 acddeus
1179 1391 1212 1438 se
1261 1356 1263 1364 ¹

70 1472 180 1560 habet,
191 1481 222 1540 et
233 1472 275 1542 ad
290 1462 425 1559 abusus,
438 1471 558 1564 quibus
573 1494 624 1540 ras
639 1472 850 1540 nobilissimae
864 1473 1016 1542 obnoxiae
1030 1483 1210 1562 remanent,

70 1578 282 1670 rejiciendum
306 1589 364 1648 est.
385 1579 542 1648 Primitus
565 1587 673 1648 autem
696 1579 784 1670 apud
808 1580 972 1650 Romanos
995 1581 1037 1648 ad
1057 1582 1091 1650 id
1115 1581 1214 1652 officii

68 1685 240 1777 deputatos
265 1685 366 1754 tuisse
387 1708 510 1772 servos,
526 1685 714 1775 negandum
734 1694 807 1754 est:
829 1686 967 1754 adhibiti
984 1687 1117 1779 quidem
1137 1697 1214 1758 sunt

69 1783 157 1863 serii
172 1791 214 1862 ad
230 1793 338 1862 varias
353 1792 533 1861 exarandus
556 1793 746 1884 scripturas,
764 1800 796 1862 et
816 1791 893 1862 hinc
912 1794 1022 1884 aliquo
1044 1817 1142 1864 sensu
1158 1805 1212 1865 ta-

68 1899 226 1968 belliones
241 1900 350 1968 lorsau
365 1899 454 1985 dicti,
473 1921 539 1968 uon
554 1909 662 1967 autem
680 1899 723 1966 ita
737 1906 775 1967 ut
790 1921 847 1990 per
861 1921 975 1968 eorum
990 1901 1211 1972 testimouium

67 2015 101 2076 et
116 2007 387 2099 subscriptionem
403 2005 630 2075 instrumentis
645 2005 727 2074 fides
741 2007 870 2097 publica
884 2016 995 2095 staret,
1010 2009 1097 2100 quod
1121 2018 1213 2080 uom-

68 2116 173 2182 riatus
194 2116 324 2206 proprie
339 2114 416 2182 dicti
438 2113 582 2182 officium
597 2121 656 2181 eat.
678 2113 791 2204 Neque
813 2115 909 2183 etiam
932 2117 1109 2186 notariatus
1129 2120 1213 2187 inter

67 2221 301 2311 negotiationis
325 2221 447 2312 species
466 2229 552 2289 recte
579 2220 758 2312 reponitur.
782 2219 966 2310 Negotiatio
992 2225 1078 2292 anim
1104 2225 1212 2295 stricte

67 2336 201 2419 sumpta
215 2329 250 2396 in
263 2351 302 2398 eo
317 2335 391 2416 stat,
406 2339 443 2396 ut
458 2349 509 2396 res
523 2336 685 2413 emautur,
702 2337 733 2394 ot
753 2327 932 2397 immutatae
945 2331 1053 2400 carius
1063 2332 1212 2401 vendan-

66 2447 136 2505 tur.
149 2437 242 2518 Quod
258 2447 364 2505 autem
376 2438 449 2528 quis
463 2458 522 2528 pro
534 2459 667 2506 munere
679 2459 745 2528 quo
759 2437 920 2526 iungitur,
932 2446 988 2506 aut
1000 2463 1058 2530 pro
1069 2442 1213 2510 conlecta

66 2545 106 2610 iu
135 2544 269 2614 alterius
297 2543 468 2611 utilitatem
491 2567 526 2611 re
551 2543 672 2635 aliqua,
698 2543 880 2612 mercedem
905 2545 973 2612 sive
999 2547 1210 2618 honorarium

67 2649 267 2718 salariumve
281 2649 425 2740 recipiat,
441 2647 615 2737 negotiatio
630 2647 816 2716 nullatenus
831 2657 900 2716 est:
918 2649 1063 2742 alioqun
1076 2662 1107 2722 ct
1118 2654 1210 2746 judi-

67 2757 128 2841 cis,
147 2757 213 2824 imo
229 2763 261 2825 et
276 2755 362 2846 regis
382 2777 502 2825 munus
516 2755 691 2844 negotiatio
705 2764 789 2824 esset
801 2754 986 2826 dicandum.

114 2865 200 2932 Hinc
222 2863 353 2932 aliunde
375 2861 549 2953 repetenda
563 2861 693 2930 videtur
711 2863 796 2932 taeta
819 2864 943 2932 clericis
966 2866 1145 2955 prohibitio
1169 2893 1209 2939 ue

66 2970 268 3040 notariatum
283 2977 482 3038 exercerent.
506 2969 553 3036 Ea
569 2991 684 3059 nempe
700 2990 827 3060 semper
841 2969 903 3038 tuit
916 2971 1067 3042 Ecclesiae
1082 2997 1210 3046 summa

66 3079 267 3165 sollicitudo,
290 3085 325 3146 ut
344 3076 451 3145 clerici
476 3076 596 3144 divinis
622 3076 720 3146 rebus
742 3077 842 3146 libera
867 3089 1032 3164 vacarent,
1056 3090 1087 3150 at
1114 3082 1211 3176 hujus

65 3185 183 3254 saeculi
198 3185 285 3253 curis
298 3191 330 3252 et
345 3183 483 3272 negotiis
499 3205 598 3274 quam
616 3183 749 3252 minime
762 3184 1018 3276 implicarentur.
1035 3189 1118 3258 Cum
1133 3213 1211 3260 vero

67 3293 249 3362 notariatus
262 3289 407 3360 officium
433 3290 652 3358 necessitatem
668 3311 776 3358 secum
792 3290 899 3360 trahat
912 3291 983 3361 loro
999 3294 1210 3368 interessendi

66 3410 102 3468 et
122 3400 206 3466 iuter
227 3399 301 3466 lites
326 3405 359 3464 et
382 3397 512 3485 negotia
533 3395 725 3487 temporalia
745 3397 909 3483 versandi,
927 3399 1048 3468 mirum
1073 3425 1138 3471 uon
1163 3413 1211 3474 est

65 3529 179 3575 sacros
198 3526 337 3573 canones
362 3503 396 3570 id
420 3501 562 3572 voluisse
583 3502 710 3570 clericis
734 3503 956 3592 interdictum,
971 3509 1079 3598 quoad
1101 3513 1209 3580 curias

65 3613 184 3681 saltem
200 3611 371 3680 saculares
387 3618 418 3678 et
433 3610 560 3699 negotia
574 3609 782 3698 magistratus
797 3610 883 3678 laici.

116 3723 302 3790 Paorosrrro
317 3719 405 3786 xlla.
422 3755 463 3768 -
485 3715 626 3799 Quaado
647 3717 796 3785 ructamus
811 3718 914 3787 laicus
927 3721 1036 3810 factus
1055 3738 1102 3791 est
1114 3728 1210 3798 cleri·

65 3851 136 3910 cur,
153 3828 182 3895 ri
193 3837 315 3918 perque
330 3825 550 3893 instrumenta
565 3824 721 3913 conficere
735 3835 913 3915 areteqnam
928 3826 966 3896 id
979 3829 1147 3920 eipublice
1165 3838 1207 3906 ab

65 3936 231 4027 Episcopo
245 3955 303 4002 suo
313 3930 540 4023 probibentur,
558 3928 670 3998 valida
686 3943 779 3997 erunt
794 3931 958 4020 ejusmodi
976 3935 1205 4027 instrumenta,

65 4042 219 4134 quamvis
233 4039 345 4108 illicite
357 4040 501 4129 confecta
517 4063 528 4102 :
543 4036 572 4104 si
585 4059 659 4104 vero
676 4037 741 4126 fiat
761 4037 940 4128 religiosus,
955 4040 1209 4120 instrumentum

66 4151 190 4240 absque
204 4147 335 4216 licentia
349 4145 401 4214 aui
411 4143 587 4236 superioris
601 4144 794 4233 consectum,
813 4145 882 4236 ipso
889 4147 971 4236 jure
985 4149 1119 4222 irritum
1133 4159 1206 4227 erit.

66 4295 114 4312 -·
127 4256 289 4324 Probatur
303 4257 337 4321 1·
351 4275 426 4346 pars
441 4250 681 4342 propositionis,
691 4272 734 4318 ex
748 4273 787 4319 eo
802 4252 888 4342 quod
901 4253 936 4322 in
951 4254 1101 4328 decretali
1112 4264 1209 4335 Sicut
