3056 4972
595 465 667 510 eras
691 467 796 518 rarus.
1199 451 1257 515 201

118 609 136 648 o
163 585 313 674 tertiam).
331 611 348 646 n
365 584 569 655 Contendere
589 587 664 679 quis
686 595 792 678 posset
819 585 1000 656 addendam
1022 609 1089 657 esse
1112 597 1260 682 quartam

115 691 352 782 exceptionem,
370 715 444 762 cum
461 693 493 761 in
510 694 613 784 capite
630 695 714 762 Onna
732 694 908 764 sacerdotis
927 696 972 786 (3,
990 696 1076 764 tituli
1095 701 1148 783 37,
1165 697 1222 766 lib.
1242 702 1255 766 t

116 801 257 888 Deerat.)
282 801 487 893 permittatur
512 801 612 870 etiam
642 802 800 871 sacerdoti
824 824 887 893 pro
911 802 1057 893 personis
1079 803 1261 895 conjunctis

116 908 293 999 postulare,
312 906 344 975 id
367 917 426 994 est,
441 907 588 977 adrorati
606 907 750 976 officium
777 930 938 977 exercere.
957 907 1021 978 Sed
1046 909 1181 979 facultas
1200 911 1261 980 ista

117 1014 328 1103 intelligenda
348 1014 480 1082 videtur
502 1015 674 1084 dumtaxat
692 1014 797 1106 quoad
824 1015 966 1084 tribunal
989 1015 1257 1105 ecclesiasticum

116 1129 174 1188 ant
194 1120 305 1188 saltem
325 1122 524 1190 contrarium
544 1144 610 1189 non
626 1121 728 1213 liquet
745 1143 786 1190 ex
802 1122 870 1190 solo
886 1131 988 1191 textu.
1008 1123 1214 1216 Ceteroquin
1232 1125 1259 1193 si

117 1249 227 1296 coram
242 1227 390 1298 seculari
402 1227 512 1320 judice
536 1236 642 1319 posset
657 1226 806 1296 sacerdos
827 1228 1014 1320 conjunctas
1033 1251 1185 1322 personas
1203 1233 1260 1300 de-

116 1335 293 1421 fenderem
308 1336 434 1404 lortiori
448 1334 622 1404 dicendum
638 1342 720 1404 esset
732 1335 764 1404 id
780 1335 876 1406 licere
891 1337 1016 1406 clericis
1029 1338 1063 1404 in
1079 1339 1260 1408 minoribus

115 1443 314 1522 constitutis;
331 1443 409 1534 quia
428 1442 544 1511 lortius
569 1443 700 1532 negotia
725 1441 865 1511 forensia
890 1443 1030 1512 Ecclesia
1054 1445 1204 1536 prohibet
1218 1446 1258 1514 iis

115 1551 175 1641 qui
191 1550 368 1641 majoribus
391 1549 562 1619 ordinibus
576 1549 693 1618 initiati
710 1559 800 1637 sunt,
815 1573 912 1640 quam
930 1551 986 1642 qui
1014 1551 1207 1638 minoribus,
1224 1563 1259 1621 ut

115 1658 451 1748 putettototitn1037
469 1666 500 1725 et
520 1661 574 1745 38,
592 1657 667 1725 libri
686 1662 699 1724 1
719 1657 947 1726 Decretnlium.

166 1769 196 1830 5⁰
212 1766 289 1832 Sive
305 1765 491 1856 beneficium
505 1766 648 1834 babeant
661 1765 727 1832 sine
741 1787 819 1846 non,
838 1764 991 1834 aduocati
1008 1788 1182 1858 nrrnqnnm
1198 1791 1261 1835 esse

111 1883 251 1961 poseant
266 1883 378 1940 contra
397 1875 498 1940 Reum
509 1872 544 1940 in
556 1894 654 1940 cansa
666 1871 842 1951 criminali,
857 1872 885 1938 si
897 1875 960 1940 llco
974 1871 1147 1940 immincat
1156 1896 1259 1965 paena

115 1978 298 2067 sanquinis.
312 1976 416 2046 -lta
430 1976 575 2046 doctores
587 1979 803 2046 communiter
817 1985 969 2070 tanquam
987 1980 1121 2048 omnino
1136 1987 1260 2050 certum

115 2100 262 2173 arguunt
278 2107 318 2152 ex
342 2085 444 2176 capite
459 2087 664 2154 Sententiam
678 2085 724 2176 (9,
742 2085 827 2152 tituli
846 2090 899 2171 50,
917 2085 993 2153 libri
1012 2090 1029 2153 3
1054 2086 1208 2178 Deerat),
1225 2089 1259 2156 in

115 2215 183 2283 qno
198 2192 244 2259 sic
261 2190 444 2284 disponitur
461 2219 468 2259 :
488 2219 505 2257 u
520 2191 719 2260 Sententiam
733 2193 901 2282 sanguinis
915 2193 1026 2262 nullus
1040 2192 1175 2262 clericus
1190 2194 1258 2262 dic-

118 2325 135 2362 a
162 2307 206 2366 tet
227 2306 283 2368 aut
302 2299 460 2390 proferam
481 2298 537 2368 sed
561 2323 619 2368 nec
640 2300 809 2390 sanguinis
827 2299 1002 2370 vindictam
1024 2309 1184 2388 exerceat,
1203 2311 1260 2371 aut

119 2433 136 2470 a
162 2406 219 2474 nbi
243 2415 431 2474 exerceatur
451 2407 625 2475 intersit.»
653 2407 726 2475 Non
750 2408 837 2475 enim
862 2407 929 2476 ullo
953 2407 1069 2477 clerico
1092 2409 1166 2478 licet
1191 2432 1258 2478 sese

114 2513 364 2602 irregularitatis
379 2513 526 2605 periculo
546 2535 709 2605 exponere
728 2540 735 2581 :
754 2513 1027 2604 irregularitatem
1046 2522 1155 2584 autem
1172 2525 1256 2584 certe

114 2621 309 2706 incurreret,
326 2621 353 2688 si
369 2621 481 2689 mortis
496 2619 548 2688 vel
569 2621 784 2689 mutilationis
808 2621 1031 2690 membrorum
1053 2643 1180 2714 poenam
1197 2647 1257 2690 sn-

113 2729 201 2796 biret
210 2728 310 2814 Reus,
321 2735 433 2796 contra
443 2750 541 2819 quem
551 2736 706 2818 tanquam
716 2727 845 2796 Actoris
857 2727 1032 2796 advocatus
1043 2729 1258 2798 etanxiliator

113 2836 245 2925 egisset.
264 2838 317 2902 An
332 2841 440 2904 autem
455 2835 533 2926 ipsis
547 2835 642 2902 ctiam
660 2834 861 2926 prohibitum
876 2837 920 2902 sit
935 2835 968 2902 in
985 2835 1044 2904 boc
1059 2859 1136 2904 casu
1152 2836 1257 2904 Reum

113 2942 314 3011 defenderet

160 3051 374 3141 Disputarunt
403 3049 480 3118 olim
511 3049 701 3136 canonistas,
728 3056 948 3139 attenteque
974 3048 1103 3136 vigebat
1129 3049 1258 3116 talionis

113 3179 214 3249 poena
229 3184 236 3222 :
252 3179 328 3224 nem
344 3177 419 3224 cum
445 3164 611 3224 aecusator
626 3155 683 3247 qui
699 3154 851 3223 delictum
873 3155 933 3223 Rei
954 3155 1090 3244 probare
1110 3177 1176 3223 non
1199 3179 1257 3248 po·

114 3271 212 3349 terat,
228 3262 358 3332 deberet
373 3283 504 3354 poenam
518 3263 586 3354 ipse
605 3262 726 3348 subire,
745 3261 878 3354 perinde
902 3284 937 3329 ae
958 3261 985 3329 si
1003 3260 1156 3330 delictum
1171 3262 1257 3330 idom

113 3379 286 3465 patrasset,
302 3369 453 3438 defensor
473 3369 532 3438 Rei
554 3369 645 3438 litem
661 3369 807 3457 vincens,
825 3369 935 3462 aliquo
958 3367 1056 3436 modo
1073 3392 1169 3438 causa
1190 3379 1259 3437 erat

113 3501 224 3572 poenae
245 3476 413 3566 sauguinis
434 3475 546 3545 Actori
569 3476 710 3544 inflictae.
741 3477 864 3545 Atvero
883 3497 957 3544 cum
981 3474 1109 3566 jamdiu
1133 3476 1258 3546 sublata

113 3587 216 3655 fuerit
229 3583 358 3652 talionis
378 3606 486 3676 prena,
502 3583 583 3651 nihil
603 3583 731 3652 obstare
747 3582 876 3652 videtur
891 3582 971 3676 quin
988 3583 1122 3652 clericus
1141 3585 1175 3651 in
1195 3585 1258 3653 mi-

114 3692 252 3762 noribus
267 3690 459 3760 constitutus
479 3690 584 3758 Reum
600 3690 634 3757 in
651 3689 812 3758 criminali
827 3711 925 3759 causa
939 3698 971 3756 et
983 3711 1092 3759 coram
1108 3691 1259 3761 saecnlari

109 3798 223 3892 jndice
238 3796 411 3866 defendat:
430 3797 525 3866 modo
539 3806 660 3884 umen,
673 3809 710 3865 ut
723 3797 846 3865 dictum
861 3804 908 3865 est
923 3818 1034 3888 supra,
1052 3795 1187 3866 clericus
1203 3796 1257 3866 ille

112 3904 309 3976 beneficium
334 3903 585 3972 ecclesiasticum
606 3926 672 3972 non
697 3903 829 3985 babeat;
851 3905 938 3996 quia,
962 3905 989 3972 si
1009 3904 1152 3994 liaberet,
1172 3907 1256 3978 vidi-

113 4035 192 4082 mus
212 4033 287 4080 enm
302 4009 344 4078 ab
359 4009 538 4080 exercendo
554 4031 662 4078 eornm
683 4011 832 4080 saeculari
849 4011 959 4103 judice
980 4010 1127 4080 advocati
1147 4013 1255 4084 officio

111 4117 295 4212 prohiberi.

160 4230 197 4292 7ο
211 4224 252 4292 Si
266 4223 372 4292 elerici
388 4224 420 4292 in
436 4223 616 4294 minoribns
632 4226 803 4294 constituti
818 4224 1007 4318 beneficium
1021 4248 1086 4295 non
1100 4227 1253 4311 babeant,
