<?xml version="1.0" encoding="UTF-8"?>
<!DOCTYPE html PUBLIC "-//W3C//DTD XHTML 1.0 Transitional//EN"
    "http://www.w3.org/TR/xhtml1/DTD/xhtml1-transitional.dtd">
<html xmlns="http://www.w3.org/1999/xhtml" xml:lang="en" lang="en">
 <head>
  <title>
</title>
<meta http-equiv="Content-Type" content="text/html;charset=utf-8" />
  <meta name='ocr-system' content='tesseract 3.04.00' />
  <meta name='ocr-capabilities' content='ocr_page ocr_carea ocr_par ocr_line ocrx_word'/>
</head>
<body>
  <div class='ocr_page' id='page_1' title='image "./tractatusdejudi01goog_0250.png"; bbox 0 0 3056 4972; ppageno 0'>
   <div class='ocr_carea' id='block_1_1' title="bbox 6 17 316 153">
    <p class='ocr_par' dir='ltr' id='par_1_1' title="bbox 6 17 316 153">
     <span class='ocr_line' id='line_1_1' title="bbox 6 17 316 153; baseline 0 -3"><span class='ocrx_word' id='word_1_1' title='bbox 6 17 316 153; x_wconf 59' lang='grc' dir='ltr'><strong>,Ψ</strong></span> 
     </span>
    </p>
   </div>
   <div class='ocr_carea' id='block_1_2' title="bbox 547 497 1218 564">
    <p class='ocr_par' dir='ltr' id='par_1_2' title="bbox 547 497 1218 564">
     <span class='ocr_line' id='line_1_2' title="bbox 547 497 1218 564; baseline -0.003 0"><span class='ocrx_word' id='word_1_2' title='bbox 547 517 620 564; x_wconf 77' lang='lat' dir='ltr'><strong>rius</strong></span> <span class='ocrx_word' id='word_1_3' title='bbox 643 519 747 564; x_wconf 73' lang='lat' dir='ltr'><strong>rarus.</strong></span> <span class='ocrx_word' id='word_1_4' title='bbox 1154 497 1218 563; x_wconf 81' lang='lat'><strong>239</strong></span> 
     </span>
    </p>
   </div>
   <div class='ocr_carea' id='block_1_3' title="bbox 19 636 1299 4384">
    <p class='ocr_par' dir='ltr' id='par_1_3' title="bbox 87 636 1225 1370">
     <span class='ocr_line' id='line_1_3' title="bbox 89 636 1223 731; baseline 0.002 -27"><span class='ocrx_word' id='word_1_5' title='bbox 89 665 105 704; x_wconf 82' lang='lat' dir='ltr'><strong>u</strong></span> <span class='ocrx_word' id='word_1_6' title='bbox 126 639 168 708; x_wconf 91' lang='lat' dir='ltr'><strong>ad</strong></span> <span class='ocrx_word' id='word_1_7' title='bbox 186 639 230 730; x_wconf 79' lang='grc'><strong>2).</strong></span> <span class='ocrx_word' id='word_1_8' title='bbox 245 637 368 708; x_wconf 78' lang='lat' dir='ltr'>Addidi</span> <span class='ocrx_word' id='word_1_9' title='bbox 384 639 502 708; x_wconf 60' lang='lat' dir='ltr'><strong>deum</strong></span> <span class='ocrx_word' id='word_1_10' title='bbox 516 637 656 731; x_wconf 90' lang='lat' dir='ltr'><strong>derepit;</strong></span> <span class='ocrx_word' id='word_1_11' title='bbox 674 661 750 706; x_wconf 89' lang='lat' dir='ltr'><strong>uam</strong></span> <span class='ocrx_word' id='word_1_12' title='bbox 768 637 795 706; x_wconf 87' lang='lat' dir='ltr'><strong>si</strong></span> <span class='ocrx_word' id='word_1_13' title='bbox 807 636 957 706; x_wconf 89' lang='lat' dir='ltr'><strong>clientem</strong></span> <span class='ocrx_word' id='word_1_14' title='bbox 974 638 1102 706; x_wconf 89' lang='lat' dir='ltr'><strong>monuit</strong></span> <span class='ocrx_word' id='word_1_15' title='bbox 1116 637 1156 706; x_wconf 94' lang='lat' dir='ltr'><strong>de</strong></span> <span class='ocrx_word' id='word_1_16' title='bbox 1169 639 1223 706; x_wconf 92' lang='lat' dir='ltr'><strong>in-</strong></span> 
     </span>
     <span class='ocr_line' id='line_1_4' title="bbox 88 746 1222 839; baseline 0.003 -27"><span class='ocrx_word' id='word_1_17' title='bbox 88 773 105 812; x_wconf 76' lang='lat'><strong>«</strong></span> <span class='ocrx_word' id='word_1_18' title='bbox 124 747 249 839; x_wconf 85' lang='lat' dir='ltr'><strong>justitia</strong></span> <span class='ocrx_word' id='word_1_19' title='bbox 263 769 384 834; x_wconf 75' lang='lat' dir='ltr'><strong>causae,</strong></span> <span class='ocrx_word' id='word_1_20' title='bbox 398 755 431 816; x_wconf 90' lang='lat' dir='ltr'><strong>et</strong></span> <span class='ocrx_word' id='word_1_21' title='bbox 447 747 499 816; x_wconf 90' lang='lat' dir='ltr'><strong>bic</strong></span> <span class='ocrx_word' id='word_1_22' title='bbox 508 746 725 815; x_wconf 89' lang='lat' dir='ltr'><strong>nihilominus</strong></span> <span class='ocrx_word' id='word_1_23' title='bbox 735 747 769 812; x_wconf 91' lang='lat' dir='ltr'><strong>in</strong></span> <span class='ocrx_word' id='word_1_24' title='bbox 783 747 1005 837; x_wconf 78' lang='lat' dir='ltr'><strong>prosecutione</strong></span> <span class='ocrx_word' id='word_1_25' title='bbox 1016 768 1121 815; x_wconf 70' lang='lat' dir='ltr'><strong>censo</strong></span> <span class='ocrx_word' id='word_1_26' title='bbox 1138 755 1222 815; x_wconf 90' lang='lat' dir='ltr'><strong>stare</strong></span> 
     </span>
     <span class='ocr_line' id='line_1_5' title="bbox 89 851 1224 946; baseline 0.002 -28"><span class='ocrx_word' id='word_1_27' title='bbox 89 854 246 939; x_wconf 78' lang='lat' dir='ltr'><strong>«voluit,</strong></span> <span class='ocrx_word' id='word_1_28' title='bbox 273 853 356 946; x_wconf 85' lang='lat' dir='ltr'><strong>perti</strong></span> <span class='ocrx_word' id='word_1_29' title='bbox 377 853 510 946; x_wconf 89' lang='lat' dir='ltr'><strong>quidem</strong></span> <span class='ocrx_word' id='word_1_30' title='bbox 530 852 675 923; x_wconf 74' lang='lat' dir='ltr'><strong>adversae</strong></span> <span class='ocrx_word' id='word_1_31' title='bbox 701 873 761 944; x_wconf 89' lang='lat' dir='ltr'><strong>pro</strong></span> <span class='ocrx_word' id='word_1_32' title='bbox 783 853 982 944; x_wconf 76' lang='lat' dir='ltr'><strong>reparatione</strong></span> <span class='ocrx_word' id='word_1_33' title='bbox 1006 851 1118 921; x_wconf 93' lang='lat' dir='ltr'><strong>damni</strong></span> <span class='ocrx_word' id='word_1_34' title='bbox 1143 853 1224 920; x_wconf 88' lang='lat' dir='ltr'><strong>illati</strong></span> 
     </span>
     <span class='ocr_line' id='line_1_6' title="bbox 91 959 1224 1051; baseline 0 -25"><span class='ocrx_word' id='word_1_35' title='bbox 91 987 107 1026; x_wconf 80' lang='lat' dir='ltr'><strong>u</strong></span> <span class='ocrx_word' id='word_1_36' title='bbox 130 960 329 1051; x_wconf 76' lang='lat' dir='ltr'><strong>obligabitur</strong></span> <span class='ocrx_word' id='word_1_37' title='bbox 347 987 355 1028; x_wconf 76' lang='grc' dir='ltr'><strong>ι</strong></span> <span class='ocrx_word' id='word_1_38' title='bbox 373 983 439 1029; x_wconf 91' lang='lat' dir='ltr'><strong>non</strong></span> <span class='ocrx_word' id='word_1_39' title='bbox 459 969 570 1028; x_wconf 69' lang='lat' dir='ltr'><strong>mmen</strong></span> <span class='ocrx_word' id='word_1_40' title='bbox 590 959 710 1046; x_wconf 91' lang='lat' dir='ltr'><strong>clienti,</strong></span> <span class='ocrx_word' id='word_1_41' title='bbox 735 967 845 1050; x_wconf 90' lang='lat' dir='ltr'><strong>utpote</strong></span> <span class='ocrx_word' id='word_1_42' title='bbox 862 959 920 1050; x_wconf 94' lang='lat' dir='ltr'><strong>qui</strong></span> <span class='ocrx_word' id='word_1_43' title='bbox 938 959 1042 1028; x_wconf 89' lang='lat' dir='ltr'><strong>sciens</strong></span> <span class='ocrx_word' id='word_1_44' title='bbox 1061 967 1093 1028; x_wconf 88' lang='lat' dir='ltr'><strong>et</strong></span> <span class='ocrx_word' id='word_1_45' title='bbox 1111 959 1224 1028; x_wconf 88' lang='lat' dir='ltr'><strong>volens</strong></span> 
     </span>
     <span class='ocr_line' id='line_1_7' title="bbox 92 1065 1223 1158; baseline 0.003 -28"><span class='ocrx_word' id='word_1_46' title='bbox 92 1095 109 1132; x_wconf 80' lang='lat' dir='ltr'><strong>u</strong></span> <span class='ocrx_word' id='word_1_47' title='bbox 131 1066 290 1136; x_wconf 77' lang='lat' dir='ltr'><strong>damnum</strong></span> <span class='ocrx_word' id='word_1_48' title='bbox 306 1067 367 1136; x_wconf 90' lang='lat' dir='ltr'><strong>boc</strong></span> <span class='ocrx_word' id='word_1_49' title='bbox 383 1089 497 1158; x_wconf 88' lang='lat' dir='ltr'><strong>passus</strong></span> <span class='ocrx_word' id='word_1_50' title='bbox 512 1075 570 1135; x_wconf 91' lang='lat' dir='ltr'><strong>est.</strong></span> <span class='ocrx_word' id='word_1_51' title='bbox 590 1093 607 1131; x_wconf 76' lang='lat' dir='ltr'><strong>o</strong></span> <span class='ocrx_word' id='word_1_52' title='bbox 629 1065 942 1157; x_wconf 83' lang='lat' dir='ltr'><strong>(Schmalzgmeber‚</strong></span> <span class='ocrx_word' id='word_1_53' title='bbox 964 1066 998 1134; x_wconf 91' lang='lat' dir='ltr'><strong>in</strong></span> <span class='ocrx_word' id='word_1_54' title='bbox 1018 1065 1151 1134; x_wconf 91' lang='lat' dir='ltr'><strong>titulum</strong></span> <span class='ocrx_word' id='word_1_55' title='bbox 1169 1069 1223 1154; x_wconf 73' lang='lat'><strong>37,</strong></span> 
     </span>
     <span class='ocr_line' id='line_1_8' title="bbox 87 1171 1225 1260; baseline 0 -20"><span class='ocrx_word' id='word_1_56' title='bbox 87 1172 164 1240; x_wconf 87' lang='lat' dir='ltr'><strong>libri</strong></span> <span class='ocrx_word' id='word_1_57' title='bbox 184 1176 199 1241; x_wconf 89' lang='lat' dir='ltr'><strong>t</strong></span> <span class='ocrx_word' id='word_1_58' title='bbox 218 1173 449 1260; x_wconf 87' lang='lat' dir='ltr'><strong>Decretalium,</strong></span> <span class='ocrx_word' id='word_1_59' title='bbox 471 1195 505 1240; x_wconf 90' lang='lat' dir='ltr'><strong>n.</strong></span> <span class='ocrx_word' id='word_1_60' title='bbox 533 1176 590 1259; x_wconf 76' lang='lat'><strong>153</strong></span> <span class='ocrx_word' id='word_1_61' title='bbox 613 1179 644 1240; x_wconf 88' lang='lat' dir='ltr'><strong>et</strong></span> <span class='ocrx_word' id='word_1_62' title='bbox 668 1183 823 1242; x_wconf 75' lang='lat' dir='ltr'><strong>consonat</strong></span> <span class='ocrx_word' id='word_1_63' title='bbox 845 1173 1031 1242; x_wconf 88' lang='lat' dir='ltr'><strong>communis</strong></span> <span class='ocrx_word' id='word_1_64' title='bbox 1056 1171 1225 1242; x_wconf 84' lang='lat' dir='ltr'><strong>doetomm</strong></span> 
     </span>
     <span class='ocr_line' id='line_1_9' title="bbox 89 1279 272 1370; baseline 0 -24"><span class='ocrx_word' id='word_1_65' title='bbox 89 1279 272 1370; x_wconf 71' lang='lat' dir='ltr'><strong>sententia.)</strong></span> 
     </span>
    </p>

    <p class='ocr_par' dir='ltr' id='par_1_4' title="bbox 92 1386 1299 2225">
     <span class='ocr_line' id='line_1_10' title="bbox 133 1386 1227 1479; baseline 0 -25"><span class='ocrx_word' id='word_1_66' title='bbox 133 1390 164 1454; x_wconf 77' lang='lat'><strong>2.</strong></span> <span class='ocrx_word' id='word_1_67' title='bbox 185 1387 347 1456; x_wconf 77' lang='lat' dir='ltr'><strong>«Certum</strong></span> <span class='ocrx_word' id='word_1_68' title='bbox 363 1395 488 1457; x_wconf 86' lang='lat' dir='ltr'><strong>estnon</strong></span> <span class='ocrx_word' id='word_1_69' title='bbox 500 1409 568 1456; x_wconf 89' lang='lat' dir='ltr'><strong>esse</strong></span> <span class='ocrx_word' id='word_1_70' title='bbox 582 1409 677 1479; x_wconf 92' lang='lat' dir='ltr'><strong>opus,</strong></span> <span class='ocrx_word' id='word_1_71' title='bbox 691 1395 727 1456; x_wconf 91' lang='lat' dir='ltr'><strong>ut</strong></span> <span class='ocrx_word' id='word_1_72' title='bbox 740 1386 915 1456; x_wconf 84' lang='lat' dir='ltr'><strong>advocatus</strong></span> <span class='ocrx_word' id='word_1_73' title='bbox 929 1387 970 1454; x_wconf 86' lang='lat' dir='ltr'><strong>sit</strong></span> <span class='ocrx_word' id='word_1_74' title='bbox 981 1394 1087 1454; x_wconf 88' lang='lat' dir='ltr'><strong>certus</strong></span> <span class='ocrx_word' id='word_1_75' title='bbox 1101 1388 1140 1455; x_wconf 88' lang='lat' dir='ltr'><strong>de</strong></span> <span class='ocrx_word' id='word_1_76' title='bbox 1154 1387 1227 1479; x_wconf 84' lang='lat' dir='ltr'><strong>jus-</strong></span> 
     </span>
     <span class='ocr_line' id='line_1_11' title="bbox 93 1493 1225 1586; baseline 0.002 -28"><span class='ocrx_word' id='word_1_77' title='bbox 93 1521 109 1558; x_wconf 79' lang='lat'><strong>«</strong></span> <span class='ocrx_word' id='word_1_78' title='bbox 131 1493 201 1562; x_wconf 86' lang='lat' dir='ltr'><strong>titia</strong></span> <span class='ocrx_word' id='word_1_79' title='bbox 214 1515 320 1563; x_wconf 82' lang='lat' dir='ltr'><strong>causae</strong></span> <span class='ocrx_word' id='word_1_80' title='bbox 332 1517 434 1586; x_wconf 88' lang='lat' dir='ltr'><strong>quam</strong></span> <span class='ocrx_word' id='word_1_81' title='bbox 446 1495 596 1586; x_wconf 86' lang='lat' dir='ltr'><strong>suscipit3</strong></span> <span class='ocrx_word' id='word_1_82' title='bbox 611 1495 688 1586; x_wconf 85' lang='lat' dir='ltr'><strong>qnia</strong></span> <span class='ocrx_word' id='word_1_83' title='bbox 698 1503 802 1586; x_wconf 88' lang='lat' dir='ltr'><strong>potest</strong></span> <span class='ocrx_word' id='word_1_84' title='bbox 813 1495 977 1586; x_wconf 81' lang='lat' dir='ltr'><strong>suscipere</strong></span> <span class='ocrx_word' id='word_1_85' title='bbox 989 1493 1225 1562; x_wconf 82' lang='lat' dir='ltr'><strong>defendendam</strong></span> 
     </span>
     <span class='ocr_line' id='line_1_12' title="bbox 93 1601 1227 1692; baseline 0.002 -26"><span class='ocrx_word' id='word_1_86' title='bbox 93 1629 109 1666; x_wconf 78' lang='lat' dir='ltr'><strong>a</strong></span> <span class='ocrx_word' id='word_1_87' title='bbox 132 1623 264 1670; x_wconf 85' lang='lat' dir='ltr'><strong>oausam</strong></span> <span class='ocrx_word' id='word_1_88' title='bbox 281 1602 379 1668; x_wconf 89' lang='lat' dir='ltr'><strong>ctiam</strong></span> <span class='ocrx_word' id='word_1_89' title='bbox 392 1623 482 1670; x_wconf 90' lang='lat' dir='ltr'><strong>mere</strong></span> <span class='ocrx_word' id='word_1_90' title='bbox 495 1601 710 1692; x_wconf 83' lang='lat' dir='ltr'><strong>probabilem,</strong></span> <span class='ocrx_word' id='word_1_91' title='bbox 726 1601 839 1668; x_wconf 88' lang='lat' dir='ltr'><strong>saltem</strong></span> <span class='ocrx_word' id='word_1_92' title='bbox 855 1601 881 1668; x_wconf 90' lang='lat' dir='ltr'><strong>si</strong></span> <span class='ocrx_word' id='word_1_93' title='bbox 891 1602 933 1668; x_wconf 88' lang='lat' dir='ltr'><strong>sit</strong></span> <span class='ocrx_word' id='word_1_94' title='bbox 946 1623 1039 1691; x_wconf 77' lang='lat' dir='ltr'><strong>aeque</strong></span> <span class='ocrx_word' id='word_1_95' title='bbox 1052 1601 1227 1692; x_wconf 91' lang='lat' dir='ltr'><strong>probabilis</strong></span> 
     </span>
     <span class='ocr_line' id='line_1_13' title="bbox 94 1705 1299 1800; baseline 0.002 -28"><span class='ocrx_word' id='word_1_96' title='bbox 94 1735 110 1772; x_wconf 75' lang='lat' dir='ltr'><strong>e</strong></span> <span class='ocrx_word' id='word_1_97' title='bbox 133 1707 187 1776; x_wconf 81' lang='lat' dir='ltr'><strong>vel</strong></span> <span class='ocrx_word' id='word_1_98' title='bbox 206 1705 416 1799; x_wconf 83' lang='lat' dir='ltr'><strong>probabilior,</strong></span> <span class='ocrx_word' id='word_1_99' title='bbox 438 1731 539 1800; x_wconf 89' lang='lat' dir='ltr'><strong>quam</strong></span> <span class='ocrx_word' id='word_1_100' title='bbox 562 1709 604 1776; x_wconf 85' lang='lat' dir='ltr'><strong>sit</strong></span> <span class='ocrx_word' id='word_1_101' title='bbox 627 1731 724 1778; x_wconf 86' lang='lat' dir='ltr'><strong>causa</strong></span> <span class='ocrx_word' id='word_1_102' title='bbox 745 1708 901 1800; x_wconf 73' lang='lat' dir='ltr'><strong>oppositae</strong></span> <span class='ocrx_word' id='word_1_103' title='bbox 926 1707 1041 1800; x_wconf 88' lang='lat' dir='ltr'><strong>partis.</strong></span> <span class='ocrx_word' id='word_1_104' title='bbox 1067 1707 1161 1776; x_wconf 89' lang='lat' dir='ltr'><strong>Ratio</strong></span> <span class='ocrx_word' id='word_1_105' title='bbox 1180 1717 1228 1776; x_wconf 88' lang='lat' dir='ltr'><strong>est</strong></span> <span class='ocrx_word' id='word_1_106' title='bbox 1295 1709 1299 1719; x_wconf 92' lang='lat'><em>&#39;</em></span> 
     </span>
     <span class='ocr_line' id='line_1_14' title="bbox 94 1812 1229 1906; baseline 0.004 -28"><span class='ocrx_word' id='word_1_107' title='bbox 94 1841 111 1878; x_wconf 76' lang='lat' dir='ltr'><strong>u</strong></span> <span class='ocrx_word' id='word_1_108' title='bbox 132 1815 211 1906; x_wconf 89' lang='lat' dir='ltr'><strong>quia</strong></span> <span class='ocrx_word' id='word_1_109' title='bbox 226 1815 253 1882; x_wconf 89' lang='lat' dir='ltr'><strong>si</strong></span> <span class='ocrx_word' id='word_1_110' title='bbox 266 1812 327 1882; x_wconf 90' lang='lat' dir='ltr'><strong>hoe</strong></span> <span class='ocrx_word' id='word_1_111' title='bbox 341 1835 407 1882; x_wconf 93' lang='lat' dir='ltr'><strong>non</strong></span> <span class='ocrx_word' id='word_1_112' title='bbox 423 1814 544 1901; x_wconf 89' lang='lat' dir='ltr'><strong>liceret,</strong></span> <span class='ocrx_word' id='word_1_113' title='bbox 566 1816 623 1885; x_wconf 87' lang='lat' dir='ltr'><strong>vix</strong></span> <span class='ocrx_word' id='word_1_114' title='bbox 646 1837 792 1906; x_wconf 90' lang='lat' dir='ltr'><strong>uuquam</strong></span> <span class='ocrx_word' id='word_1_115' title='bbox 815 1813 923 1883; x_wconf 89' lang='lat' dir='ltr'><strong>liceret</strong></span> <span class='ocrx_word' id='word_1_116' title='bbox 941 1813 1096 1882; x_wconf 83' lang='lat' dir='ltr'><strong>advocato</strong></span> <span class='ocrx_word' id='word_1_117' title='bbox 1115 1823 1229 1906; x_wconf 88' lang='lat' dir='ltr'><strong>patro-</strong></span> 
     </span>
     <span class='ocr_line' id='line_1_15' title="bbox 94 1921 1229 2013; baseline 0.002 -25"><span class='ocrx_word' id='word_1_118' title='bbox 94 1921 259 1990; x_wconf 76' lang='lat' dir='ltr'><strong>«ciuium</strong></span> <span class='ocrx_word' id='word_1_119' title='bbox 284 1921 500 2013; x_wconf 86' lang='lat' dir='ltr'><strong>interponere,</strong></span> <span class='ocrx_word' id='word_1_120' title='bbox 522 1945 598 1992; x_wconf 92' lang='lat' dir='ltr'><strong>cum</strong></span> <span class='ocrx_word' id='word_1_121' title='bbox 615 1922 687 1990; x_wconf 90' lang='lat' dir='ltr'><strong>lites</strong></span> <span class='ocrx_word' id='word_1_122' title='bbox 707 1921 774 1990; x_wconf 87' lang='lat' dir='ltr'><strong>lere</strong></span> <span class='ocrx_word' id='word_1_123' title='bbox 796 1943 910 1990; x_wconf 89' lang='lat' dir='ltr'><strong>omnes</strong></span> <span class='ocrx_word' id='word_1_124' title='bbox 930 1921 1080 1990; x_wconf 87' lang='lat' dir='ltr'><strong>oriantur</strong></span> <span class='ocrx_word' id='word_1_125' title='bbox 1102 1943 1143 1990; x_wconf 89' lang='lat' dir='ltr'><strong>ex</strong></span> <span class='ocrx_word' id='word_1_126' title='bbox 1155 1921 1229 2013; x_wconf 84' lang='lat' dir='ltr'><strong>jure</strong></span> 
     </span>
     <span class='ocr_line' id='line_1_16' title="bbox 95 2027 1230 2120; baseline 0 -25"><span class='ocrx_word' id='word_1_127' title='bbox 95 2055 113 2094; x_wconf 80' lang='lat' dir='ltr'><strong>u</strong></span> <span class='ocrx_word' id='word_1_128' title='bbox 134 2027 187 2096; x_wconf 86' lang='lat' dir='ltr'><strong>vel</strong></span> <span class='ocrx_word' id='word_1_129' title='bbox 203 2028 287 2096; x_wconf 82' lang='lat' dir='ltr'><strong>tacto</strong></span> <span class='ocrx_word' id='word_1_130' title='bbox 306 2027 416 2098; x_wconf 91' lang='lat' dir='ltr'><strong>dubio.</strong></span> <span class='ocrx_word' id='word_1_131' title='bbox 435 2053 452 2094; x_wconf 85' lang='lat' dir='ltr'><strong>n</strong></span> <span class='ocrx_word' id='word_1_132' title='bbox 475 2028 791 2120; x_wconf 80' lang='lat' dir='ltr'><strong>(Sebmalzgrneber,</strong></span> <span class='ocrx_word' id='word_1_133' title='bbox 807 2027 878 2113; x_wconf 87' lang='lat' dir='ltr'><strong>loeo</strong></span> <span class='ocrx_word' id='word_1_134' title='bbox 899 2029 1009 2116; x_wconf 87' lang='lat' dir='ltr'><strong>citato;</strong></span> <span class='ocrx_word' id='word_1_135' title='bbox 1030 2035 1062 2097; x_wconf 89' lang='lat' dir='ltr'><strong>et</strong></span> <span class='ocrx_word' id='word_1_136' title='bbox 1076 2035 1230 2096; x_wconf 86' lang='lat' dir='ltr'><strong>consonat</strong></span> 
     </span>
     <span class='ocr_line' id='line_1_17' title="bbox 92 2132 661 2225; baseline -0.002 -22"><span class='ocrx_word' id='word_1_137' title='bbox 92 2135 278 2203; x_wconf 88' lang='lat' dir='ltr'><strong>eommunis</strong></span> <span class='ocrx_word' id='word_1_138' title='bbox 291 2132 461 2204; x_wconf 88' lang='lat' dir='ltr'><strong>doctorum</strong></span> <span class='ocrx_word' id='word_1_139' title='bbox 478 2135 661 2225; x_wconf 88' lang='lat' dir='ltr'><strong>sententie.)</strong></span> 
     </span>
    </p>

    <p class='ocr_par' dir='ltr' id='par_1_5' title="bbox 96 2241 1235 3274">
     <span class='ocr_line' id='line_1_18' title="bbox 136 2241 1231 2333; baseline 0 -23"><span class='ocrx_word' id='word_1_140' title='bbox 136 2245 168 2310; x_wconf 76' lang='lat' dir='ltr'><strong>l.</strong></span> <span class='ocrx_word' id='word_1_141' title='bbox 191 2241 357 2310; x_wconf 72' lang='lat' dir='ltr'><strong>«Certum</strong></span> <span class='ocrx_word' id='word_1_142' title='bbox 374 2249 422 2310; x_wconf 90' lang='lat' dir='ltr'><strong>est</strong></span> <span class='ocrx_word' id='word_1_143' title='bbox 440 2265 507 2311; x_wconf 92' lang='lat' dir='ltr'><strong>nou</strong></span> <span class='ocrx_word' id='word_1_144' title='bbox 521 2263 614 2333; x_wconf 88' lang='lat' dir='ltr'><strong>posse</strong></span> <span class='ocrx_word' id='word_1_145' title='bbox 632 2242 728 2312; x_wconf 88' lang='lat' dir='ltr'><strong>illum</strong></span> <span class='ocrx_word' id='word_1_146' title='bbox 748 2242 909 2333; x_wconf 82' lang='lat' dir='ltr'><strong>suscipere</strong></span> <span class='ocrx_word' id='word_1_147' title='bbox 928 2263 1059 2311; x_wconf 74' lang='lat' dir='ltr'><strong>caumm</strong></span> <span class='ocrx_word' id='word_1_148' title='bbox 1077 2241 1231 2333; x_wconf 88' lang='lat' dir='ltr'><strong>probabi-</strong></span> 
     </span>
     <span class='ocr_line' id='line_1_19' title="bbox 96 2347 1230 2442; baseline 0.005 -28"><span class='ocrx_word' id='word_1_149' title='bbox 96 2375 113 2413; x_wconf 74' lang='grc' dir='ltr'><strong>α</strong></span> <span class='ocrx_word' id='word_1_150' title='bbox 136 2347 216 2435; x_wconf 89' lang='lat' dir='ltr'><strong>lem,</strong></span> <span class='ocrx_word' id='word_1_151' title='bbox 231 2348 344 2440; x_wconf 89' lang='lat' dir='ltr'><strong>inqua</strong></span> <span class='ocrx_word' id='word_1_152' title='bbox 360 2349 450 2418; x_wconf 86' lang='lat' dir='ltr'><strong>nulla</strong></span> <span class='ocrx_word' id='word_1_153' title='bbox 464 2371 536 2442; x_wconf 88' lang='lat' dir='ltr'><strong>spes</strong></span> <span class='ocrx_word' id='word_1_154' title='bbox 551 2349 696 2441; x_wconf 88' lang='lat' dir='ltr'><strong>prudens</strong></span> <span class='ocrx_word' id='word_1_155' title='bbox 710 2348 843 2439; x_wconf 79' lang='lat' dir='ltr'><strong>affulget</strong></span> <span class='ocrx_word' id='word_1_156' title='bbox 854 2349 1012 2436; x_wconf 72' lang='lat' dir='ltr'><strong>victorie,</strong></span> <span class='ocrx_word' id='word_1_157' title='bbox 1025 2351 1088 2418; x_wconf 88' lang='lat' dir='ltr'><strong>nisi</strong></span> <span class='ocrx_word' id='word_1_158' title='bbox 1104 2352 1230 2420; x_wconf 92' lang='lat' dir='ltr'><strong>monito</strong></span> 
     </span>
     <span class='ocr_line' id='line_1_20' title="bbox 97 2454 1230 2547; baseline 0.005 -28"><span class='ocrx_word' id='word_1_159' title='bbox 97 2479 114 2519; x_wconf 77' lang='lat' dir='ltr'><strong>u</strong></span> <span class='ocrx_word' id='word_1_160' title='bbox 137 2455 229 2546; x_wconf 88' lang='lat' dir='ltr'><strong>prins</strong></span> <span class='ocrx_word' id='word_1_161' title='bbox 244 2454 284 2523; x_wconf 89' lang='lat' dir='ltr'><strong>ds</strong></span> <span class='ocrx_word' id='word_1_162' title='bbox 300 2455 360 2524; x_wconf 88' lang='lat' dir='ltr'><strong>boc</strong></span> <span class='ocrx_word' id='word_1_163' title='bbox 374 2456 518 2547; x_wconf 88' lang='lat' dir='ltr'><strong>periculo</strong></span> <span class='ocrx_word' id='word_1_164' title='bbox 531 2478 591 2525; x_wconf 90' lang='lat' dir='ltr'><strong>suo</strong></span> <span class='ocrx_word' id='word_1_165' title='bbox 606 2455 732 2524; x_wconf 87' lang='lat' dir='ltr'><strong>cliente.</strong></span> <span class='ocrx_word' id='word_1_166' title='bbox 748 2454 844 2524; x_wconf 82' lang='lat' dir='ltr'><strong>Ratio</strong></span> <span class='ocrx_word' id='word_1_167' title='bbox 859 2463 918 2542; x_wconf 87' lang='lat' dir='ltr'><strong>est,</strong></span> <span class='ocrx_word' id='word_1_168' title='bbox 935 2455 1012 2547; x_wconf 89' lang='lat' dir='ltr'><strong>quia</strong></span> <span class='ocrx_word' id='word_1_169' title='bbox 1027 2456 1230 2547; x_wconf 87' lang='lat' dir='ltr'><strong>suscipiendo</strong></span> 
     </span>
     <span class='ocr_line' id='line_1_21' title="bbox 96 2560 1231 2655; baseline 0.004 -29"><span class='ocrx_word' id='word_1_170' title='bbox 96 2587 115 2626; x_wconf 83' lang='lat' dir='ltr'><strong>u</strong></span> <span class='ocrx_word' id='word_1_171' title='bbox 136 2560 300 2652; x_wconf 71' lang='lat' dir='ltr'><strong>eiusmodi</strong></span> <span class='ocrx_word' id='word_1_172' title='bbox 320 2583 466 2649; x_wconf 88' lang='lat' dir='ltr'><strong>oausam,</strong></span> <span class='ocrx_word' id='word_1_173' title='bbox 482 2561 571 2631; x_wconf 87' lang='lat' dir='ltr'><strong>nulla</strong></span> <span class='ocrx_word' id='word_1_174' title='bbox 591 2563 714 2654; x_wconf 82' lang='lat' dir='ltr'><strong>praevia</strong></span> <span class='ocrx_word' id='word_1_175' title='bbox 729 2562 907 2630; x_wconf 87' lang='lat' dir='ltr'><strong>monitione</strong></span> <span class='ocrx_word' id='word_1_176' title='bbox 922 2561 962 2630; x_wconf 92' lang='lat' dir='ltr'><strong>de</strong></span> <span class='ocrx_word' id='word_1_177' title='bbox 979 2562 1135 2655; x_wconf 91' lang='lat' dir='ltr'><strong>periculo,</strong></span> <span class='ocrx_word' id='word_1_178' title='bbox 1151 2563 1231 2632; x_wconf 90' lang='lat' dir='ltr'><strong>sub-</strong></span> 
     </span>
     <span class='ocr_line' id='line_1_22' title="bbox 97 2667 1231 2759; baseline 0.003 -25"><span class='ocrx_word' id='word_1_179' title='bbox 97 2668 207 2759; x_wconf 78' lang='lat' dir='ltr'><strong>«jieit</strong></span> <span class='ocrx_word' id='word_1_180' title='bbox 232 2669 382 2738; x_wconf 87' lang='lat' dir='ltr'><strong>clientem</strong></span> <span class='ocrx_word' id='word_1_181' title='bbox 405 2691 503 2738; x_wconf 90' lang='lat' dir='ltr'><strong>suum</strong></span> <span class='ocrx_word' id='word_1_182' title='bbox 527 2667 699 2738; x_wconf 81' lang='lat' dir='ltr'><strong>manifesto</strong></span> <span class='ocrx_word' id='word_1_183' title='bbox 723 2667 917 2756; x_wconf 76' lang='lat' dir='ltr'><strong>discrimini,</strong></span> <span class='ocrx_word' id='word_1_184' title='bbox 942 2691 1019 2736; x_wconf 92' lang='lat' dir='ltr'><strong>cum</strong></span> <span class='ocrx_word' id='word_1_185' title='bbox 1043 2669 1166 2759; x_wconf 90' lang='lat' dir='ltr'><strong>sperari</strong></span> <span class='ocrx_word' id='word_1_186' title='bbox 1189 2690 1231 2738; x_wconf 80' lang='lat' dir='ltr'><strong>ex</strong></span> 
     </span>
     <span class='ocr_line' id='line_1_23' title="bbox 98 2774 1230 2867; baseline 0.004 -27"><span class='ocrx_word' id='word_1_187' title='bbox 98 2801 115 2840; x_wconf 77' lang='lat' dir='ltr'><strong>u</strong></span> <span class='ocrx_word' id='word_1_188' title='bbox 139 2774 320 2866; x_wconf 88' lang='lat' dir='ltr'><strong>patrocinio</strong></span> <span class='ocrx_word' id='word_1_189' title='bbox 333 2774 420 2844; x_wconf 89' lang='lat' dir='ltr'><strong>illius</strong></span> <span class='ocrx_word' id='word_1_190' title='bbox 434 2774 516 2843; x_wconf 93' lang='lat' dir='ltr'><strong>nibil</strong></span> <span class='ocrx_word' id='word_1_191' title='bbox 527 2774 615 2844; x_wconf 87' lang='lat' dir='ltr'><strong>aliud</strong></span> <span class='ocrx_word' id='word_1_192' title='bbox 626 2774 737 2867; x_wconf 85' lang='lat' dir='ltr'><strong>possit,</strong></span> <span class='ocrx_word' id='word_1_193' title='bbox 750 2796 851 2866; x_wconf 89' lang='lat' dir='ltr'><strong>quam</strong></span> <span class='ocrx_word' id='word_1_194' title='bbox 862 2774 1230 2866; x_wconf 79' lang='lat' dir='ltr'><strong>expensasirustraneae.</strong></span> 
     </span>
     <span class='ocr_line' id='line_1_24' title="bbox 98 2881 1234 2974; baseline 0.004 -28"><span class='ocrx_word' id='word_1_195' title='bbox 98 2907 116 2946; x_wconf 80' lang='lat' dir='ltr'><strong>u</strong></span> <span class='ocrx_word' id='word_1_196' title='bbox 139 2881 191 2950; x_wconf 86' lang='lat' dir='ltr'><strong>Ex</strong></span> <span class='ocrx_word' id='word_1_197' title='bbox 206 2904 272 2974; x_wconf 92' lang='lat' dir='ltr'><strong>quo</strong></span> <span class='ocrx_word' id='word_1_198' title='bbox 287 2882 448 2974; x_wconf 87' lang='lat' dir='ltr'><strong>sequitur,</strong></span> <span class='ocrx_word' id='word_1_199' title='bbox 464 2882 494 2951; x_wconf 91' lang='lat' dir='ltr'><strong>si</strong></span> <span class='ocrx_word' id='word_1_200' title='bbox 505 2881 680 2952; x_wconf 88' lang='lat' dir='ltr'><strong>advocatus</strong></span> <span class='ocrx_word' id='word_1_201' title='bbox 695 2881 774 2952; x_wconf 85' lang='lat' dir='ltr'><strong>sciat</strong></span> <span class='ocrx_word' id='word_1_202' title='bbox 789 2883 824 2950; x_wconf 88' lang='lat' dir='ltr'><strong>in</strong></span> <span class='ocrx_word' id='word_1_203' title='bbox 836 2881 1005 2950; x_wconf 85' lang='lat' dir='ltr'><strong>dieasterio</strong></span> <span class='ocrx_word' id='word_1_204' title='bbox 1020 2881 1054 2949; x_wconf 93' lang='lat' dir='ltr'><strong>in</strong></span> <span class='ocrx_word' id='word_1_205' title='bbox 1070 2903 1136 2973; x_wconf 87' lang='lat' dir='ltr'><strong>quo</strong></span> <span class='ocrx_word' id='word_1_206' title='bbox 1151 2903 1234 2951; x_wconf 88' lang='lat' dir='ltr'><strong>can-</strong></span> 
     </span>
     <span class='ocr_line' id='line_1_25' title="bbox 99 2989 1235 3080; baseline 0.005 -28"><span class='ocrx_word' id='word_1_207' title='bbox 99 3015 116 3052; x_wconf 78' lang='lat' dir='ltr'><strong>u</strong></span> <span class='ocrx_word' id='word_1_208' title='bbox 141 3009 213 3056; x_wconf 86' lang='lat' dir='ltr'><strong>sam</strong></span> <span class='ocrx_word' id='word_1_209' title='bbox 226 2996 356 3080; x_wconf 85' lang='lat' dir='ltr'><strong>perorat</strong></span> <span class='ocrx_word' id='word_1_210' title='bbox 370 2989 539 3079; x_wconf 86' lang='lat' dir='ltr'><strong>practicari</strong></span> <span class='ocrx_word' id='word_1_211' title='bbox 569 2990 761 3058; x_wconf 89' lang='lat' dir='ltr'><strong>sententiam</strong></span> <span class='ocrx_word' id='word_1_212' title='bbox 778 3011 847 3058; x_wconf 75' lang='lat' dir='ltr'><strong>sure</strong></span> <span class='ocrx_word' id='word_1_213' title='bbox 861 2989 1072 3076; x_wconf 84' lang='lat' dir='ltr'><strong>contrariam,</strong></span> <span class='ocrx_word' id='word_1_214' title='bbox 1086 3011 1164 3058; x_wconf 91' lang='lat' dir='ltr'><strong>eum</strong></span> <span class='ocrx_word' id='word_1_215' title='bbox 1177 2990 1235 3058; x_wconf 88' lang='lat' dir='ltr'><strong>de-</strong></span> 
     </span>
     <span class='ocr_line' id='line_1_26' title="bbox 98 3093 1233 3188; baseline 0.004 -28"><span class='ocrx_word' id='word_1_216' title='bbox 98 3123 117 3160; x_wconf 80' lang='lat' dir='ltr'><strong>u</strong></span> <span class='ocrx_word' id='word_1_217' title='bbox 140 3097 218 3164; x_wconf 89' lang='lat' dir='ltr'><strong>bere</strong></span> <span class='ocrx_word' id='word_1_218' title='bbox 236 3093 388 3166; x_wconf 78' lang='lat' dir='ltr'><strong>desistere</strong></span> <span class='ocrx_word' id='word_1_219' title='bbox 406 3119 426 3164; x_wconf 91' lang='lat' dir='ltr'><strong>a</strong></span> <span class='ocrx_word' id='word_1_220' title='bbox 446 3095 624 3187; x_wconf 90' lang='lat' dir='ltr'><strong>patrocinio</strong></span> <span class='ocrx_word' id='word_1_221' title='bbox 644 3121 661 3162; x_wconf 76' lang='lat' dir='ltr'><strong>n</strong></span> <span class='ocrx_word' id='word_1_222' title='bbox 683 3095 999 3188; x_wconf 71' lang='lat' dir='ltr'><strong>(Scbmalzgrueber,</strong></span> <span class='ocrx_word' id='word_1_223' title='bbox 1017 3094 1088 3165; x_wconf 94' lang='lat' dir='ltr'><strong>loco</strong></span> <span class='ocrx_word' id='word_1_224' title='bbox 1109 3097 1233 3188; x_wconf 61' lang='lat' dir='ltr'><strong>citatop</strong></span> 
     </span>
     <span class='ocr_line' id='line_1_27' title="bbox 96 3202 704 3274; baseline -0.002 -2"><span class='ocrx_word' id='word_1_225' title='bbox 96 3205 135 3272; x_wconf 93' lang='lat' dir='ltr'><strong>ln</strong></span> <span class='ocrx_word' id='word_1_226' title='bbox 150 3202 213 3272; x_wconf 91' lang='lat' dir='ltr'><strong>hoc</strong></span> <span class='ocrx_word' id='word_1_227' title='bbox 225 3203 323 3272; x_wconf 84' lang='lat' dir='ltr'><strong>etiam</strong></span> <span class='ocrx_word' id='word_1_228' title='bbox 338 3203 533 3274; x_wconf 82' lang='lat' dir='ltr'><strong>concordant</strong></span> <span class='ocrx_word' id='word_1_229' title='bbox 547 3202 704 3273; x_wconf 86' lang='lat' dir='ltr'><strong>doctores.</strong></span> 
     </span>
    </p>

    <p class='ocr_par' dir='ltr' id='par_1_6' title="bbox 99 3306 1240 3724">
     <span class='ocr_line' id='line_1_28' title="bbox 145 3306 1236 3405; baseline 0.006 -29"><span class='ocrx_word' id='word_1_230' title='bbox 145 3315 177 3378; x_wconf 84' lang='lat'><strong>5.</strong></span> <span class='ocrx_word' id='word_1_231' title='bbox 195 3311 249 3378; x_wconf 81' lang='lat' dir='ltr'><strong>An</strong></span> <span class='ocrx_word' id='word_1_232' title='bbox 263 3319 373 3380; x_wconf 89' lang='lat' dir='ltr'><strong>autem</strong></span> <span class='ocrx_word' id='word_1_233' title='bbox 388 3333 518 3380; x_wconf 88' lang='lat' dir='ltr'><strong>causam</strong></span> <span class='ocrx_word' id='word_1_234' title='bbox 533 3312 695 3400; x_wconf 86' lang='lat' dir='ltr'><strong>suscipere</strong></span> <span class='ocrx_word' id='word_1_235' title='bbox 709 3311 809 3402; x_wconf 88' lang='lat' dir='ltr'><strong>possit</strong></span> <span class='ocrx_word' id='word_1_236' title='bbox 823 3306 1074 3399; x_wconf 81' lang='lat' dir='ltr'><strong>defendendam,</strong></span> <span class='ocrx_word' id='word_1_237' title='bbox 1092 3314 1236 3405; x_wconf 87' lang='lat' dir='ltr'><strong>quando,</strong></span> 
     </span>
     <span class='ocr_line' id='line_1_29' title="bbox 99 3416 1240 3514; baseline 0.004 -28"><span class='ocrx_word' id='word_1_238' title='bbox 99 3417 175 3486; x_wconf 88' lang='lat' dir='ltr'><strong>licet</strong></span> <span class='ocrx_word' id='word_1_239' title='bbox 189 3440 254 3486; x_wconf 95' lang='lat' dir='ltr'><strong>non</strong></span> <span class='ocrx_word' id='word_1_240' title='bbox 267 3417 394 3487; x_wconf 90' lang='lat' dir='ltr'><strong>modica</strong></span> <span class='ocrx_word' id='word_1_241' title='bbox 407 3419 551 3487; x_wconf 76' lang='lat' dir='ltr'><strong>victoriae</strong></span> <span class='ocrx_word' id='word_1_242' title='bbox 567 3441 640 3508; x_wconf 86' lang='lat' dir='ltr'><strong>spes</strong></span> <span class='ocrx_word' id='word_1_243' title='bbox 653 3416 817 3507; x_wconf 79' lang='lat' dir='ltr'><strong>affulgeat,</strong></span> <span class='ocrx_word' id='word_1_244' title='bbox 840 3418 946 3508; x_wconf 86' lang='lat' dir='ltr'><strong>major</strong></span> <span class='ocrx_word' id='word_1_245' title='bbox 961 3425 1070 3488; x_wconf 69' lang='lat' dir='ltr'><strong>nmen</strong></span> <span class='ocrx_word' id='word_1_246' title='bbox 1086 3430 1148 3489; x_wconf 87' lang='lat' dir='ltr'><strong>stat</strong></span> <span class='ocrx_word' id='word_1_247' title='bbox 1161 3443 1240 3514; x_wconf 91' lang='lat' dir='ltr'><strong>pro-</strong></span> 
     </span>
     <span class='ocr_line' id='line_1_30' title="bbox 100 3525 1240 3616; baseline 0.005 -23"><span class='ocrx_word' id='word_1_248' title='bbox 100 3525 251 3594; x_wconf 85' lang='lat' dir='ltr'><strong>babilitas</strong></span> <span class='ocrx_word' id='word_1_249' title='bbox 275 3548 334 3616; x_wconf 90' lang='lat' dir='ltr'><strong>pro</strong></span> <span class='ocrx_word' id='word_1_250' title='bbox 355 3525 561 3594; x_wconf 75' lang='lat' dir='ltr'><strong>adversario?</strong></span> <span class='ocrx_word' id='word_1_251' title='bbox 581 3527 668 3595; x_wconf 87' lang='lat' dir='ltr'><strong>Inter</strong></span> <span class='ocrx_word' id='word_1_252' title='bbox 688 3525 832 3594; x_wconf 87' lang='lat' dir='ltr'><strong>doctores</strong></span> <span class='ocrx_word' id='word_1_253' title='bbox 851 3527 1113 3597; x_wconf 83' lang='lat' dir='ltr'><strong>controvertitur.</strong></span> <span class='ocrx_word' id='word_1_254' title='bbox 1139 3529 1240 3599; x_wconf 89' lang='lat' dir='ltr'><strong>Com·</strong></span> 
     </span>
     <span class='ocr_line' id='line_1_31' title="bbox 103 3630 1240 3724; baseline 0.005 -25"><span class='ocrx_word' id='word_1_255' title='bbox 103 3633 238 3700; x_wconf 89' lang='lat' dir='ltr'><strong>munius</strong></span> <span class='ocrx_word' id='word_1_256' title='bbox 253 3639 363 3700; x_wconf 90' lang='lat' dir='ltr'><strong>tamen</strong></span> <span class='ocrx_word' id='word_1_257' title='bbox 377 3631 570 3700; x_wconf 85' lang='lat' dir='ltr'><strong>affirmative</strong></span> <span class='ocrx_word' id='word_1_258' title='bbox 584 3630 793 3724; x_wconf 88' lang='lat' dir='ltr'><strong>respondent,</strong></span> <span class='ocrx_word' id='word_1_259' title='bbox 815 3631 912 3700; x_wconf 92' lang='lat' dir='ltr'><strong>modo</strong></span> <span class='ocrx_word' id='word_1_260' title='bbox 928 3631 1103 3703; x_wconf 85' lang='lat' dir='ltr'><strong>advocatus</strong></span> <span class='ocrx_word' id='word_1_261' title='bbox 1117 3636 1157 3704; x_wconf 90' lang='lat' dir='ltr'><strong>de</strong></span> <span class='ocrx_word' id='word_1_262' title='bbox 1171 3638 1240 3705; x_wconf 91' lang='lat' dir='ltr'><strong>mi-</strong></span> 
     </span>
    </p>

    <p class='ocr_par' dir='ltr' id='par_1_7' title="bbox 19 3738 1240 3942">
     <span class='ocr_line' id='line_1_32' title="bbox 19 3738 1240 3831; baseline 0.008 -26"><span class='ocrx_word' id='word_1_263' title='bbox 19 3749 20 3760; x_wconf 59' lang='lat'><em>*</em></span> <span class='ocrx_word' id='word_1_264' title='bbox 103 3739 177 3808; x_wconf 90' lang='lat' dir='ltr'><strong>nori</strong></span> <span class='ocrx_word' id='word_1_265' title='bbox 194 3739 418 3830; x_wconf 86' lang='lat' dir='ltr'><strong>probabilitate</strong></span> <span class='ocrx_word' id='word_1_266' title='bbox 430 3739 581 3808; x_wconf 89' lang='lat' dir='ltr'><strong>clientem</strong></span> <span class='ocrx_word' id='word_1_267' title='bbox 595 3748 735 3808; x_wconf 89' lang='lat' dir='ltr'><strong>moneat.</strong></span> <span class='ocrx_word' id='word_1_268' title='bbox 749 3738 845 3826; x_wconf 82' lang='lat' dir='ltr'><strong>(Vide</strong></span> <span class='ocrx_word' id='word_1_269' title='bbox 855 3738 1156 3831; x_wconf 78' lang='lat' dir='ltr'><strong>Scbmalzgrueber,</strong></span> <span class='ocrx_word' id='word_1_270' title='bbox 1169 3744 1240 3816; x_wconf 92' lang='lat' dir='ltr'><strong>loco</strong></span> 
     </span>
     <span class='ocr_line' id='line_1_33' title="bbox 20 3845 351 3942; baseline 0.006 -31"><span class='ocrx_word' id='word_1_271' title='bbox 20 3897 22 3942; x_wconf 78' lang='lat'><strong>,</strong></span> <span class='ocrx_word' id='word_1_272' title='bbox 103 3845 214 3933; x_wconf 88' lang='lat' dir='ltr'><strong>citato,</strong></span> <span class='ocrx_word' id='word_1_273' title='bbox 230 3868 264 3912; x_wconf 90' lang='lat' dir='ltr'><strong>n.</strong></span> <span class='ocrx_word' id='word_1_274' title='bbox 286 3846 351 3934; x_wconf 88' lang='grc'>16.)</span> 
     </span>
    </p>

    <p class='ocr_par' dir='ltr' id='par_1_8' title="bbox 105 3951 1240 4384">
     <span class='ocr_line' id='line_1_34' title="bbox 151 3951 1237 4052; baseline 0.01 -33"><span class='ocrx_word' id='word_1_275' title='bbox 151 3956 182 4019; x_wconf 89' lang='grc'><strong>6.</strong></span> <span class='ocrx_word' id='word_1_276' title='bbox 200 3951 237 4020; x_wconf 88' lang='lat' dir='ltr'><strong>Si</strong></span> <span class='ocrx_word' id='word_1_277' title='bbox 252 3952 425 4022; x_wconf 86' lang='lat' dir='ltr'><strong>advocatus</strong></span> <span class='ocrx_word' id='word_1_278' title='bbox 440 3954 480 4022; x_wconf 92' lang='lat' dir='ltr'><strong>sit</strong></span> <span class='ocrx_word' id='word_1_279' title='bbox 494 3953 682 4022; x_wconf 81' lang='lat' dir='ltr'><strong>ordinarius</strong></span> <span class='ocrx_word' id='word_1_280' title='bbox 695 3976 751 4023; x_wconf 87' lang='lat' dir='ltr'><strong>sau</strong></span> <span class='ocrx_word' id='word_1_281' title='bbox 764 3953 892 4044; x_wconf 88' lang='lat' dir='ltr'><strong>juratus</strong></span> <span class='ocrx_word' id='word_1_282' title='bbox 906 3962 938 4021; x_wconf 87' lang='lat' dir='ltr'><strong>et</strong></span> <span class='ocrx_word' id='word_1_283' title='bbox 953 3952 1237 4052; x_wconf 88' lang='lat' dir='ltr'><strong>immatriculatus,</strong></span> 
     </span>
     <span class='ocr_line' id='line_1_35' title="bbox 105 4057 1240 4157; baseline 0.011 -33"><span class='ocrx_word' id='word_1_284' title='bbox 105 4057 138 4124; x_wconf 94' lang='lat' dir='ltr'><strong>id</strong></span> <span class='ocrx_word' id='word_1_285' title='bbox 151 4068 212 4144; x_wconf 89' lang='lat' dir='ltr'><strong>est,</strong></span> <span class='ocrx_word' id='word_1_286' title='bbox 225 4060 261 4126; x_wconf 90' lang='lat' dir='ltr'><strong>in</strong></span> <span class='ocrx_word' id='word_1_287' title='bbox 274 4060 505 4129; x_wconf 84' lang='lat' dir='ltr'><strong>advocatorum</strong></span> <span class='ocrx_word' id='word_1_288' title='bbox 519 4060 633 4128; x_wconf 88' lang='lat' dir='ltr'><strong>album</strong></span> <span class='ocrx_word' id='word_1_289' title='bbox 648 4083 705 4128; x_wconf 84' lang='lat' dir='ltr'><strong>seu</strong></span> <span class='ocrx_word' id='word_1_290' title='bbox 722 4060 929 4128; x_wconf 89' lang='lat' dir='ltr'><strong>matriculam</strong></span> <span class='ocrx_word' id='word_1_291' title='bbox 945 4060 1075 4144; x_wconf 88' lang='lat' dir='ltr'><strong>relatus,</strong></span> <span class='ocrx_word' id='word_1_292' title='bbox 1094 4073 1125 4131; x_wconf 91' lang='lat' dir='ltr'><strong>et</strong></span> <span class='ocrx_word' id='word_1_293' title='bbox 1135 4066 1240 4157; x_wconf 74' lang='lat' dir='ltr'><strong>juder</strong></span> 
     </span>
     <span class='ocr_line' id='line_1_36' title="bbox 107 4166 1239 4260; baseline 0.008 -26"><span class='ocrx_word' id='word_1_294' title='bbox 107 4166 137 4234; x_wconf 92' lang='lat' dir='ltr'><strong>ei</strong></span> <span class='ocrx_word' id='word_1_295' title='bbox 152 4167 317 4258; x_wconf 75' lang='lat' dir='ltr'><strong>praecipiat</strong></span> <span class='ocrx_word' id='word_1_296' title='bbox 331 4168 546 4260; x_wconf 91' lang='lat' dir='ltr'><strong>patrocinium</strong></span> <span class='ocrx_word' id='word_1_297' title='bbox 565 4175 720 4258; x_wconf 73' lang='lat' dir='ltr'><strong>prestare</strong></span> <span class='ocrx_word' id='word_1_298' title='bbox 735 4167 856 4254; x_wconf 87' lang='lat' dir='ltr'><strong>clienti,</strong></span> <span class='ocrx_word' id='word_1_299' title='bbox 876 4167 933 4258; x_wconf 91' lang='lat' dir='ltr'><strong>qui</strong></span> <span class='ocrx_word' id='word_1_300' title='bbox 947 4176 1078 4257; x_wconf 85' lang='lat' dir='ltr'><strong>propter</strong></span> <span class='ocrx_word' id='word_1_301' title='bbox 1087 4169 1171 4260; x_wconf 85' lang='lat' dir='ltr'><strong>juris</strong></span> <span class='ocrx_word' id='word_1_302' title='bbox 1187 4178 1239 4243; x_wconf 90' lang='lat' dir='ltr'><strong>vel</strong></span> 
     </span>
     <span class='ocr_line' id='line_1_37' title="bbox 108 4271 1240 4384; baseline 0.006 -44"><span class='ocrx_word' id='word_1_303' title='bbox 108 4271 187 4340; x_wconf 84' lang='lat' dir='ltr'><strong>iacti</strong></span> <span class='ocrx_word' id='word_1_304' title='bbox 200 4273 483 4364; x_wconf 87' lang='lat' dir='ltr'><strong>impedimentum,</strong></span> <span class='ocrx_word' id='word_1_305' title='bbox 500 4274 552 4345; x_wconf 91' lang='lat' dir='ltr'><strong>vel</strong></span> <span class='ocrx_word' id='word_1_306' title='bbox 567 4283 699 4364; x_wconf 89' lang='lat' dir='ltr'><strong>propter</strong></span> <span class='ocrx_word' id='word_1_307' title='bbox 713 4275 875 4344; x_wconf 90' lang='lat' dir='ltr'><strong>notoriam</strong></span> <span class='ocrx_word' id='word_1_308' title='bbox 894 4281 1082 4366; x_wconf 75' lang='lat' dir='ltr'><strong>egestatem,</strong></span> <span class='ocrx_word' id='word_1_309' title='bbox 1098 4277 1159 4345; x_wconf 89' lang='lat' dir='ltr'><strong>sihi</strong></span> <span class='ocrx_word' id='word_1_310' title='bbox 1184 4281 1240 4384; x_wconf 83' lang='lat' dir='ltr'><strong>de·¹</strong></span> 
     </span>
    </p>
   </div>
   <div class='ocr_carea' id='block_1_4' title="bbox 0 0 1558 4972">
    <p class='ocr_par' dir='ltr' id='par_1_9' title="bbox 0 0 1558 4972">
     <span class='ocr_line' id='line_1_38' title="bbox 0 0 1558 4972; baseline 0 0"><span class='ocrx_word' id='word_1_311' title='bbox 0 0 1558 4972; x_wconf 95' lang='lat' dir='ltr'><strong> </strong></span> 
     </span>
    </p>
   </div>
  </div>
 </body>
</html>
