<?xml version="1.0" encoding="UTF-8"?>
<!DOCTYPE html PUBLIC "-//W3C//DTD XHTML 1.0 Transitional//EN"
    "http://www.w3.org/TR/xhtml1/DTD/xhtml1-transitional.dtd">
<html xmlns="http://www.w3.org/1999/xhtml" xml:lang="en" lang="en">
 <head>
  <title>
</title>
<meta http-equiv="Content-Type" content="text/html;charset=utf-8" />
  <meta name='ocr-system' content='tesseract 3.04.00' />
  <meta name='ocr-capabilities' content='ocr_page ocr_carea ocr_par ocr_line ocrx_word'/>
</head>
<body>
  <div class='ocr_page' id='page_1' title='image "./tractatusdejudi01goog_0325.png"; bbox 0 0 3032 4976; ppageno 0'>
   <div class='ocr_carea' id='block_1_1' title="bbox 281 446 1046 516">
    <p class='ocr_par' dir='ltr' id='par_1_1' title="bbox 281 446 1046 516">
     <span class='ocr_line' id='line_1_1' title="bbox 281 446 1046 516; baseline 0 -4"><span class='ocrx_word' id='word_1_1' title='bbox 281 446 342 512; x_wconf 71' lang='lat'>3¹4</span> <span class='ocrx_word' id='word_1_2' title='bbox 653 467 830 516; x_wconf 76' lang='lat' dir='ltr'>rerurarus</span> <span class='ocrx_word' id='word_1_3' title='bbox 853 469 892 516; x_wconf 82' lang='lat' dir='ltr'>mr</span> <span class='ocrx_word' id='word_1_4' title='bbox 914 469 1046 516; x_wconf 79' lang='lat' dir='ltr'>sumens.</span> 
     </span>
    </p>
   </div>
   <div class='ocr_carea' id='block_1_2' title="bbox 275 589 1427 4321">
    <p class='ocr_par' dir='ltr' id='par_1_2' title="bbox 275 589 1423 1213">
     <span class='ocr_line' id='line_1_2' title="bbox 278 589 1423 683; baseline 0.003 -28"><span class='ocrx_word' id='word_1_5' title='bbox 278 609 360 676; x_wconf 85' lang='lat' dir='ltr'>snae,</span> <span class='ocrx_word' id='word_1_6' title='bbox 375 609 484 656; x_wconf 89' lang='lat' dir='ltr'>eoram</span> <span class='ocrx_word' id='word_1_7' title='bbox 507 590 730 659; x_wconf 81' lang='lat' dir='ltr'>commissario</span> <span class='ocrx_word' id='word_1_8' title='bbox 752 589 793 659; x_wconf 91' lang='lat' dir='ltr'>ad</span> <span class='ocrx_word' id='word_1_9' title='bbox 813 591 874 660; x_wconf 93' lang='lat' dir='ltr'>hoc</span> <span class='ocrx_word' id='word_1_10' title='bbox 900 590 1052 683; x_wconf 90' lang='lat' dir='ltr'>deputato</span> <span class='ocrx_word' id='word_1_11' title='bbox 1075 589 1187 682; x_wconf 84' lang='lat' dir='ltr'>jurare</span> <span class='ocrx_word' id='word_1_12' title='bbox 1209 599 1240 659; x_wconf 93' lang='lat' dir='ltr'>et</span> <span class='ocrx_word' id='word_1_13' title='bbox 1259 589 1423 683; x_wconf 77' lang='lat' dir='ltr'>deponere</span> 
     </span>
     <span class='ocr_line' id='line_1_3' title="bbox 277 697 1423 790; baseline 0.003 -27"><span class='ocrx_word' id='word_1_14' title='bbox 277 703 430 787; x_wconf 83' lang='lat' dir='ltr'>possunt3</span> <span class='ocrx_word' id='word_1_15' title='bbox 453 709 585 789; x_wconf 84' lang='lat' dir='ltr'>quarto,</span> <span class='ocrx_word' id='word_1_16' title='bbox 603 709 640 766; x_wconf 91' lang='lat' dir='ltr'>ut</span> <span class='ocrx_word' id='word_1_17' title='bbox 663 707 838 790; x_wconf 84' lang='lat' dir='ltr'>praestetur</span> <span class='ocrx_word' id='word_1_18' title='bbox 857 699 949 768; x_wconf 89' lang='lat' dir='ltr'>tactis</span> <span class='ocrx_word' id='word_1_19' title='bbox 968 697 1162 788; x_wconf 74' lang='lat' dir='ltr'>evangeliis,</span> <span class='ocrx_word' id='word_1_20' title='bbox 1179 697 1234 766; x_wconf 86' lang='lat' dir='ltr'>sed</span> <span class='ocrx_word' id='word_1_21' title='bbox 1257 697 1369 766; x_wconf 90' lang='lat' dir='ltr'>clerici</span> <span class='ocrx_word' id='word_1_22' title='bbox 1387 698 1423 766; x_wconf 93' lang='lat' dir='ltr'>in</span> 
     </span>
     <span class='ocr_line' id='line_1_4' title="bbox 278 802 1421 894; baseline 0.002 -24"><span class='ocrx_word' id='word_1_23' title='bbox 278 802 376 870; x_wconf 82' lang='lat' dir='ltr'>sacris</span> <span class='ocrx_word' id='word_1_24' title='bbox 389 804 566 892; x_wconf 89' lang='lat' dir='ltr'>constituti,</span> <span class='ocrx_word' id='word_1_25' title='bbox 581 804 709 894; x_wconf 86' lang='lat' dir='ltr'>dejure</span> <span class='ocrx_word' id='word_1_26' title='bbox 730 807 897 875; x_wconf 88' lang='lat' dir='ltr'>communi</span> <span class='ocrx_word' id='word_1_27' title='bbox 921 817 953 875; x_wconf 86' lang='lat' dir='ltr'>et</span> <span class='ocrx_word' id='word_1_28' title='bbox 975 805 1151 876; x_wconf 83' lang='lat' dir='ltr'>universali</span> <span class='ocrx_word' id='word_1_29' title='bbox 1173 803 1421 889; x_wconf 88' lang='lat' dir='ltr'>consuetudine,</span> 
     </span>
     <span class='ocr_line' id='line_1_5' title="bbox 275 908 1422 1004; baseline 0 -26"><span class='ocrx_word' id='word_1_30' title='bbox 275 908 388 1000; x_wconf 85' lang='lat' dir='ltr'>jurant</span> <span class='ocrx_word' id='word_1_31' title='bbox 403 910 575 1004; x_wconf 90' lang='lat' dir='ltr'>propositis</span> <span class='ocrx_word' id='word_1_32' title='bbox 589 909 760 982; x_wconf 77' lang='lat' dir='ltr'><strong>dumtaxat</strong></span> <span class='ocrx_word' id='word_1_33' title='bbox 774 912 965 1003; x_wconf 79' lang='lat' dir='ltr'>evangeliis,</span> <span class='ocrx_word' id='word_1_34' title='bbox 977 919 1008 980; x_wconf 91' lang='lat' dir='ltr'>et</span> <span class='ocrx_word' id='word_1_35' title='bbox 1024 933 1124 982; x_wconf 87' lang='lat' dir='ltr'>uranu</span> <span class='ocrx_word' id='word_1_36' title='bbox 1139 911 1262 1004; x_wconf 79' lang='lat' dir='ltr'>pectori</span> <span class='ocrx_word' id='word_1_37' title='bbox 1274 911 1422 982; x_wconf 86' lang='lat' dir='ltr'>admota.</span> 
     </span>
     <span class='ocr_line' id='line_1_6' title="bbox 276 1016 1423 1111; baseline 0.003 -28"><span class='ocrx_word' id='word_1_38' title='bbox 276 1016 357 1098; x_wconf 74' lang='lat' dir='ltr'>Ques</span> <span class='ocrx_word' id='word_1_39' title='bbox 370 1016 481 1085; x_wconf 90' lang='lat' dir='ltr'>omnia</span> <span class='ocrx_word' id='word_1_40' title='bbox 494 1016 567 1085; x_wconf 89' lang='lat' dir='ltr'>vide</span> <span class='ocrx_word' id='word_1_41' title='bbox 578 1018 708 1088; x_wconf 87' lang='lat' dir='ltr'>evoluta</span> <span class='ocrx_word' id='word_1_42' title='bbox 721 1017 809 1111; x_wconf 89' lang='lat' dir='ltr'>apud</span> <span class='ocrx_word' id='word_1_43' title='bbox 823 1017 1116 1111; x_wconf 79' lang='lat' dir='ltr'>Scbmalugrucber</span> <span class='ocrx_word' id='word_1_44' title='bbox 1129 1020 1175 1110; x_wconf 91' lang='lat' dir='ltr'>(in</span> <span class='ocrx_word' id='word_1_45' title='bbox 1188 1019 1226 1088; x_wconf 89' lang='lat' dir='ltr'>tit</span> <span class='ocrx_word' id='word_1_46' title='bbox 1240 1023 1297 1107; x_wconf 87' lang='grc'>20,</span> <span class='ocrx_word' id='word_1_47' title='bbox 1311 1019 1391 1088; x_wconf 85' lang='lat' dir='ltr'>libri</span> <span class='ocrx_word' id='word_1_48' title='bbox 1404 1023 1423 1086; x_wconf 82' lang='lat'>2</span> 
     </span>
     <span class='ocr_line' id='line_1_7' title="bbox 277 1123 560 1213; baseline 0.007 -22"><span class='ocrx_word' id='word_1_49' title='bbox 277 1123 420 1209; x_wconf 80' lang='lat' dir='ltr'>Decret,</span> <span class='ocrx_word' id='word_1_50' title='bbox 436 1147 470 1192; x_wconf 92' lang='lat' dir='ltr'>u.</span> <span class='ocrx_word' id='word_1_51' title='bbox 492 1123 560 1213; x_wconf 84' lang='grc'><strong>86).</strong></span> 
     </span>
    </p>

    <p class='ocr_par' dir='ltr' id='par_1_3' title="bbox 276 1229 1427 2151">
     <span class='ocr_line' id='line_1_8' title="bbox 322 1229 1426 1325; baseline 0.004 -31"><span class='ocrx_word' id='word_1_52' title='bbox 322 1233 354 1297; x_wconf 87' lang='grc'>7.</span> <span class='ocrx_word' id='word_1_53' title='bbox 373 1229 459 1312; x_wconf 86' lang='lat' dir='ltr'>Quid</span> <span class='ocrx_word' id='word_1_54' title='bbox 483 1237 591 1298; x_wconf 88' lang='lat' dir='ltr'>autem</span> <span class='ocrx_word' id='word_1_55' title='bbox 612 1231 725 1322; x_wconf 85' lang='lat' dir='ltr'>jurare</span> <span class='ocrx_word' id='word_1_56' title='bbox 745 1233 884 1302; x_wconf 88' lang='lat' dir='ltr'>debeant</span> <span class='ocrx_word' id='word_1_57' title='bbox 908 1241 1003 1302; x_wconf 85' lang='lat' dir='ltr'>testes</span> <span class='ocrx_word' id='word_1_58' title='bbox 1027 1233 1075 1301; x_wconf 91' lang='lat' dir='ltr'>sic</span> <span class='ocrx_word' id='word_1_59' title='bbox 1099 1231 1236 1325; x_wconf 76' lang='lat' dir='ltr'>exponit</span> <span class='ocrx_word' id='word_1_60' title='bbox 1258 1230 1355 1302; x_wconf 88' lang='lat' dir='ltr'>modo</span> <span class='ocrx_word' id='word_1_61' title='bbox 1377 1232 1426 1300; x_wconf 91' lang='lat' dir='ltr'>ci-</span> 
     </span>
     <span class='ocr_line' id='line_1_9' title="bbox 276 1335 1427 1432; baseline 0.001 -28"><span class='ocrx_word' id='word_1_62' title='bbox 276 1344 362 1405; x_wconf 86' lang='lat' dir='ltr'>tatus</span> <span class='ocrx_word' id='word_1_63' title='bbox 390 1343 501 1404; x_wconf 78' lang='lat' dir='ltr'>auctor</span> <span class='ocrx_word' id='word_1_64' title='bbox 520 1337 565 1428; x_wconf 91' lang='lat' dir='ltr'>(n.</span> <span class='ocrx_word' id='word_1_65' title='bbox 598 1336 679 1427; x_wconf 88' lang='lat'><strong>88):</strong></span> <span class='ocrx_word' id='word_1_66' title='bbox 714 1340 869 1410; x_wconf 81' lang='lat' dir='ltr'>«lurore</span> <span class='ocrx_word' id='word_1_67' title='bbox 901 1337 1032 1421; x_wconf 86' lang='lat' dir='ltr'>debent,</span> <span class='ocrx_word' id='word_1_68' title='bbox 1058 1338 1147 1432; x_wconf 90' lang='lat' dir='ltr'>quod</span> <span class='ocrx_word' id='word_1_69' title='bbox 1175 1360 1234 1406; x_wconf 90' lang='lat' dir='ltr'>nec</span> <span class='ocrx_word' id='word_1_70' title='bbox 1260 1335 1334 1406; x_wconf 91' lang='lat' dir='ltr'>odio</span> <span class='ocrx_word' id='word_1_71' title='bbox 1363 1359 1427 1406; x_wconf 89' lang='lat' dir='ltr'>nec</span> 
     </span>
     <span class='ocr_line' id='line_1_10' title="bbox 280 1442 1426 1538; baseline 0.003 -29"><span class='ocrx_word' id='word_1_72' title='bbox 280 1469 297 1508; x_wconf 91' lang='grc' dir='ltr'>ι</span> <span class='ocrx_word' id='word_1_73' title='bbox 320 1442 464 1511; x_wconf 88' lang='lat' dir='ltr'>amicitia</span> <span class='ocrx_word' id='word_1_74' title='bbox 476 1452 533 1513; x_wconf 85' lang='lat' dir='ltr'>aut</span> <span class='ocrx_word' id='word_1_75' title='bbox 548 1443 673 1532; x_wconf 87' lang='lat' dir='ltr'>lavore,</span> <span class='ocrx_word' id='word_1_76' title='bbox 691 1445 744 1514; x_wconf 89' lang='lat' dir='ltr'>vel</span> <span class='ocrx_word' id='word_1_77' title='bbox 759 1445 868 1538; x_wconf 92' lang='lat' dir='ltr'>aliquo</span> <span class='ocrx_word' id='word_1_78' title='bbox 884 1445 948 1514; x_wconf 88' lang='lat' dir='ltr'>alio</span> <span class='ocrx_word' id='word_1_79' title='bbox 974 1445 1144 1514; x_wconf 91' lang='lat' dir='ltr'>commodo</span> <span class='ocrx_word' id='word_1_80' title='bbox 1165 1443 1274 1513; x_wconf 87' lang='lat' dir='ltr'>habito</span> <span class='ocrx_word' id='word_1_81' title='bbox 1288 1451 1343 1512; x_wconf 91' lang='lat' dir='ltr'>aut</span> <span class='ocrx_word' id='word_1_82' title='bbox 1359 1445 1426 1512; x_wconf 90' lang='lat' dir='ltr'>ha-</span> 
     </span>
     <span class='ocr_line' id='line_1_11' title="bbox 280 1548 1427 1640; baseline 0.003 -25"><span class='ocrx_word' id='word_1_83' title='bbox 280 1577 297 1615; x_wconf 94' lang='grc' dir='ltr'>ι</span> <span class='ocrx_word' id='word_1_84' title='bbox 320 1548 425 1620; x_wconf 86' lang='lat' dir='ltr'>hendo</span> <span class='ocrx_word' id='word_1_85' title='bbox 442 1548 568 1620; x_wconf 88' lang='lat' dir='ltr'>inducti</span> <span class='ocrx_word' id='word_1_86' title='bbox 585 1559 662 1619; x_wconf 87' lang='lat' dir='ltr'>sunt</span> <span class='ocrx_word' id='word_1_87' title='bbox 683 1551 724 1620; x_wconf 88' lang='lat' dir='ltr'>ed</span> <span class='ocrx_word' id='word_1_88' title='bbox 746 1551 1000 1640; x_wconf 87' lang='lat' dir='ltr'>testificandum,</span> <span class='ocrx_word' id='word_1_89' title='bbox 1016 1550 1072 1620; x_wconf 91' lang='lat' dir='ltr'>sed</span> <span class='ocrx_word' id='word_1_90' title='bbox 1089 1551 1170 1620; x_wconf 89' lang='lat' dir='ltr'>moti</span> <span class='ocrx_word' id='word_1_91' title='bbox 1188 1573 1296 1621; x_wconf 91' lang='lat' dir='ltr'>amore</span> <span class='ocrx_word' id='word_1_92' title='bbox 1318 1551 1427 1620; x_wconf 88' lang='lat' dir='ltr'>solius</span> 
     </span>
     <span class='ocr_line' id='line_1_12' title="bbox 281 1657 1425 1751; baseline 0.005 -29"><span class='ocrx_word' id='word_1_93' title='bbox 281 1657 465 1726; x_wconf 72' lang='lat' dir='ltr'>«veritatis</span> <span class='ocrx_word' id='word_1_94' title='bbox 472 1684 481 1744; x_wconf 81' lang='lat'><em>3</em></span> <span class='ocrx_word' id='word_1_95' title='bbox 514 1658 602 1751; x_wconf 90' lang='lat' dir='ltr'>quod</span> <span class='ocrx_word' id='word_1_96' title='bbox 635 1658 818 1746; x_wconf 86' lang='lat' dir='ltr'>veritatem,</span> <span class='ocrx_word' id='word_1_97' title='bbox 851 1660 936 1728; x_wconf 88' lang='lat' dir='ltr'>sicut</span> <span class='ocrx_word' id='word_1_98' title='bbox 974 1658 1154 1728; x_wconf 84' lang='lat' dir='ltr'>secundum</span> <span class='ocrx_word' id='word_1_99' title='bbox 1193 1657 1425 1728; x_wconf 76' lang='lat' dir='ltr'>conscientiam</span> 
     </span>
     <span class='ocr_line' id='line_1_13' title="bbox 280 1765 1427 1857; baseline 0.003 -27"><span class='ocrx_word' id='word_1_100' title='bbox 280 1790 297 1830; x_wconf 90' lang='grc' dir='ltr'>ι</span> <span class='ocrx_word' id='word_1_101' title='bbox 320 1785 414 1832; x_wconf 88' lang='lat' dir='ltr'>suam</span> <span class='ocrx_word' id='word_1_102' title='bbox 429 1765 591 1852; x_wconf 88' lang='lat' dir='ltr'>noverint,</span> <span class='ocrx_word' id='word_1_103' title='bbox 603 1765 645 1834; x_wconf 88' lang='lat' dir='ltr'>ad</span> <span class='ocrx_word' id='word_1_104' title='bbox 657 1766 812 1835; x_wconf 82' lang='lat' dir='ltr'>articulos</span> <span class='ocrx_word' id='word_1_105' title='bbox 825 1774 858 1835; x_wconf 92' lang='lat' dir='ltr'>et</span> <span class='ocrx_word' id='word_1_106' title='bbox 873 1765 1122 1856; x_wconf 79' lang='lat' dir='ltr'>interrogatoria</span> <span class='ocrx_word' id='word_1_107' title='bbox 1137 1765 1199 1833; x_wconf 92' lang='lat' dir='ltr'>sibi</span> <span class='ocrx_word' id='word_1_108' title='bbox 1213 1765 1427 1857; x_wconf 88' lang='lat' dir='ltr'>proponenda</span> 
     </span>
     <span class='ocr_line' id='line_1_14' title="bbox 281 1869 1425 1964; baseline 0.007 -32"><span class='ocrx_word' id='word_1_109' title='bbox 281 1897 298 1934; x_wconf 92' lang='lat'>«</span> <span class='ocrx_word' id='word_1_110' title='bbox 321 1869 459 1940; x_wconf 89' lang='lat' dir='ltr'>fideliter</span> <span class='ocrx_word' id='word_1_111' title='bbox 474 1871 539 1940; x_wconf 89' lang='lat' dir='ltr'>sint</span> <span class='ocrx_word' id='word_1_112' title='bbox 553 1872 687 1959; x_wconf 87' lang='lat' dir='ltr'>dicturi;</span> <span class='ocrx_word' id='word_1_113' title='bbox 704 1881 738 1940; x_wconf 84' lang='lat' dir='ltr'>et</span> <span class='ocrx_word' id='word_1_114' title='bbox 759 1871 899 1964; x_wconf 90' lang='lat' dir='ltr'>denique</span> <span class='ocrx_word' id='word_1_115' title='bbox 915 1871 1004 1964; x_wconf 87' lang='lat' dir='ltr'>quod</span> <span class='ocrx_word' id='word_1_116' title='bbox 1025 1871 1244 1964; x_wconf 81' lang='lat' dir='ltr'>depositiones</span> <span class='ocrx_word' id='word_1_117' title='bbox 1257 1894 1331 1940; x_wconf 83' lang='lat' dir='ltr'>suas</span> <span class='ocrx_word' id='word_1_118' title='bbox 1344 1881 1425 1940; x_wconf 84' lang='lat' dir='ltr'>ante</span> 
     </span>
     <span class='ocr_line' id='line_1_15' title="bbox 281 1975 1426 2071; baseline 0.006 -30"><span class='ocrx_word' id='word_1_119' title='bbox 281 2001 297 2041; x_wconf 91' lang='grc' dir='ltr'>ι</span> <span class='ocrx_word' id='word_1_120' title='bbox 321 1975 499 2066; x_wconf 82' lang='lat' dir='ltr'>legitimam</span> <span class='ocrx_word' id='word_1_121' title='bbox 523 2000 637 2046; x_wconf 90' lang='lat' dir='ltr'>earum</span> <span class='ocrx_word' id='word_1_122' title='bbox 661 1978 913 2071; x_wconf 83' lang='lat' dir='ltr'>publicationem</span> <span class='ocrx_word' id='word_1_123' title='bbox 939 1979 1049 2047; x_wconf 88' lang='lat' dir='ltr'>neutri</span> <span class='ocrx_word' id='word_1_124' title='bbox 1079 1979 1164 2069; x_wconf 88' lang='lat' dir='ltr'>parti</span> <span class='ocrx_word' id='word_1_125' title='bbox 1187 1978 1288 2048; x_wconf 86' lang='lat' dir='ltr'>velint</span> <span class='ocrx_word' id='word_1_126' title='bbox 1313 1979 1426 2048; x_wconf 90' lang='lat' dir='ltr'>mani-</span> 
     </span>
     <span class='ocr_line' id='line_1_16' title="bbox 282 2083 494 2151; baseline 0.005 -4"><span class='ocrx_word' id='word_1_127' title='bbox 282 2107 299 2147; x_wconf 88' lang='grc' dir='ltr'>ιι</span> <span class='ocrx_word' id='word_1_128' title='bbox 323 2083 450 2151; x_wconf 79' lang='lat' dir='ltr'>leslare.</span> <span class='ocrx_word' id='word_1_129' title='bbox 477 2109 494 2148; x_wconf 75' lang='grc' dir='ltr'>ι)</span> 
     </span>
    </p>

    <p class='ocr_par' dir='ltr' id='par_1_4' title="bbox 279 2195 1425 2824">
     <span class='ocr_line' id='line_1_17' title="bbox 323 2195 1424 2290; baseline 0 -26"><span class='ocrx_word' id='word_1_130' title='bbox 323 2201 353 2264; x_wconf 91' lang='lat'>8.</span> <span class='ocrx_word' id='word_1_131' title='bbox 384 2223 401 2264; x_wconf 88' lang='grc' dir='ltr'>ιι</span> <span class='ocrx_word' id='word_1_132' title='bbox 428 2196 496 2266; x_wconf 85' lang='lat' dir='ltr'>Hoc</span> <span class='ocrx_word' id='word_1_133' title='bbox 520 2196 745 2288; x_wconf 88' lang='lat' dir='ltr'>juramentum</span> <span class='ocrx_word' id='word_1_134' title='bbox 774 2199 984 2290; x_wconf 85' lang='lat' dir='ltr'>repetendum</span> <span class='ocrx_word' id='word_1_135' title='bbox 1019 2205 1079 2284; x_wconf 86' lang='lat' dir='ltr'>est,</span> <span class='ocrx_word' id='word_1_136' title='bbox 1106 2197 1134 2266; x_wconf 87' lang='lat' dir='ltr'>si</span> <span class='ocrx_word' id='word_1_137' title='bbox 1160 2195 1247 2265; x_wconf 86' lang='lat' dir='ltr'>idem</span> <span class='ocrx_word' id='word_1_138' title='bbox 1273 2197 1361 2264; x_wconf 88' lang='lat' dir='ltr'>testis</span> <span class='ocrx_word' id='word_1_139' title='bbox 1390 2199 1424 2264; x_wconf 94' lang='lat' dir='ltr'>in</span> 
     </span>
     <span class='ocr_line' id='line_1_18' title="bbox 280 2301 1425 2396; baseline 0 -26"><span class='ocrx_word' id='word_1_140' title='bbox 280 2333 297 2371; x_wconf 93' lang='grc' dir='ltr'>ιι</span> <span class='ocrx_word' id='word_1_141' title='bbox 320 2302 432 2372; x_wconf 88' lang='lat' dir='ltr'>eadem</span> <span class='ocrx_word' id='word_1_142' title='bbox 445 2325 542 2372; x_wconf 87' lang='lat' dir='ltr'>causa</span> <span class='ocrx_word' id='word_1_143' title='bbox 557 2311 588 2372; x_wconf 91' lang='lat' dir='ltr'>et</span> <span class='ocrx_word' id='word_1_144' title='bbox 609 2304 765 2374; x_wconf 90' lang='lat' dir='ltr'>instantia</span> <span class='ocrx_word' id='word_1_145' title='bbox 785 2305 991 2375; x_wconf 83' lang='lat' dir='ltr'>examinetur</span> <span class='ocrx_word' id='word_1_146' title='bbox 1011 2324 1109 2396; x_wconf 86' lang='lat' dir='ltr'>snper</span> <span class='ocrx_word' id='word_1_147' title='bbox 1125 2301 1262 2372; x_wconf 87' lang='lat' dir='ltr'>diversis</span> <span class='ocrx_word' id='word_1_148' title='bbox 1280 2310 1311 2370; x_wconf 90' lang='lat' dir='ltr'>et</span> <span class='ocrx_word' id='word_1_149' title='bbox 1326 2305 1425 2371; x_wconf 90' lang='lat' dir='ltr'>novis</span> 
     </span>
     <span class='ocr_line' id='line_1_19' title="bbox 279 2409 1421 2503; baseline 0 -27"><span class='ocrx_word' id='word_1_150' title='bbox 279 2439 296 2478; x_wconf 94' lang='grc' dir='ltr'>ιι</span> <span class='ocrx_word' id='word_1_151' title='bbox 319 2410 479 2496; x_wconf 87' lang='lat' dir='ltr'>articulis,</span> <span class='ocrx_word' id='word_1_152' title='bbox 498 2419 534 2479; x_wconf 85' lang='lat' dir='ltr'>ut</span> <span class='ocrx_word' id='word_1_153' title='bbox 559 2419 683 2480; x_wconf 89' lang='lat' dir='ltr'>constat</span> <span class='ocrx_word' id='word_1_154' title='bbox 709 2434 749 2480; x_wconf 90' lang='lat' dir='ltr'>ex</span> <span class='ocrx_word' id='word_1_155' title='bbox 775 2412 879 2503; x_wconf 91' lang='lat' dir='ltr'>capite</span> <span class='ocrx_word' id='word_1_156' title='bbox 905 2411 1134 2480; x_wconf 80' lang='lat' dir='ltr'>Frotemitatis</span> <span class='ocrx_word' id='word_1_157' title='bbox 1157 2411 1225 2500; x_wconf 86' lang='grc'><strong>(17,</strong></span> <span class='ocrx_word' id='word_1_158' title='bbox 1245 2409 1340 2480; x_wconf 89' lang='lat' dir='ltr'>titulo</span> <span class='ocrx_word' id='word_1_159' title='bbox 1363 2414 1421 2497; x_wconf 84' lang='lat'>20,</span> 
     </span>
     <span class='ocr_line' id='line_1_20' title="bbox 280 2515 1423 2610; baseline 0.002 -27"><span class='ocrx_word' id='word_1_160' title='bbox 280 2545 297 2583; x_wconf 93' lang='grc' dir='ltr'>ιι</span> <span class='ocrx_word' id='word_1_161' title='bbox 319 2517 395 2587; x_wconf 89' lang='lat' dir='ltr'>libri</span> <span class='ocrx_word' id='word_1_162' title='bbox 410 2522 429 2586; x_wconf 87' lang='lat'>2</span> <span class='ocrx_word' id='word_1_163' title='bbox 446 2517 602 2606; x_wconf 78' lang='lat' dir='ltr'>Deerat).</span> <span class='ocrx_word' id='word_1_164' title='bbox 621 2518 723 2587; x_wconf 91' lang='lat' dir='ltr'>Secus</span> <span class='ocrx_word' id='word_1_165' title='bbox 741 2526 788 2586; x_wconf 89' lang='lat' dir='ltr'>est</span> <span class='ocrx_word' id='word_1_166' title='bbox 804 2519 832 2586; x_wconf 86' lang='lat' dir='ltr'>si</span> <span class='ocrx_word' id='word_1_167' title='bbox 847 2518 936 2586; x_wconf 89' lang='lat' dir='ltr'>testis</span> <span class='ocrx_word' id='word_1_168' title='bbox 958 2525 1122 2610; x_wconf 87' lang='lat' dir='ltr'>repetatur</span> <span class='ocrx_word' id='word_1_169' title='bbox 1137 2517 1244 2586; x_wconf 90' lang='lat' dir='ltr'>solum</span> <span class='ocrx_word' id='word_1_170' title='bbox 1258 2515 1299 2584; x_wconf 93' lang='lat' dir='ltr'>ad</span> <span class='ocrx_word' id='word_1_171' title='bbox 1313 2516 1423 2585; x_wconf 86' lang='lat' dir='ltr'>decla·</span> 
     </span>
     <span class='ocr_line' id='line_1_21' title="bbox 279 2624 1423 2718; baseline 0.004 -29"><span class='ocrx_word' id='word_1_172' title='bbox 279 2652 295 2690; x_wconf 90' lang='grc' dir='ltr'>ιι</span> <span class='ocrx_word' id='word_1_173' title='bbox 319 2625 460 2694; x_wconf 90' lang='lat' dir='ltr'>randum</span> <span class='ocrx_word' id='word_1_174' title='bbox 476 2625 697 2694; x_wconf 90' lang='lat' dir='ltr'>testimonium</span> <span class='ocrx_word' id='word_1_175' title='bbox 715 2647 830 2704; x_wconf 88' lang='lat' dir='ltr'>suum;</span> <span class='ocrx_word' id='word_1_176' title='bbox 848 2633 925 2694; x_wconf 85' lang='lat' dir='ltr'>tune</span> <span class='ocrx_word' id='word_1_177' title='bbox 940 2627 1028 2695; x_wconf 89' lang='lat' dir='ltr'>enim</span> <span class='ocrx_word' id='word_1_178' title='bbox 1043 2647 1129 2694; x_wconf 90' lang='lat' dir='ltr'>novo</span> <span class='ocrx_word' id='word_1_179' title='bbox 1140 2624 1326 2716; x_wconf 88' lang='lat' dir='ltr'>juramento</span> <span class='ocrx_word' id='word_1_180' title='bbox 1339 2648 1423 2718; x_wconf 87' lang='lat' dir='ltr'>opus</span> 
     </span>
     <span class='ocr_line' id='line_1_22' title="bbox 279 2729 1153 2824; baseline 0.002 -27"><span class='ocrx_word' id='word_1_181' title='bbox 279 2762 295 2797; x_wconf 90' lang='grc' dir='ltr'>ι</span> <span class='ocrx_word' id='word_1_182' title='bbox 319 2755 385 2801; x_wconf 91' lang='lat' dir='ltr'>non</span> <span class='ocrx_word' id='word_1_183' title='bbox 408 2741 466 2801; x_wconf 89' lang='lat' dir='ltr'>est.</span> <span class='ocrx_word' id='word_1_184' title='bbox 486 2759 502 2796; x_wconf 81' lang='lat' dir='ltr'>o</span> <span class='ocrx_word' id='word_1_185' title='bbox 523 2729 839 2824; x_wconf 79' lang='lat' dir='ltr'>(Scbmalzgrueber,</span> <span class='ocrx_word' id='word_1_186' title='bbox 855 2733 925 2802; x_wconf 92' lang='lat' dir='ltr'>loco</span> <span class='ocrx_word' id='word_1_187' title='bbox 941 2733 1011 2819; x_wconf 72' lang='lat' dir='ltr'>rit,</span> <span class='ocrx_word' id='word_1_188' title='bbox 1031 2757 1065 2801; x_wconf 92' lang='lat' dir='ltr'>n.</span> <span class='ocrx_word' id='word_1_189' title='bbox 1086 2732 1153 2822; x_wconf 86' lang='grc'><strong>87.)</strong></span> 
     </span>
    </p>

    <p class='ocr_par' dir='ltr' id='par_1_5' title="bbox 275 2839 1421 3250">
     <span class='ocr_line' id='line_1_23' title="bbox 319 2839 1421 2931; baseline -0.003 -21"><span class='ocrx_word' id='word_1_190' title='bbox 319 2839 469 2923; x_wconf 78' lang='lat' dir='ltr'>Qunamo</span> <span class='ocrx_word' id='word_1_191' title='bbox 479 2844 526 2907; x_wconf 60' lang='grc' dir='ltr'>ιι.</span> <span class='ocrx_word' id='word_1_192' title='bbox 541 2877 586 2892; x_wconf 94' lang='grc'>-</span> <span class='ocrx_word' id='word_1_193' title='bbox 598 2841 647 2908; x_wconf 80' lang='lat' dir='ltr'>Ao</span> <span class='ocrx_word' id='word_1_194' title='bbox 661 2851 692 2907; x_wconf 82' lang='lat' dir='ltr'>et</span> <span class='ocrx_word' id='word_1_195' title='bbox 706 2839 789 2930; x_wconf 79' lang='lat' dir='ltr'>quid</span> <span class='ocrx_word' id='word_1_196' title='bbox 798 2839 935 2931; x_wconf 79' lang='lat' dir='ltr'>probent</span> <span class='ocrx_word' id='word_1_197' title='bbox 951 2853 1043 2909; x_wconf 80' lang='lat' dir='ltr'>testes</span> <span class='ocrx_word' id='word_1_198' title='bbox 1056 2839 1421 2931; x_wconf 77' lang='lat' dir='ltr'>sinqularerl—-Valde</span> 
     </span>
     <span class='ocr_line' id='line_1_24' title="bbox 275 2945 1421 3040; baseline 0.001 -25"><span class='ocrx_word' id='word_1_199' title='bbox 275 2947 379 3016; x_wconf 84' lang='lat' dir='ltr'>ardua</span> <span class='ocrx_word' id='word_1_200' title='bbox 400 2953 448 3014; x_wconf 86' lang='lat' dir='ltr'>cst</span> <span class='ocrx_word' id='word_1_201' title='bbox 468 2945 538 3014; x_wconf 81' lang='lat' dir='ltr'>baeo</span> <span class='ocrx_word' id='word_1_202' title='bbox 563 2945 711 3037; x_wconf 75' lang='lat' dir='ltr'>quaestio,</span> <span class='ocrx_word' id='word_1_203' title='bbox 728 2955 760 3013; x_wconf 87' lang='lat' dir='ltr'>et</span> <span class='ocrx_word' id='word_1_204' title='bbox 777 2947 813 3040; x_wconf 87' lang='lat' dir='ltr'>in</span> <span class='ocrx_word' id='word_1_205' title='bbox 834 2970 900 3038; x_wconf 90' lang='lat' dir='ltr'>qua</span> <span class='ocrx_word' id='word_1_206' title='bbox 924 2947 1070 3016; x_wconf 85' lang='lat' dir='ltr'>doctores</span> <span class='ocrx_word' id='word_1_207' title='bbox 1095 2969 1161 3014; x_wconf 93' lang='lat' dir='ltr'>non</span> <span class='ocrx_word' id='word_1_208' title='bbox 1180 2969 1298 3038; x_wconf 86' lang='lat' dir='ltr'>parum</span> <span class='ocrx_word' id='word_1_209' title='bbox 1323 2947 1421 3016; x_wconf 86' lang='lat' dir='ltr'>desu-</span> 
     </span>
     <span class='ocr_line' id='line_1_25' title="bbox 275 3053 1420 3147; baseline 0 -25"><span class='ocrx_word' id='word_1_210' title='bbox 275 3055 364 3123; x_wconf 85' lang='lat' dir='ltr'>dant.</span> <span class='ocrx_word' id='word_1_211' title='bbox 383 3055 544 3124; x_wconf 87' lang='lat' dir='ltr'>Dicuntur</span> <span class='ocrx_word' id='word_1_212' title='bbox 558 3061 665 3122; x_wconf 89' lang='lat' dir='ltr'>autem</span> <span class='ocrx_word' id='word_1_213' title='bbox 682 3053 864 3143; x_wconf 77' lang='lat' dir='ltr'>sinpulures</span> <span class='ocrx_word' id='word_1_214' title='bbox 881 3055 904 3124; x_wconf 93' lang='lat' dir='ltr'>ii</span> <span class='ocrx_word' id='word_1_215' title='bbox 924 3064 1021 3124; x_wconf 88' lang='lat' dir='ltr'>testes</span> <span class='ocrx_word' id='word_1_216' title='bbox 1041 3054 1206 3147; x_wconf 80' lang='lat' dir='ltr'>quiveris</span> <span class='ocrx_word' id='word_1_217' title='bbox 1224 3062 1322 3147; x_wconf 82' lang='lat' dir='ltr'>atque</span> <span class='ocrx_word' id='word_1_218' title='bbox 1338 3055 1420 3124; x_wconf 84' lang='lat' dir='ltr'>inter</span> 
     </span>
     <span class='ocr_line' id='line_1_26' title="bbox 275 3157 685 3250; baseline 0.005 -26"><span class='ocrx_word' id='word_1_219' title='bbox 275 3179 344 3228; x_wconf 90' lang='lat' dir='ltr'>sese</span> <span class='ocrx_word' id='word_1_220' title='bbox 360 3157 488 3228; x_wconf 87' lang='lat' dir='ltr'>diversa</span> <span class='ocrx_word' id='word_1_221' title='bbox 506 3158 685 3250; x_wconf 89' lang='lat' dir='ltr'>deponunt.</span> 
     </span>
    </p>

    <p class='ocr_par' dir='ltr' id='par_1_6' title="bbox 276 3265 1421 3680">
     <span class='ocr_line' id='line_1_27' title="bbox 319 3265 1421 3359; baseline 0.002 -25"><span class='ocrx_word' id='word_1_222' title='bbox 319 3265 489 3359; x_wconf 84' lang='lat' dir='ltr'>Ejusmodi</span> <span class='ocrx_word' id='word_1_223' title='bbox 506 3265 636 3334; x_wconf 89' lang='lat' dir='ltr'>testium</span> <span class='ocrx_word' id='word_1_224' title='bbox 659 3265 916 3357; x_wconf 88' lang='lat' dir='ltr'>depositionibus</span> <span class='ocrx_word' id='word_1_225' title='bbox 936 3267 1060 3336; x_wconf 87' lang='lat' dir='ltr'>nullam</span> <span class='ocrx_word' id='word_1_226' title='bbox 1076 3267 1144 3334; x_wconf 89' lang='lat' dir='ltr'>vim</span> <span class='ocrx_word' id='word_1_227' title='bbox 1164 3267 1269 3336; x_wconf 86' lang='lat' dir='ltr'>inesse</span> <span class='ocrx_word' id='word_1_228' title='bbox 1288 3267 1421 3336; x_wconf 86' lang='lat' dir='ltr'>conclu-</span> 
     </span>
     <span class='ocr_line' id='line_1_28' title="bbox 276 3372 1420 3467; baseline 0.002 -25"><span class='ocrx_word' id='word_1_229' title='bbox 276 3372 421 3442; x_wconf 88' lang='lat' dir='ltr'>dendum</span> <span class='ocrx_word' id='word_1_230' title='bbox 441 3372 608 3442; x_wconf 87' lang='lat' dir='ltr'>videretur</span> <span class='ocrx_word' id='word_1_231' title='bbox 629 3396 670 3442; x_wconf 87' lang='lat' dir='ltr'>ex</span> <span class='ocrx_word' id='word_1_232' title='bbox 694 3375 798 3467; x_wconf 77' lang='lat' dir='ltr'>capite</span> <span class='ocrx_word' id='word_1_233' title='bbox 814 3376 899 3444; x_wconf 74' lang='lat' dir='ltr'>Crem</span> <span class='ocrx_word' id='word_1_234' title='bbox 920 3374 1054 3444; x_wconf 74' lang='lat' dir='ltr'>dilectus</span> <span class='ocrx_word' id='word_1_235' title='bbox 1070 3375 1136 3463; x_wconf 82' lang='grc'><strong>(32,</strong></span> <span class='ocrx_word' id='word_1_236' title='bbox 1152 3372 1194 3443; x_wconf 83' lang='lat' dir='ltr'>de</span> <span class='ocrx_word' id='word_1_237' title='bbox 1213 3375 1346 3466; x_wconf 58' lang='lat' dir='ltr'>Eteri),</span> <span class='ocrx_word' id='word_1_238' title='bbox 1363 3376 1420 3444; x_wconf 89' lang='lat' dir='ltr'>ubi</span> 
     </span>
     <span class='ocr_line' id='line_1_29' title="bbox 276 3480 1419 3573; baseline 0.002 -25"><span class='ocrx_word' id='word_1_239' title='bbox 276 3480 420 3550; x_wconf 87' lang='lat' dir='ltr'>decernit</span> <span class='ocrx_word' id='word_1_240' title='bbox 441 3480 607 3568; x_wconf 80' lang='lat' dir='ltr'>Pontifex,</span> <span class='ocrx_word' id='word_1_241' title='bbox 632 3504 745 3550; x_wconf 84' lang='lat' dir='ltr'>eorum</span> <span class='ocrx_word' id='word_1_242' title='bbox 765 3480 997 3573; x_wconf 83' lang='lat' dir='ltr'>probationem</span> <span class='ocrx_word' id='word_1_243' title='bbox 1020 3503 1083 3548; x_wconf 85' lang='lat' dir='ltr'>esse</span> <span class='ocrx_word' id='word_1_244' title='bbox 1104 3480 1365 3571; x_wconf 75' lang='lat' dir='ltr'>imusfieienlem,</span> <span class='ocrx_word' id='word_1_245' title='bbox 1384 3505 1419 3550; x_wconf 91' lang='lat' dir='ltr'>eo</span> 
     </span>
     <span class='ocr_line' id='line_1_30' title="bbox 278 3586 1160 3680; baseline -0.001 -24"><span class='ocrx_word' id='word_1_246' title='bbox 278 3586 368 3679; x_wconf 84' lang='lat' dir='ltr'>quod</span> <span class='ocrx_word' id='word_1_247' title='bbox 380 3587 504 3680; x_wconf 77' lang='lat' dir='ltr'>sinquli</span> <span class='ocrx_word' id='word_1_248' title='bbox 518 3599 618 3656; x_wconf 81' lang='lat' dir='ltr'>essent</span> <span class='ocrx_word' id='word_1_249' title='bbox 633 3587 668 3655; x_wconf 83' lang='lat' dir='ltr'>iu</span> <span class='ocrx_word' id='word_1_250' title='bbox 682 3587 749 3656; x_wconf 82' lang='lat' dir='ltr'>suis</span> <span class='ocrx_word' id='word_1_251' title='bbox 763 3587 954 3656; x_wconf 74' lang='lat' dir='ltr'>testimoniis</span> <span class='ocrx_word' id='word_1_252' title='bbox 968 3587 1160 3679; x_wconf 75' lang='lat' dir='ltr'>sinpulures.</span> 
     </span>
    </p>

    <p class='ocr_par' dir='ltr' id='par_1_7' title="bbox 277 3693 1423 4321">
     <span class='ocr_line' id='line_1_31' title="bbox 320 3693 1421 3785; baseline -0.001 -22"><span class='ocrx_word' id='word_1_253' title='bbox 320 3693 541 3764; x_wconf 86' lang='lat' dir='ltr'>Nihilominus</span> <span class='ocrx_word' id='word_1_254' title='bbox 565 3695 782 3763; x_wconf 88' lang='lat' dir='ltr'>communiter</span> <span class='ocrx_word' id='word_1_255' title='bbox 802 3694 990 3763; x_wconf 87' lang='lat' dir='ltr'>existimant</span> <span class='ocrx_word' id='word_1_256' title='bbox 1015 3693 1192 3762; x_wconf 74' lang='lat' dir='ltr'>canonista</span> <span class='ocrx_word' id='word_1_257' title='bbox 1216 3693 1421 3785; x_wconf 82' lang='lat' dir='ltr'>distinguen-</span> 
     </span>
     <span class='ocr_line' id='line_1_32' title="bbox 277 3800 1423 3892; baseline 0.001 -23"><span class='ocrx_word' id='word_1_258' title='bbox 277 3802 357 3870; x_wconf 93' lang='lat' dir='ltr'>dum</span> <span class='ocrx_word' id='word_1_259' title='bbox 378 3825 447 3871; x_wconf 87' lang='lat' dir='ltr'>csse</span> <span class='ocrx_word' id='word_1_260' title='bbox 469 3802 555 3869; x_wconf 92' lang='lat' dir='ltr'>inter</span> <span class='ocrx_word' id='word_1_261' title='bbox 574 3801 682 3868; x_wconf 88' lang='lat' dir='ltr'>varias</span> <span class='ocrx_word' id='word_1_262' title='bbox 702 3801 831 3870; x_wconf 86' lang='lat' dir='ltr'>testium</span> <span class='ocrx_word' id='word_1_263' title='bbox 855 3800 1071 3892; x_wconf 82' lang='lat' dir='ltr'>singularium</span> <span class='ocrx_word' id='word_1_264' title='bbox 1097 3801 1231 3892; x_wconf 87' lang='lat' dir='ltr'>speeies.</span> <span class='ocrx_word' id='word_1_265' title='bbox 1252 3800 1423 3884; x_wconf 75' lang='lat' dir='ltr'>«Quidam</span> 
     </span>
     <span class='ocr_line' id='line_1_33' title="bbox 283 3907 1422 4000; baseline 0.004 -28"><span class='ocrx_word' id='word_1_266' title='bbox 283 3933 300 3972; x_wconf 90' lang='grc' dir='ltr'>ι</span> <span class='ocrx_word' id='word_1_267' title='bbox 327 3907 384 4000; x_wconf 88' lang='lat' dir='ltr'>(ait</span> <span class='ocrx_word' id='word_1_268' title='bbox 399 3907 703 3998; x_wconf 77' lang='lat' dir='ltr'>Scbmalzgrucber,</span> <span class='ocrx_word' id='word_1_269' title='bbox 724 3907 758 3976; x_wconf 92' lang='lat' dir='ltr'>in</span> <span class='ocrx_word' id='word_1_270' title='bbox 775 3907 823 3976; x_wconf 92' lang='lat' dir='ltr'>tit.</span> <span class='ocrx_word' id='word_1_271' title='bbox 843 3912 898 3996; x_wconf 87' lang='grc'>20,</span> <span class='ocrx_word' id='word_1_272' title='bbox 913 3907 991 3976; x_wconf 93' lang='lat' dir='ltr'>libri</span> <span class='ocrx_word' id='word_1_273' title='bbox 1005 3912 1023 3975; x_wconf 94' lang='grc'><strong>2</strong></span> <span class='ocrx_word' id='word_1_274' title='bbox 1038 3907 1181 3995; x_wconf 78' lang='lat' dir='ltr'>Deerat,</span> <span class='ocrx_word' id='word_1_275' title='bbox 1198 3930 1233 3976; x_wconf 91' lang='lat' dir='ltr'>n.</span> <span class='ocrx_word' id='word_1_276' title='bbox 1251 3907 1326 3999; x_wconf 78' lang='lat'>105)</span> <span class='ocrx_word' id='word_1_277' title='bbox 1345 3907 1422 3976; x_wconf 85' lang='lat' dir='ltr'>tales</span> 
     </span>
     <span class='ocr_line' id='line_1_34' title="bbox 283 4013 1421 4106; baseline 0.003 -26"><span class='ocrx_word' id='word_1_278' title='bbox 283 4041 299 4079; x_wconf 91' lang='grc' dir='ltr'>ι</span> <span class='ocrx_word' id='word_1_279' title='bbox 324 4023 400 4083; x_wconf 90' lang='lat' dir='ltr'>sunt</span> <span class='ocrx_word' id='word_1_280' title='bbox 415 4015 639 4106; x_wconf 78' lang='lat' dir='ltr'>singularitate</span> <span class='ocrx_word' id='word_1_281' title='bbox 658 4013 877 4096; x_wconf 82' lang='lat' dir='ltr'>adversativa,</span> <span class='ocrx_word' id='word_1_282' title='bbox 893 4014 949 4082; x_wconf 90' lang='lat' dir='ltr'>alii</span> <span class='ocrx_word' id='word_1_283' title='bbox 963 4015 1178 4095; x_wconf 74' lang='lat' dir='ltr'>cumulatior,</span> <span class='ocrx_word' id='word_1_284' title='bbox 1192 4014 1247 4083; x_wconf 90' lang='lat' dir='ltr'>alii</span> <span class='ocrx_word' id='word_1_285' title='bbox 1264 4013 1421 4106; x_wconf 73' lang='lat' dir='ltr'>diversifi-</span> 
     </span>
     <span class='ocr_line' id='line_1_35' title="bbox 282 4121 1419 4214; baseline 0.003 -27"><span class='ocrx_word' id='word_1_286' title='bbox 282 4149 299 4186; x_wconf 89' lang='grc' dir='ltr'>ι</span> <span class='ocrx_word' id='word_1_287' title='bbox 323 4121 442 4190; x_wconf 78' lang='lat' dir='ltr'>catice.</span> <span class='ocrx_word' id='word_1_288' title='bbox 458 4121 670 4191; x_wconf 73' lang='lat' dir='ltr'>Adversariuu</span> <span class='ocrx_word' id='word_1_289' title='bbox 685 4121 917 4214; x_wconf 75' lang='lat' dir='ltr'>sinquloritate</span> <span class='ocrx_word' id='word_1_290' title='bbox 933 4123 1113 4212; x_wconf 76' lang='lat' dir='ltr'>sinqulores</span> <span class='ocrx_word' id='word_1_291' title='bbox 1126 4130 1215 4206; x_wconf 86' lang='lat' dir='ltr'>sunt,</span> <span class='ocrx_word' id='word_1_292' title='bbox 1227 4123 1284 4213; x_wconf 90' lang='lat' dir='ltr'>qui</span> <span class='ocrx_word' id='word_1_293' title='bbox 1300 4122 1339 4192; x_wconf 84' lang='lat' dir='ltr'>de</span> <span class='ocrx_word' id='word_1_294' title='bbox 1354 4145 1419 4190; x_wconf 90' lang='lat' dir='ltr'>uno</span> 
     </span>
     <span class='ocr_line' id='line_1_36' title="bbox 282 4221 1419 4321; baseline 0.001 -26"><span class='ocrx_word' id='word_1_295' title='bbox 282 4256 299 4295; x_wconf 93' lang='grc' dir='ltr'>ι</span> <span class='ocrx_word' id='word_1_296' title='bbox 322 4235 396 4298; x_wconf 89' lang='lat' dir='ltr'>actu</span> <span class='ocrx_word' id='word_1_297' title='bbox 420 4250 485 4298; x_wconf 91' lang='lat' dir='ltr'>uon</span> <span class='ocrx_word' id='word_1_298' title='bbox 512 4228 664 4316; x_wconf 87' lang='lat' dir='ltr'>iterabili,</span> <span class='ocrx_word' id='word_1_299' title='bbox 690 4228 742 4298; x_wconf 89' lang='lat' dir='ltr'>vel</span> <span class='ocrx_word' id='word_1_300' title='bbox 765 4229 877 4298; x_wconf 91' lang='lat' dir='ltr'>saltem</span> <span class='ocrx_word' id='word_1_301' title='bbox 906 4221 972 4298; x_wconf 83' lang='lat' dir='ltr'>non</span> <span class='ocrx_word' id='word_1_302' title='bbox 992 4229 1119 4316; x_wconf 84' lang='lat' dir='ltr'>iterato,</span> <span class='ocrx_word' id='word_1_303' title='bbox 1145 4228 1235 4298; x_wconf 87' lang='lat' dir='ltr'>varia</span> <span class='ocrx_word' id='word_1_304' title='bbox 1258 4236 1290 4297; x_wconf 91' lang='lat' dir='ltr'>et</span> <span class='ocrx_word' id='word_1_305' title='bbox 1314 4228 1419 4321; x_wconf 92' lang='lat' dir='ltr'>quoad</span> 
     </span>
    </p>
   </div>
   <div class='ocr_carea' id='block_1_3' title="bbox 0 0 1520 4976">
    <p class='ocr_par' dir='ltr' id='par_1_8' title="bbox 0 0 1520 4976">
     <span class='ocr_line' id='line_1_37' title="bbox 0 0 1520 4976; baseline 0 1"><span class='ocrx_word' id='word_1_306' title='bbox 0 0 1520 4976; x_wconf 95' lang='lat' dir='ltr'> </span> 
     </span>
    </p>
   </div>
  </div>
 </body>
</html>
