3032 4976
558 525 631 572 rins
655 525 760 572 rnrun.
1165 505 1227 572 263

134 650 168 714 2.
185 645 273 730 Quid
287 647 328 714 sit
342 667 514 716 causarum
530 645 704 733 connexio,
721 669 779 714 sen
792 646 1002 733 continentia,
1017 653 1050 714 et
1069 645 1233 738 quomodo

87 774 148 842 per
174 774 245 822 eam
267 753 382 843 judex,
405 752 539 822 aliunde
564 753 798 844 incompetens,
826 759 1011 844 competens
1038 751 1165 821 evadat.
1190 791 1234 806 -

88 859 256 928 Counexae
280 859 434 928 dicuntur
448 859 523 929 dum
550 883 671 947 causes,
686 859 818 951 quando
839 880 905 927 una
925 860 994 928 sine
1016 859 1118 927 altera
1139 882 1234 928 ccm-

89 967 188 1034 mode
203 965 367 1035 discutiet
382 967 493 1036 dirimi
513 967 643 1059 nequit3
661 966 748 1058 quod
766 967 886 1053 evenit,
903 965 954 1034 vel
974 967 1105 1060 qrrando
1125 967 1235 1058 plures

90 1095 240 1164 personae
252 1073 366 1142 eadem
382 1095 479 1144 causa
497 1073 725 1160 involvuntur,
741 1072 829 1164 quia,
846 1071 938 1141 verbi
956 1071 1074 1162 gratia,
1091 1071 1233 1142 cohaere·

91 1179 150 1248 des
165 1187 222 1248 aut
235 1181 330 1248 sonim
346 1180 496 1260 fuerunt;
513 1180 565 1248 vel
580 1179 711 1272 quando
726 1201 832 1248 causae
848 1178 967 1248 decisio
982 1179 1133 1270 pendete
1148 1179 1236 1248 deei-

92 1288 184 1355 sione
201 1288 346 1379 plurium
362 1287 595 1380 quaestionum.

137 1394 264 1483 Regula
284 1393 443 1484 generalis
459 1403 507 1462 est
527 1417 640 1462 causas
655 1415 818 1464 connexas
837 1393 879 1461 ab
899 1415 965 1461 uno
985 1394 1161 1486 eodemque
1180 1393 1236 1486 ju-

93 1504 164 1570 dice
176 1503 288 1570 dirimi
305 1501 434 1587 debere,
446 1509 481 1568 ut
497 1500 687 1590 colligiture
701 1500 811 1568 multis
823 1499 907 1591 juris
920 1499 1064 1569 canonici
1080 1501 1234 1589 textibus,

92 1633 177 1702 quos
190 1609 348 1677 indicatos
362 1609 435 1677 vide
451 1607 537 1700 apud
557 1607 848 1697 Schmalzgrueber
864 1607 910 1698 (in
926 1608 1056 1676 titulum
1078 1611 1107 1693 l,
1123 1607 1198 1676 libri
1216 1613 1234 1676 2

94 1715 325 1802 Decemblium,
342 1737 376 1784 n.
396 1717 464 1805 72.)

138 1823 295 1906 Quisnam
316 1831 423 1892 autem
442 1823 485 1890 sit
505 1823 670 1912 legitimus
691 1820 792 1913 judex
817 1820 923 1912 quoad
945 1821 1106 1912 ejusmodi
1125 1845 1238 1890 causas

95 1953 271 2016 connexas,
289 1931 373 1998 inter
387 1930 534 1998 doctores
557 1929 819 1998 controvertitur.
841 1927 905 1996 Alii
925 1933 1034 1996 tenent
1049 1927 1236 1998 adeundum

95 2039 188 2107 illum
203 2039 261 2130 qui
279 2047 326 2106 est
347 2037 497 2128 superior
512 2043 657 2128 respectu
680 2035 827 2103 omnium
856 2035 1009 2102 iuteresse
1033 2035 1234 2105 habentium.

96 2145 304 2215 Contendunt
319 2147 374 2215 alii
398 2146 532 2212 minime
547 2141 813 2234 distinguendum
835 2163 904 2210 esse
924 2141 1009 2210 inter
1022 2143 1236 2235 superiorem,

97 2253 297 2340 inferiorem,
315 2251 515 2344 aqualemve
538 2249 700 2342 judicem3
723 2247 777 2316 sed
802 2248 843 2316 eb
866 2271 903 2316 eo
926 2246 1035 2340 judice
1059 2251 1240 2319 terminan-

98 2359 171 2428 dam
187 2359 292 2444 litem,
309 2358 365 2451 qui
379 2357 643 2450 jurisdictionem
663 2354 787 2423 habeus
802 2357 837 2423 in
852 2377 956 2424 unum
972 2378 1012 2424 ex
1029 2357 1143 2446 coreis,
1159 2381 1239 2427 ccu-

98 2491 164 2536 sam
182 2465 430 2560 praeoccupevit.
446 2464 513 2533 Alii
529 2465 575 2532 sic
591 2462 797 2553 distinguunt
813 2492 820 2532 ε
839 2462 866 2530 si
878 2463 979 2555 juder
993 2470 1183 2557 coram'quo
1199 2466 1238 2534 lis

98 2585 202 2668 coepte
221 2583 281 2663 est,
296 2581 481 2666 competens
501 2571 544 2640 sit
570 2579 716 2664 respectu
736 2571 884 2639 omnium
905 2592 1072 2638 corsorum
1087 2571 1140 2640 vel
1159 2595 1238 2641 cau-

99 2706 208 2752 sarum
235 2703 469 2770 connexarum,
492 2701 600 2748 coram
624 2701 675 2765 eo,
699 2678 774 2746 licet
798 2676 958 2764 inferiori,
975 2699 1071 2745 causa
1098 2679 1239 2750 finienda

99 2798 161 2878 est3
179 2792 231 2859 sin
246 2813 325 2858 vero
340 2795 486 2881 respectu
500 2787 637 2878 alicujus
654 2809 694 2854 ex
710 2787 827 2874 coreis,
845 2784 896 2853 vel
917 2784 1052 2878 alicujus
1071 2803 1111 2854 ex
1133 2788 1238 2856 causis

100 2898 266 2985 connexis,
284 2899 505 2987 incompetens
529 2893 721 2986 reperiatur,
744 2891 914 2960 adeundus
938 2890 1061 2982 estqui
1089 2893 1239 2985 superior

99 3013 147 3070 est
164 3011 310 3095 respectu
332 3002 478 3070 omnium
501 3022 672 3068 causarum
695 3020 930 3085 connexarum,
944 2997 996 3065 vel
1013 2997 1160 3065 omnium
1185 3023 1239 3067 co·

100 3133 242 3178 reorum.
274 3109 370 3202 (Vide
399 3107 701 3196 Scbmalzgrueber‚
732 3107 765 3172 in
794 3104 842 3174 tit.
883 3107 914 3191 1,
938 3103 1013 3171 libri
1044 3107 1063 3170 2
1095 3105 1236 3193 Decret,

102 3241 134 3285 n.
154 3221 208 3284 74.

144 3218 310 3391 Genderalis
325 3343 401 3390 vero
417 3319 529 3410 regula
551 3318 645 3387 modo
661 3317 792 3404 tradita,
809 3339 920 3384 causas
940 3337 1056 3408 nempe
1078 3339 1240 3387 connexas

101 3430 143 3496 ab
159 3453 224 3498 uno
246 3428 423 3520 eodemque
451 3425 560 3519 judice
586 3447 654 3493 esse
679 3421 913 3510 terminandas,
934 3422 1099 3491 nonnullis
1120 3447 1239 3516 excep-

102 3537 243 3604 tionibus
256 3534 397 3604 obnoxia
410 3539 469 3602 est.
487 3533 570 3600 Nem
589 3535 621 3598 1ο
635 3532 663 3598 si
687 3540 775 3599 actor
787 3553 900 3597 causas
920 3551 1082 3598 connexos
1102 3529 1237 3618 dividat,

103 3651 198 3734 atque
218 3642 259 3710 ad
278 3641 423 3710 diversos
443 3639 568 3731 judices
590 3638 725 3724 deferat,
743 3659 818 3705 reus
833 3659 912 3704 vero
931 3645 1005 3705 ante
1026 3637 1092 3704 litis
1111 3647 1241 3708 contes-

105 3751 254 3818 tationem
271 3773 336 3817 non
349 3755 492 3840 opponat
507 3745 729 3836 exceptionem
755 3767 821 3812 non
843 3743 1025 3812 dividendas
1040 3766 1156 3827 catera,
1173 3755 1242 3816 acta
1307 3823 1314 3838 ι

104 3859 139 3924 in
152 3857 286 3926 diversis
302 3855 434 3948 judiciis
453 3853 607 3922 valebunt
626 3851 711 3944 (vide
727 3849 1029 3940 Schmslzgrueber,
1044 3850 1115 3918 loco
1129 3851 1238 3943 citato,

105 3989 139 4032 n.
159 3963 221 4055 75),
240 3963 275 4032 Si
296 3985 361 4031 uno
382 3985 422 4030 ex
441 3961 549 4029 causis
570 3958 726 4028 connexis
749 3956 928 4049 spiritualis
949 3956 1002 4042 sit,
1017 3956 1119 4048 judex
1141 3958 1242 4031 laicus

105 4072 145 4140 de
158 4071 324 4164 temporali
334 4069 497 4162 judicans,
507 4090 573 4135 non
586 4075 689 4158 potest
701 4065 799 4134 simul
808 4065 848 4133 de
860 4064 1021 4156 spirituali
1031 4087 1240 4158 cognoscere3

106 4177 162 4246 sed
175 4187 301 4248 tenetur
316 4201 387 4246 eam
409 4178 450 4247 od
472 4175 615 4269 judicem
639 4173 890 4243 ecclesiasticum
915 4170 1102 4244 remittere:
1120 4186 1244 4246 constat

109 4309 150 4354 ex
174 4289 272 4380 capite
299 4289 402 4358 Tuam
420 4285 466 4378 (3,
483 4283 523 4353 de
541 4281 663 4354 Ordine
683 4282 829 4375 coquin).
849 4281 934 4350 Sunt
958 4289 990 4349 et
1012 4279 1067 4350 alii
1093 4285 1244 4360 nonnulli
