3030 4980
666 469 842 516 mimicos
866 470 903 514 oa
924 469 1058 516 sonions.
1503 519 1504 556 r

327 591 470 672 Quosne
491 594 537 657 2².
559 629 604 642 -
628 592 676 658 Au
697 591 800 682 possit
825 591 1006 682 Episcopus
1028 590 1205 660 rescindere
1219 590 1440 680 definitivam

293 697 414 765 Vicani
427 697 481 766 soi
503 697 661 788 pecoralis
684 697 894 780 senteutiam,
921 699 1145 766 uceticononice
1165 699 1353 790 prolatam,
1387 721 1444 766 seu

286 803 355 894 ipso
366 806 449 896 jore
463 805 616 874 nullom?
632 805 813 874 —Pendet
829 805 898 874 haec
912 807 1037 896 questio
1052 805 1094 874 ab
1104 805 1216 892 altera,
1233 829 1336 896 quam
1348 817 1445 872 trac·

287 918 385 978 tatem
403 911 501 980 babes
521 912 610 980 infra
635 913 787 1003 (sectione
813 917 845 999 5,
862 935 891 980 c.
916 917 948 996 2,
966 912 987 1002 ξ
1005 917 1036 998 1,
1054 935 1087 1003 q.
1113 911 1168 1003 2),
1185 920 1297 980 utrum
1316 933 1446 1002 nempe
1503 915 1504 924 ³

285 1041 383 1086 causa
398 1018 555 1087 nullitatis
571 1021 739 1088 sententiae
754 1019 904 1108 cognosci
921 1019 1022 1110 possit
1042 1021 1084 1088 ab
1104 1020 1217 1088 eodem
1241 1020 1361 1111 jndice
1383 1020 1446 1111 qui

285 1125 477 1193 sententiam
500 1124 585 1195 tulit.
603 1126 689 1195 Cum
703 1127 790 1194 enim
806 1126 932 1196 Vioarii
946 1127 1107 1215 generalis
1121 1127 1278 1195 sententia
1300 1127 1344 1194 de
1362 1129 1446 1218 jure
1503 1121 1504 1214 l

286 1232 436 1301 habenda
466 1233 508 1300 sit
535 1255 594 1324 pro
624 1233 762 1326 ipsamet
791 1233 950 1302 scatentia
977 1233 1149 1326 Episcopi,
1184 1234 1226 1302 ob
1256 1233 1446 1302 tribunalis

284 1340 454 1430 utriusque
474 1338 686 1428 identitatem,
703 1341 820 1432 poterit
843 1340 1023 1432 Episcopus
1039 1350 1211 1410 retractare
1230 1340 1361 1410 Vicarii
1388 1343 1445 1408 sui

285 1447 434 1514 nullitate
449 1446 650 1516 laborantem
673 1447 877 1534 sententiam,
898 1447 927 1514 si
948 1447 1049 1538 possit
1070 1471 1163 1516 snam
1189 1475 1196 1514 :
1221 1448 1250 1515 si
1272 1470 1354 1516 vero
1383 1472 1445 1516 ne·
1503 1455 1504 1540 l

285 1561 382 1645 queat
395 1575 501 1639 suam,
514 1575 572 1622 nec
585 1554 702 1645 poterit
713 1553 836 1624 Vicarii
848 1555 911 1622 sui.
923 1555 1008 1624 Loco
1020 1563 1128 1623 annm
1140 1555 1237 1624 citato
1255 1554 1444 1644 distingui·
1503 1543 1504 1636 l

287 1683 361 1727 mus
370 1659 426 1751 jus
438 1683 610 1728 commune
626 1661 797 1752 scriptum,
814 1684 834 1728 a
849 1661 1095 1730 cousuetudine.
1109 1662 1148 1728 Et
1163 1661 1287 1752 dejure
1298 1662 1444 1753 quidem
1503 1645 1504 1706 l

287 1768 425 1858 scripto,
453 1777 578 1836 certum
605 1777 665 1855 est,
690 1777 721 1835 ct
746 1792 765 1834 a
789 1767 977 1836 doctoribus
1000 1769 1217 1836 communiter
1244 1779 1441 1858 receptum,

288 1897 380 1968 posse
403 1875 594 1942 sententiam
613 1873 814 1942 definitivam
836 1899 911 1966 quae
928 1874 1076 1943 nullitate
1097 1875 1236 1962 laborat,
1253 1875 1294 1942 ab
1316 1877 1442 1944 eodem

285 1981 393 2073 judice
407 1981 574 2052 ordinario
588 1983 646 2074 qui
660 2005 730 2050 eam
756 1982 843 2069 tulit,
861 1984 1006 2052 revocari
1023 1994 1055 2051 et
1069 1984 1208 2051 rescindi
1227 2010 1234 2050 ε
1258 2005 1300 2050 ex
1313 2005 1353 2050 ca
1374 1985 1443 2051 sci-

287 2090 360 2158 licet
383 2090 506 2158 ratione
522 2090 609 2180 quod
626 2089 820 2159 Ordiuarius
833 2089 936 2180 judex
953 2112 1011 2182 per
1024 2091 1217 2160 sententiam
1234 2090 1366 2158 ncillam
1382 2092 1442 2158 ol-

287 2196 360 2264 ficio
381 2219 440 2264 suo
467 2197 597 2263 functus
610 2219 677 2264 non
693 2206 873 2264 censeatur.
891 2199 1055 2266 Ceterum
1071 2219 1163 2288 posse
1178 2199 1274 2264 etiam
1290 2197 1440 2265 rescindi

289 2303 436 2372 eamdem
469 2304 660 2370 sententiam
678 2327 698 2371 a
716 2303 825 2394 judice
854 2305 1079 2395 appellationis
1105 2304 1242 2372 dubium
1272 2326 1336 2371 non
1374 2316 1437 2372 est.

287 2415 411 2480 Atvcro
427 2410 588 2499 generalis
604 2409 802 2479 consuetudo
825 2409 1023 2502 jamdudum
1037 2411 1189 2497 obtinuit,
1205 2421 1242 2479 ut
1261 2411 1369 2480 asolo
1380 2413 1439 2502 ju-

289 2519 358 2588 dice
383 2517 608 2609 appellationis
634 2541 731 2584 causa
758 2517 918 2586 nullitatis
947 2519 1114 2585 sententiaa
1148 2518 1338 2586 derimatur.
1377 2521 1439 2610 (De

288 2625 505 2718 quingenarali
513 2625 745 2693 consuetudine
755 2622 832 2694 vide
842 2633 1011 2694 testantem
1023 2623 1250 2713 Reiffenstuel,
1267 2625 1301 2692 in
1311 2625 1362 2692 tit.
1378 2631 1436 2712 28,

286 2735 362 2802 libri
378 2737 410 2819 2,
427 2755 460 2799 n.
481 2733 548 2822 31.)

333 2841 384 2909 Ex
406 2863 472 2931 qua
486 2841 633 2908 doctrina
652 2838 693 2907 ad
714 2841 882 2931 praesantis
902 2841 1094 2931 quaestiouis
1114 2840 1308 2908 solutionem
1329 2840 1438 2907 lacilis

288 2949 393 3018 illatio
422 2975 429 3014 z
459 2969 536 3015 narn
564 2948 658 3033 siout,
686 2948 829 3038 inspecto
857 2947 931 3038 jure
959 2949 1091 3038 scripto,
1120 2956 1223 3038 potest
1251 2947 1437 3038 Episcopus

291 3078 383 3124 suam
407 3055 612 3142 sententiam,
628 3075 729 3143 quam
743 3053 875 3122 nulliter
893 3055 1040 3145 protulit,
1055 3064 1240 3140 retractare,
1268 3055 1356 3122 idem
1372 3077 1436 3146 po-

289 3163 364 3230 tcrit
377 3159 483 3252 quoad
499 3159 659 3248 generalis
674 3158 798 3227 Vicarii
813 3161 864 3228 sni
887 3161 1091 3244 sententiam,
1116 3159 1273 3227 nullitatis
1288 3158 1370 3227 vitio
1386 3159 1437 3224 la-

288 3271 476 3354 borantem,
500 3265 674 3357 siquidem,
690 3267 732 3334 ob
746 3267 920 3335 tribunalis
929 3267 1143 3352 identitatem,
1154 3265 1436 3357 jurisdictionales

289 3375 412 3448 Vicarii
424 3373 583 3463 generalis
597 3383 688 3442 actus
702 3384 875 3441 censentur
891 3375 932 3442 ab
947 3375 1018 3465 ipso
1037 3375 1197 3464 Episcopo
1211 3373 1304 3463 gesti.

334 3485 481 3574 {aspectu
510 3503 588 3549 vero
619 3503 719 3573 snpra
748 3489 925 3550 memorata
955 3482 1200 3568 consuetudine,
1229 3480 1388 3548 sententia
1416 3501 1435 3546 a

289 3589 420 3660 Vicario
436 3588 580 3678 generali
596 3588 729 3655 nullitcr
744 3588 881 3678 prolata,
898 3589 1028 3656 nonnisi
1048 3588 1191 3679 ajudice
1206 3585 1434 3678 appellationis

290 3695 431 3767 rescindi
445 3719 537 3787 posse
554 3695 690 3762 dicenda
701 3705 760 3765 est.

336 3805 479 3885 Quassus
495 3807 541 3869 3².
559 3839 603 3854 --
620 3803 672 3869 An
686 3802 868 3894 Episcopus
890 3805 996 3895 posset
1010 3803 1186 3872 rescocdere
1198 3815 1259 3868 ont
1273 3800 1436 3890 com'pere

292 3913 486 3982 sententium
498 3909 715 4001 definitivam,
736 3933 757 3978 c
781 3912 905 3980 Vicoct'o
924 3934 982 3979 suo
995 3912 1117 4001 injuste
1134 3911 1211 4001 (econ
1229 3921 1341 3976 tumen
1354 3909 1433 3976 ranl-

293 4019 377 4108 liter)
393 4019 584 4109 prolatam?
608 4055 653 4070 —
676 4017 951 4109 Respondeudum
977 4019 1138 4108 negative.
1163 4018 1246 4086 Nam
1273 4017 1432 4084 mutantia

291 4126 458 4197 definitiva
474 4125 633 4212 generalis
653 4125 776 4194 Vioarii
790 4126 917 4216 dejure
940 4125 1089 4196 habenda
1111 4135 1159 4192 est
1185 4134 1338 4215 tauquam
1353 4147 1431 4189 seu-

292 4235 393 4306 tentia
406 4231 575 4322 ipsiusmet
589 4231 738 4322 Episcopi
759 4260 766 4300 :
786 4255 864 4322 ergo
884 4233 911 4300 si
933 4242 1070 4325 nequeat
1090 4233 1269 4324 Episcopus
1285 4231 1428 4300 validam
