3030 4980
525 499 600 546 ωε
622 499 767 548 anconae.
1153 483 1214 549 tot

71 619 159 711 juris
177 621 340 707 textibus,
366 618 452 712 quud
477 619 597 710 patebit
615 621 750 711 eosqui
771 620 882 692 allarri
900 622 1004 692 solent
1024 623 1214 714 singillatim

74 727 300 820 expandendo.
324 724 510 796 Adducitur
534 735 632 817 eaput
651 728 810 797 Volumus
832 728 1047 799 distinctionis
1069 735 1134 798 892
1159 732 1215 800 aad

75 833 122 902 ihi
137 842 266 904 sancum
280 831 458 922 Gregorius
473 832 612 922 Magnos
624 832 718 923 jubet
734 843 858 902 tontum
875 845 910 904 ut
924 835 1116 905 Pmchasins
1133 837 1216 929 Epi-

75 963 194 1032 scopm
210 939 457 1009 Vicedomt'mun
470 939 532 1008 sibi
545 938 675 1008 ordinet
689 952 719 1008 et
730 942 896 1033 majorem
910 941 1045 1027 mimis,
1057 956 1218 1035 quotenus

74 1050 182 1140 possit
196 1049 248 1118 ool
259 1047 439 1140 hospitibus
454 1048 765 1140 supcromioctidus,
779 1051 832 1118 cel
844 1051 950 1119 causis
964 1073 1037 1143 quo
1056 1052 1215 1144 eocuiwat,

79 1155 215 1224 idoneis
229 1166 260 1223 ct
269 1167 413 1246 paratus
428 1154 574 1222 oculere.
590 1154 728 1223 Probari
742 1164 826 1224 carte
841 1157 954 1248 nequit
967 1157 1014 1226 ibi
1027 1159 1081 1247 agi
1096 1158 1136 1226 de
1156 1159 1218 1227 Vi-

79 1263 168 1331 cario
182 1260 326 1351 generali
339 1261 470 1353 proprie
485 1260 587 1341 dicto;
608 1260 776 1352 multoque
798 1262 910 1332 minus
932 1263 1010 1332 inde
1027 1265 1220 1335 concludere

75 1369 151 1437 licat
164 1368 396 1458 obligationem
408 1367 561 1437 omnibus
574 1367 743 1460 Episcopis
757 1367 875 1438 factam
887 1370 1035 1440 Vicarios
1052 1373 1217 1463 generales

75 1475 228 1546 habendi.
246 1477 326 1544 ltcm
342 1473 515 1544 adducitur
528 1483 624 1566 caput
641 1475 727 1558 Ouio
741 1475 776 1544 irs
794 1477 1002 1568 quibusdam,
1018 1502 1060 1548 ex
1078 1481 1217 1550 concilio

74 1581 332 1651 Chalcedonensi
362 1579 592 1672 depromptum
621 1579 666 1671 (t,
695 1581 835 1650 distinct.
871 1585 938 1674 89),
970 1607 1036 1676 quo
1060 1585 1217 1676 jubentur

75 1688 228 1779 Episcopi
257 1687 378 1756 habere
406 1707 624 1768 oecowmum,
650 1687 708 1778 qui
734 1687 888 1778 puderoct
912 1691 1047 1761 rectane
1068 1715 1118 1762 res
1141 1717 1216 1764 com

74 1794 215 1862 arbitrio
236 1794 288 1862 sui
308 1793 465 1885 Episcopi
471 1818 485 1874 ,·
500 1806 538 1861 ut
562 1814 630 1861 non
649 1792 718 1861 sinc
745 1794 927 1865 testimonio
956 1798 999 1866 sit
1021 1800 1215 1888 quimatio

75 1902 228 1992 ipsorum
243 1924 355 1970 rerum
368 1900 671 1984 ccclenosticarum,
687 1913 717 1968 et
731 1923 772 1969 ec
784 1903 845 1970 hoc
868 1905 995 1973 comior
1008 1929 1058 1975 res
1070 1909 1216 1999 ejusden

74 2009 213 2078 cerleio
226 2008 379 2100 disperpi.
395 2007 459 2077 Sed
474 2009 613 2099 ipsamet
629 2009 701 2076 hoc
715 2010 815 2078 verbu
830 2011 936 2101 palam
947 2011 1084 2102 iaciunt,
1100 2015 1145 2084 ibi
1160 2018 1217 2108 agi

74 2113 118 2182 de
145 2115 409 2184 administratore
425 2115 587 2183 bonorum
611 2115 775 2202 Ecclesiae,
807 2139 872 2186 non
898 2128 1004 2187 autam
1025 2122 1063 2188 de
1084 2123 1216 2194 Vicerio

74 2221 221 2311 generali
239 2222 369 2312 proprie
388 2219 485 2289 dicto
507 2221 612 2310 llagis
633 2220 674 2288 ad
692 2244 762 2292 rem
781 2223 913 2292 videtur
931 2236 1027 2317 caput
1054 2229 1091 2296 in
1117 2232 1215 2302 Nono

76 2332 351 2420 (22,cause16,
376 2351 412 2419 q.
434 2330 490 2418 7l5
513 2351 579 2418 quo
594 2327 736 2396 decernit
759 2330 931 2398 concilium
956 2331 1146 2424 Hispaleuse
1172 2339 1216 2424 ll,

76 2459 118 2504 ne
135 2435 210 2504 laici
224 2445 432 2504 maurnantur
446 2435 481 2503 in
496 2457 689 2519 oeconomos,
716 2437 796 2528 quia
816 2435 1003 2508 indecorum
1026 2455 1071 2510 cst
1092 2443 1215 2513 laicum

82 2544 251 2613 Vicurium
271 2565 335 2612 csse
363 2543 529 2634 Episcopi,
554 2555 586 2610 ct
614 2543 783 2612 seculares
811 2545 847 2612 irc
875 2545 1019 2616 Ecclesia
1042 2549 1216 2638 judicurc;

75 2673 153 2743 quoe
175 2650 275 2720 verbo
296 2650 500 2740 aliquatenus
526 2649 668 2718 innuunt
691 2669 749 2741 per
771 2650 931 2743 ejusmodi
952 2675 1136 2725 mosmos
1161 2658 1215 2726 in-

75 2757 271 2846 telligendos
300 2779 369 2824 esse
398 2756 546 2826 Vicurios
573 2757 751 2846 generales.
778 2757 816 2827 Si
845 2766 952 2828 umen
986 2770 1090 2830 totum
1118 2777 1218 2856 caput

74 2871 196 2932 attente
220 2864 358 2952 legatur,
387 2861 548 2931 videbitur
571 2885 625 2930 eas
651 2862 827 2932 locutiones
856 2866 1021 2935 Vicorium
1047 2870 1213 2963 Episcopi,
1296 2959 1298 2964 ι

74 2982 107 3040 et
123 2970 280 3061 judicare
298 2971 334 3037 io
356 2969 512 3050 Ecclesia,
546 2969 785 3059 restringendus
809 2993 877 3040 esse
899 2973 940 3041 ad
969 2973 1157 3046 vicariatum
1184 2989 1217 3047 et

71 3080 293 3171 judicaturam
316 3076 423 3167 quoad
442 3077 528 3144 bone
548 3078 739 3167 temporalia
762 3078 913 3148 Ecclesiae
937 3090 1075 3170 tantum,
1099 3085 1213 3174 idest,

74 3187 118 3254 ad
148 3191 398 3255 ‹economatum
429 3183 465 3251 ld
490 3192 599 3275 aperto
618 3193 743 3253 conatu
760 3207 803 3254 ex
825 3187 950 3256 ultimis
972 3188 1070 3280 hujus
1096 3191 1215 3263 decreti

76 3293 197 3362 verbis.
221 3292 353 3382 Siquis
373 3303 484 3360 cutem
502 3291 683 3384 Episcoptu
700 3294 842 3384 posthoc
865 3295 1110 3367 ecclcuosticom
1132 3323 1212 3384 rom,

74 3414 137 3470 ortt
162 3422 224 3490 per
253 3399 405 3467 tuiculem
434 3401 704 3490 procurationes
740 3399 1040 3471 administrandam
1072 3407 1212 3497 elepcrit,

74 3521 138 3577 out
156 3507 223 3574 sine
241 3505 425 3574 testimonio
445 3507 604 3574 oeconomi
623 3506 869 3598 pubescentium
887 3508 1070 3594 crediderit,
1088 3535 1160 3582 ocrc
1179 3529 1216 3584 ut

70 3611 252 3705 frondator
273 3611 560 3681 ecctoimreancn
583 3635 706 3694 rerum,
733 3636 798 3682 nou
819 3615 925 3682 solum
949 3615 989 3684 dc
1011 3618 1105 3687 rehtu
1126 3641 1216 3710 pou-

70 3741 194 3811 perum
200 3716 411 3810 judicabitur
424 3739 509 3800 reus,
524 3717 581 3787 scd
600 3719 702 3787 etiam
723 3721 855 3789 concilio
880 3723 1027 3792 monebu
1046 3726 1214 3797 obuocius.

74 3829 209 3895 Constat
222 3825 357 3916 insuper
371 3847 412 3894 cx
432 3848 470 3893 eo
488 3825 575 3916 quod
599 3827 689 3894 nullo
711 3836 855 3920 tempore
880 3831 1044 3920 potuerint
1063 3843 1119 3900 eut
1138 3857 1217 3904 con·

74 3933 243 4002 sueverint
256 3931 408 4024 Episcopi
420 3931 679 4023 jurisdictionem
702 3933 919 4024 spiritualem,
942 3937 1074 4028 qualem
1095 3925 1218 4011 vicarii

74 4037 242 4128 generales
256 4038 415 4124 obtinent,
433 4059 490 4128 per
504 4037 602 4106 laicos
617 4060 780 4107 exercere.
797 4041 882 4110 Dum
899 4065 917 4110 e
932 4052 1044 4112 contre
1057 4044 1217 4119 bonorum

74 4145 367 4214 ecclesiasticorum
382 4143 623 4214 administratio
642 4165 699 4214 sen
719 4157 939 4217 ‹economntus
954 4149 1101 4223 absolute
1117 4165 1220 4247 potest

76 4253 170 4322 laicis
183 4251 356 4341 committi,
377 4251 451 4323 licet
468 4251 502 4320 id
517 4250 639 4340 deceat,
662 4264 696 4321 at
714 4254 748 4322 in
768 4253 829 4324 hoc
853 4257 955 4347 capite
974 4257 1103 4330 dicitur.
1131 4263 1219 4334 Tan-
