3056 4972
289 475 350 541 1611
663 493 839 540 amaracus
864 494 901 539 66
923 492 1055 540 suorcns.

282 615 378 684 dictio
391 613 528 704 delegati
538 613 660 706 judicis
671 614 875 684 ecelesiastici
887 614 926 683 ad
942 615 1088 684 haeredes
1099 635 1166 684 non
1180 621 1334 703 transeat,
1347 636 1433 706 pre-

282 725 410 792 batione
426 745 491 791 non
507 721 652 812 indiget;
670 745 744 791 erim
760 723 941 792 absurdum
963 725 1004 792 sit
1021 745 1203 815 supponere
1221 719 1432 812 delegantem

282 832 422 900 voluisse
433 829 559 922 judiees
572 831 767 898 constituere
783 830 929 900 haeredes
950 831 1088 921 delegati
1105 831 1238 899 mortui.
1253 829 1350 911 Quod
1368 853 1434 898 ne-

281 959 344 1028 que
365 943 504 1006 transeat
525 935 567 1004 ad
590 958 807 1004 successorem
832 936 971 1026 delegati
989 936 1024 1003 in
1047 936 1160 1005 eadem
1182 935 1341 1026 dignitate
1358 937 1434 1004 sive

281 1043 400 1132 officio,
415 1044 541 1112 esuritur
554 1067 595 1112 ex
611 1044 752 1135 eoquod
769 1043 930 1133 delegatio
946 1043 1030 1112 laeta
1051 1043 1150 1113 fuerit
1168 1065 1323 1134 expresso
1337 1043 1435 1112 dele-

245 1167 250 1174 ·
283 1150 352 1242 gali
368 1151 499 1219 nomina
512 1151 665 1242 proprio;
682 1151 811 1220 sienim
827 1151 979 1241 delegans
994 1151 1147 1221 voluisset
1165 1149 1435 1242 jmisdictionem

281 1257 419 1326 transire
434 1256 476 1325 ad
494 1256 564 1348 ejus
580 1257 614 1324 in
640 1256 753 1325 eodem
770 1257 878 1326 officio
904 1281 1115 1346 successores,
1131 1258 1315 1348 delegatum
1338 1258 1437 1326 desi-

163 1363 164 1370 '
282 1374 412 1456 gnasset
422 1387 479 1456 per
488 1387 608 1433 nomen
619 1363 791 1434 dumtaxat
802 1365 905 1457 ipsius
916 1365 1194 1454 olficii;dicendo,
1204 1365 1296 1435 verbi
1306 1365 1434 1456 gratia,

284 1471 471 1564 Hispaleusi
481 1472 725 1564 Archiepiscopo
737 1472 983 1542 committimus.
997 1473 1159 1542 Probatur
1170 1471 1436 1563 insuperregula

280 1579 365 1674 juris
392 1583 423 1666 7,
437 1580 471 1647 iu
497 1583 514 1646 6
541 1579 783 1672 :privilegium
805 1581 978 1671 personale
1003 1602 1180 1672 personam
1205 1578 1370 1670 sequitur;
1397 1588 1436 1648 et

283 1687 398 1777 regula
421 1691 474 1774 12,
496 1686 576 1755 ibid.
598 1715 605 1754 :
630 1687 840 1755 accessorium
863 1701 1022 1756 acturam
1043 1687 1135 1778 sequi
1157 1685 1307 1778 conprait
1326 1686 1435 1776 prin-

285 1795 411 1886 cipalis.

330 1904 453 1969 Atvero
466 1899 493 1968 si
509 1900 667 1991 delegatio
682 1900 766 1970 lacta
780 1901 835 1988 sit,
848 1923 915 1970 non
927 1901 1048 1970 intuitu
1064 1923 1212 1993 personae
1227 1909 1259 1968 ct
1271 1921 1434 1991 expresso

285 2009 416 2100 proprio
428 2009 499 2099 ejus
514 2007 658 2095 nomine,
669 2007 726 2076 sed
739 2007 860 2076 intuitu
876 2007 1042 2099 dignitatis
1057 2030 1156 2100 quem
1171 2008 1256 2098 gerit
1264 2006 1431 2098 (dicendo,

285 2115 377 2186 verbi
404 2113 521 2204 gratia,
537 2112 725 2204 delcqamas
749 2114 886 2204 officiali
909 2113 1152 2206 Bardipalemi,
1172 2114 1269 2182 tacito
1294 2115 1434 2204 proprio

284 2219 372 2287 illins
388 2218 536 2286 officialis
550 2219 707 2310 nominc),
718 2233 843 2290 eertum
859 2229 907 2289 est
915 2221 1176 2312 jurisdictionem
1191 2244 1266 2289 cum
1279 2219 1435 2309 delegato

287 2350 352 2396 non
367 2326 529 2417 expirare,
541 2325 597 2395 sed
609 2325 650 2394 ed
663 2327 765 2417 ipsius
777 2351 995 2397 successorem
1011 2329 1165 2413 trausire3
1182 2338 1213 2396 et
1227 2328 1288 2397 hoc
1299 2327 1435 2396 etiamsi

286 2457 383 2504 causa
402 2433 509 2502 adhuc
534 2435 575 2502 sit
599 2435 738 2524 integra,
756 2433 788 2502 id
811 2437 1035 2523 est‚·nondum
1060 2436 1199 2527 incepta,
1214 2434 1345 2526 quando
1371 2433 1435 2503 de-

285 2544 410 2632 legatus
427 2541 575 2610 moritur.
598 2540 753 2634 Sequitur
768 2565 810 2612 ex
832 2565 871 2612 eo
892 2544 981 2634 qnod
997 2552 1075 2612 tunc
1099 2541 1252 2632 delegans
1273 2539 1435 2632 jurisdic-

287 2649 407 2718 tionem
433 2649 555 2738 alliget,
578 2670 643 2716 non
661 2671 823 2740 persensa,
840 2651 895 2718 sed
920 2649 1091 2740 dignitati,
1115 2671 1190 2741 quae
1221 2669 1435 2738 nequaquem

288 2757 438 2843 moritur,
454 2755 510 2825 sed
526 2755 638 2824 eadem
654 2757 688 2823 in
702 2778 886 2825 successore
908 2779 946 2824 ec
959 2756 994 2824 in
1010 2756 1246 2848 predecessore
1267 2754 1378 2823 existit
1393 2777 1435 2824 ac

287 2873 465 2956 permanet.
484 2863 565 2930 Eam
587 2873 696 2931 autam
719 2863 956 2954 jurisdictionis
978 2861 1019 2930 ad
1042 2884 1241 2932 successores
1260 2862 1437 2929 transmis-

286 2973 411 3039 sionem
435 2971 575 3061 probeut
599 2968 775 3038 canonistae
799 2992 840 3038 ax
866 2969 969 3062 capite
996 2970 1162 3053 Quoniam
1180 2970 1247 3060 (11,
1264 2968 1350 3038 tituli
1372 2973 1433 3058 29,

287 3077 364 3145 libri
380 3080 394 3143 1
413 3075 657 3165 6666161166),
674 3075 720 3143 ibi
745 3098 861 3166 nempe
884 3075 1041 3145 Summus
1063 3075 1214 3145 Pontifex
1237 3074 1436 3144 sententiam

287 3183 457 3251 confirmat
473 3181 643 3275 cujusdam
657 3182 807 3270 Abbatis,
822 3181 880 3273 qui
894 3181 1060 3271 delegatus
1074 3183 1143 3274 ipse
1157 3204 1223 3250 non
1237 3181 1355 3267 fuerat,
1373 3181 1436 3250 sed

287 3297 480 3358 successerat
511 3289 668 3378 delegato.
701 3289 807 3370 Quam
837 3288 1032 3358 decisionem
1065 3287 1217 3358 Pontifex
1251 3287 1369 3356 fundat
1393 3311 1436 3356 eu
1521 3301 1522 3372 1

288 3397 411 3465 ratione
428 3422 436 3462 ι
455 3395 532 3486 quia
548 3395 606 3464 sab
622 3396 777 3486 capressis
789 3395 977 3465 nominibus
992 3397 1136 3465 locorum
1150 3408 1180 3463 et
1195 3417 1260 3464 non
1271 3416 1436 3486 persona-

287 3525 363 3571 rum
378 3502 559 3571 commissio
574 3503 751 3570 emanavit.
1255 3503 1259 3506 ’

333 3617 363 3678 2.
382 3609 519 3700 Expirat
530 3609 714 3699 jurisdictio
731 3610 868 3700 delegati
891 3633 949 3701 per
966 3619 1103 3678 mortem
1126 3608 1317 3698 delegantis,
1330 3609 1359 3676 si
1380 3631 1437 3677 res
1521 3635 1522 3652 ¹

288 3728 335 3787 est
348 3716 454 3785 adhuc
469 3717 610 3805 integrm
630 3718 762 3784 secessi
777 3739 876 3786 eausa
890 3719 1062 3786 commissa
1073 3717 1141 3810 jam
1158 3717 1284 3808 incepta
1303 3715 1374 3784 fuit.
1393 3715 1436 3783 Id

249 3887 251 3893 .
288 3825 419 3916 probari
435 3823 516 3892 solet
529 3824 630 3913 capite
644 3823 734 3891 Licet
752 3827 806 3910 99,
821 3824 925 3915 capite
938 3824 1092 3892 Relatum
1109 3827 1161 3911 19,
1175 3831 1207 3891 et
1222 3823 1326 3913 capite
1343 3823 1437 3890 Gra—

290 3949 359 4000 iam
379 3937 435 4017 20,
451 3931 536 3999 tituli
552 3934 607 4018 29,
625 3929 702 3998 libri
718 3935 733 3998 1
753 3931 990 4012 Decretalium;
1009 3941 1105 4024 atque
1123 3932 1221 3999 ctiam
1236 3931 1307 3998 erui
1328 3940 1438 4021 petest
1521 3971 1522 3980 κ

289 4041 452 4130 cacapite
481 4039 638 4122 Quamvis
652 4038 699 4128 (6,
717 4037 756 4106 de
775 4040 869 4130 Offic.
895 4053 927 4107 ct
944 4051 1066 4130 potest.
1086 4037 1167 4129 jad.
1186 4027 1302 4128 dalaq„
1327 4039 1360 4104 in
1386 4040 1432 4129 6).

288 4147 554 4216 Transcribemus
566 4146 748 4234 dumtaxat,
760 4147 916 4216 exolutis
929 4147 1157 4234 decretalibus,
1169 4147 1250 4215 duas
1262 4145 1434 4236 illasque

289 4252 512 4324 difficultatem
537 4253 680 4346 aliquam
697 4254 818 4323 iaciunt
839 4255 923 4324 circa
946 4254 1079 4324 modum
1103 4253 1305 4345 intelligendi
1326 4275 1436 4345 quan-
