3030 4980
540 501 614 548 rsns
638 497 783 546 susurros.
1165 477 1226 544 473

84 617 203 708 grinus
220 619 322 712 (parte
341 623 374 705 l,
390 626 466 688 sect.
485 625 517 707 t,
539 643 573 689 n.
591 621 645 712 20)
665 648 673 688 ε
694 646 712 688 «
727 621 769 690 Et
782 643 848 690 non
864 627 978 712 potest,
996 619 1115 712 inquit,
1132 641 1151 687 a
1166 621 1229 690 Vi-

88 751 107 790 c
130 727 218 794 cario
236 727 397 796 removeri
415 727 456 796 ab
478 727 598 814 officio,
620 727 751 820 qnando
770 727 833 796 fuit
851 727 975 818 positus
995 727 1165 796 etelectus
1187 728 1228 795 ab

89 857 107 898 u
131 833 291 925 Episcopo
316 857 392 903 cnm
417 835 549 922 salari03
573 832 724 927 quamvis
742 834 826 902 alins
849 835 1021 903 Promotor
1039 833 1157 902 suculis
1176 854 1228 900 as·

90 967 107 1007 u
131 948 282 1033 sumptus
302 963 362 1033 per
376 941 519 1034 jndicem
546 943 581 1010 in
599 942 709 1035 eliqua
726 963 835 1030 censa,
856 941 958 1034 possit
978 941 1019 1010 sd
1039 950 1156 1010 nutum
1175 962 1229 1008 re-

89 1072 107 1112 c
130 1049 302 1118 moveri.»
813 1041 815 1050 '

132 1159 164 1223 3.
187 1155 226 1222 ln
247 1155 472 1226 constituendo
493 1165 601 1226 antem
624 1157 814 1226 Promotore
840 1155 954 1242 fiscali,
976 1154 1156 1224 curandum
1182 1163 1230 1223 est

85 1271 124 1330 nt
144 1262 368 1354 juramentum
393 1272 537 1356 praestet.
566 1289 583 1328 a
606 1264 709 1332 Debet
725 1264 836 1355 jurare
856 1263 914 1354 (ait
933 1261 1099 1332 uadatus
1125 1261 1229 1331 Pelle-

89 1395 108 1434 «ι
131 1369 259 1458 grinns,
277 1370 374 1441 citato
390 1369 472 1461 loco)
495 1371 530 1439 in
545 1370 705 1462 principio
724 1367 826 1438 officii
845 1369 898 1438 sni
918 1368 958 1437 de
972 1369 1054 1437 bene
1068 1369 1230 1437 adminis-

91 1501 108 1540 «
132 1475 262 1563 trando,
286 1485 323 1546 ut
340 1485 431 1547 notat
446 1477 593 1568 Angelus
608 1477 655 1568 (in
676 1478 781 1566 legem
800 1477 841 1544 Si
855 1475 1021 1556 vocontio,
1042 1475 1173 1562 codicis,
1190 1474 1230 1543 dc

90 1584 232 1654 «Bonis
249 1585 452 1668 oeconomos,
477 1584 561 1653 libro
586 1584 652 1674 10),
676 1607 774 1674 quem
794 1583 894 1652 refert
920 1583 1114 1675 praepositus
1199 1589 1231 1650 et

91 1715 108 1756 a
132 1689 319 1760 Bernsrdns
337 1691 456 1761 Dian...
480 1716 497 1756 u
518 1690 602 1760 Cum
621 1691 743 1760 scilicet
760 1713 798 1758 ea
812 1689 990 1758 formalitas
1002 1713 1022 1758 a
1034 1689 1108 1782 jure
1126 1689 1231 1759 lusti-

87 1797 206 1866 nianco
228 1797 472 1888 praescribatur,
496 1798 756 1889 necquidquam
781 1797 980 1866 contrarium
1004 1797 1154 1888 disponat
1175 1795 1230 1888 jus

86 1904 294 1989 canonicum,
316 1903 477 1974 censendo
501 1913 549 1974 est
571 1905 669 1974 etiam
691 1904 815 1996 requiri
833 1903 874 1972 de
895 1903 970 1994 jure
989 1904 1156 1973 communi
1177 1926 1230 1972 ec-

87 2009 282 2096 clesiastico3
297 2011 394 2103 juxta
407 2011 590 2101 generalem
609 2012 756 2100 regulam
771 2011 832 2078 sub
846 2010 976 2078 initium
995 2010 1094 2101 hujus
1108 2018 1231 2078 tracta-

88 2124 142 2185 tus
167 2116 317 2208 positam,
350 2118 390 2188 de
418 2118 600 2209 receptione
622 2117 832 2188 Jueuniancae
859 2117 1073 2208 legislationis
1102 2117 1137 2184 in
1159 2116 1230 2185 loro

87 2223 313 2308 ecclesiastico,
333 2224 369 2293 in
388 2225 429 2294 iis
447 2247 522 2316 quar
543 2247 609 2294 non
627 2225 763 2294 luerunt
777 2248 796 2293 a
810 2224 938 2315 legibus
957 2223 1177 2294 ecclesiasticis
1191 2223 1229 2290 in

88 2333 289 2402 contrarium
302 2331 470 2425 disposita.

607 2567 707 2659 em.

307 2748 344 2798 De
371 2746 529 2798 Promotoris
552 2745 647 2798 mostis
669 2745 754 2798 officio
779 2749 805 2798 et
830 2745 1014 2812 prerogativis.

136 2977 167 3042 l.
194 2973 286 3042 Sicut
307 2974 444 3065 alicujus
465 2976 602 3067 private
624 2996 772 3065 persone
791 2981 982 3064 procurator
1005 2979 1133 3041 tenetur
1152 2971 1231 3038 ‹tili-

88 3089 205 3171 genter
226 3083 310 3151 tueri
331 3083 476 3174 ejusden]
498 3083 652 3152 interesse
675 3091 706 3150 et
727 3082 815 3172 jura,
838 3081 884 3150 ita
906 3081 1124 3171 procuratoris
1145 3079 1231 3146 Fisci

88 3189 236 3258 officium
261 3199 308 3258 est
331 3213 406 3258 com
429 3190 497 3257 zelo
517 3211 708 3280 promovere
728 3190 762 3256 in
781 3188 925 3275 dioecesi,
951 3195 1022 3255 tum
1039 3186 1232 3277 generaliter

89 3295 241 3364 Ecclesiae
261 3297 383 3364 bonum
404 3297 584 3388 publicum,
606 3304 638 3364 et
653 3297 740 3386 jura,
758 3305 828 3362 tum
847 3295 881 3362 in
899 3294 1003 3384 speeie
1024 3294 1100 3385 jura
1121 3307 1153 3361 et
1173 3294 1232 3361 bo·

88 3422 170 3468 num
191 3400 357 3490 publicum
377 3399 551 3469 dioceseos
571 3401 690 3491 inqua
711 3400 774 3468 luit
797 3401 1002 3468 constitutus.
1026 3401 1064 3468 ld
1086 3402 1232 3490 sequitur

88 3529 131 3574 ex
154 3507 305 3597 superins
325 3506 443 3576 tradita
460 3506 500 3575 de
516 3507 610 3577 Fisco
627 3507 841 3576 ecclesiastico
859 3515 891 3574 et
908 3507 1010 3575 fiscali
1024 3512 1233 3597 procuratore

87 3612 288 3683 delinitione.

133 3725 166 3788 2.
189 3719 353 3811 Imprimis
372 3729 482 3790 cutem
496 3720 632 3813 requirit
647 3720 815 3813 publicum
835 3720 997 3808 Ecclesia,
1020 3730 1053 3789 ct
1070 3720 1232 3789 uniuscu-

84 3827 204 3918 jusque
226 3825 372 3895 dioecesis
390 3828 528 3912 bonnm,
552 3834 590 3895 ut
611 3826 726 3896 delicta
748 3836 970 3913 coerceantur,
991 3836 1023 3896 et
1044 3828 1157 3916 legum
1180 3849 1233 3895 ec-

86 3933 341 4002 clesiasticarum
363 3933 496 4002 violatio
522 3933 686 4025 impunita
707 3957 775 4003 non
802 3941 978 4003 remaneat.
1006 3935 1088 4015 Ques
1105 3933 1234 4024 justitia

86 4040 286 4108 vindicetiva
314 4041 379 4109 nisi
408 4047 609 4127 exerceatur,
639 4040 849 4132 pullulabunt
877 4038 1039 4126 scandala,
1073 4048 1169 4131 atque
1199 4041 1234 4108 in

86 4147 157 4216 dies
168 4147 382 4216 increbrescet
394 4147 579 4216 animarum
594 4153 719 4237 strages
733 4155 919 4239 aeterneque
934 4146 1127 4238 deperditio.
1149 4145 1234 4216 Hinc

87 4253 129 4322 ad
143 4253 343 4323 Promotoris
357 4253 475 4322 fiscalis
494 4253 639 4324 officinm
655 4255 819 4348 praecipue
835 4253 975 4346 pertinet
990 4252 1154 4346 publicam
1169 4253 1234 4322 cri-
