3030 4980
291 481 350 542 5118
662 495 838 542 snscrsrus
860 495 899 540 nr
921 493 1055 542 sunrcrrs.

284 619 464 709 consectum
479 617 598 710 utrque
619 617 756 711 plenam
777 617 879 708 fidem
889 617 985 707 lacit.
1012 616 1121 684 -Its
1144 621 1253 684 tenent
1280 613 1432 684 doctores

284 727 515 795 communiter.
537 753 555 791 c
579 725 745 812 Notarius,
774 724 820 794 nit
832 722 1001 813 Pirrhing,
1019 723 1106 791 intre
1121 721 1324 792 territorium
1342 722 1428 814 ejus,

287 859 303 898 e
326 832 421 923 cujus
435 833 624 902 auctoritate
639 840 686 900 est
701 832 906 920 constitutus,
925 837 1029 922 potest
1049 829 1206 900 conficere
1221 829 1430 898 instrumen-

286 967 303 1008 α
328 949 410 1028 tum,
434 939 532 1009 etiem
548 939 712 1008 extraneis
727 962 764 1008 ac
780 939 961 1030 peregrinis
976 960 1053 1006 eum
1069 935 1273 1027 rogantibus,
1291 934 1378 1006 adeo
1395 947 1431 1005 ut

286 1073 302 1114 «
325 1048 387 1117 tsle
403 1047 661 1116 instrumentum
677 1047 775 1115 etism
789 1046 880 1136 elibi,
897 1069 955 1114 seu
970 1052 1064 1114 extre
1077 1045 1282 1114 territorium
1297 1046 1428 1112 consti-

285 1182 302 1221 «
327 1155 445 1224 tuentis
460 1155 581 1247 ubique
598 1156 729 1246 plenam
740 1153 841 1223 fidem
855 1153 990 1222 faciet...
1007 1153 1102 1222 Ratio
1118 1159 1177 1240 cst,
1194 1151 1271 1243 quie
1281 1151 1388 1220 fidem
1400 1160 1432 1219 et

285 1262 550 1334 <tauctoritatem
576 1261 741 1354 publicem
763 1261 833 1352 jam
855 1260 977 1352 accepit
1002 1259 1261 1329 instrumentum
1286 1259 1322 1326 in
1356 1259 1430 1327 loco

285 1397 301 1434 n
324 1370 561 1457 constituentis,
578 1369 759 1460 etquidem
775 1391 794 1436 e
814 1368 889 1459 jure
914 1366 1103 1452 communio,
1122 1365 1258 1458 ideoque
1279 1365 1331 1433 vis
1346 1387 1431 1456 pro-

283 1477 422 1544 «bnndi
447 1477 549 1545 semel
572 1485 655 1563 orte,
680 1497 746 1544 non
770 1473 895 1544 tollitur
919 1474 1098 1542 mutatione
1122 1471 1196 1542 loci.
1224 1497 1241 1536 r
1272 1473 1323 1564 (ln
1339 1473 1429 1542 titu-

278 1583 350 1652 lnm
367 1588 422 1671 22,
439 1583 517 1652 libri
533 1587 552 1652 2
567 1583 798 1668 Decretalium,
817 1605 850 1650 n.
872 1581 938 1674 10.)
956 1579 1041 1651 Vide
1055 1582 1154 1648 etiem
1165 1580 1366 1670 Fegnenum
1380 1581 1429 1670 (in

279 1699 374 1782 ceput
389 1691 497 1772 Sicut,
523 1692 571 1760 tit.
594 1694 644 1762 Ne
660 1690 769 1759 clerici
790 1690 841 1758 vel
857 1687 1022 1770 monaehi,
1051 1711 1085 1755 n.
1115 1689 1178 1777 53).
1198 1687 1296 1757 Retio
1311 1697 1427 1756 sutem

279 1798 533 1868 fundamentalis
545 1807 593 1868 est
606 1799 744 1889 ipsemet
758 1796 970 1866 institutionis
986 1795 1190 1864 notariorum
1201 1803 1328 1864 nutura.
1347 1794 1428 1864 Ideo

278 1907 379 1992 enim,
397 1917 429 1976 et
444 1908 479 1974 in
494 1907 647 1992 Ecclesia,
666 1907 747 1974 etin
763 1907 912 1975 societate
930 1905 1091 1993 seeculsri,
1114 1906 1233 1974 notarii
1247 1907 1428 1996 excogitati

278 2024 400 2082 suntet
420 2015 571 2103 instituti,
587 2025 623 2084 ut
639 2037 697 2106 per
711 2016 859 2106 ipsorum
873 2014 1083 2106 scriptionem
1099 2023 1131 2083 et
1146 2015 1426 2106 subscriptionem

278 2121 371 2212 plene
386 2130 417 2190 et
430 2123 672 2215 inperpetuum
688 2131 849 2191 constaret
871 2120 912 2189 de
928 2123 1007 2190 cotis
1020 2109 1052 2190 e‘t
1067 2121 1177 2212 gestis.
1195 2123 1260 2206 Qui
1276 2123 1426 2214 profecto

278 2251 394 2320 scopus
415 2252 480 2297 non
502 2229 713 2318 obtineretur,
738 2229 764 2296 si
789 2227 891 2297 semel
911 2229 1071 2298 enotnrio
1085 2229 1270 2298 conlectum
1292 2230 1425 2298 instru-

279 2345 427 2403 mentum
442 2337 571 2428 plenem
589 2337 688 2406 tidem
704 2359 769 2404 non
785 2337 902 2404 luceret
915 2337 1049 2428 ubique,
1068 2335 1124 2405 sed
1148 2337 1184 2404 in
1207 2337 1276 2405 loeo
1290 2345 1424 2406 tautum

278 2443 337 2511 ubi
356 2444 576 2536 conscriptum
596 2452 654 2512 est.
678 2445 750 2513 lmo
765 2466 862 2512 verus
878 2444 1023 2512 noterius
1044 2444 1108 2512 dici
1123 2467 1188 2512 non
1202 2453 1310 2535 posset
1324 2447 1425 2537 cujus

277 2549 493 2621 instrumento
510 2552 630 2644 ubique
644 2551 772 2643 publice
786 2550 867 2619 fides
884 2572 949 2619 non
961 2549 1146 2620 deberetur.

321 2661 421 2731 Nota.
448 2659 620 2743 Quomodo
643 2659 713 2727 vim
733 2659 775 2727 ed
800 2657 1007 2749 probandum
1024 2658 1176 2748 hebeent,
1193 2666 1266 2728 tum
1291 2659 1425 2729 instru-

275 2775 424 2836 mentum
439 2767 548 2858 ipsum
561 2790 580 2834 e
596 2767 722 2836 noterio
735 2767 931 2853 confectum,
948 2777 1020 2835 tum
1034 2766 1181 2858 ejusdem
1205 2767 1424 2837 instrumenti

276 2873 503 2964 protocollum,
522 2881 592 2941 tum
608 2873 760 2966 exemplu
774 2896 814 2942 ex
831 2873 983 2962 originali
998 2872 1184 2964 desumpta,
1201 2882 1272 2942 tum
1294 2874 1424 2943 instru-

277 2987 386 3048 mente
408 3002 523 3048 rasura
542 2979 652 3072 eliqua
676 2982 727 3048 vel
739 3002 848 3049 errore
863 2979 1045 3071 deturpato,
1064 2979 1138 3048 vide
1154 2980 1226 3050 luse
1243 2988 1421 3050 tractatum

274 3086 361 3179 apud
375 3087 533 3176 Pirrbing
552 3087 595 3177 (in
609 3087 742 3156 titulum
756 3091 812 3172 22,
826 3085 902 3154 libri
916 3091 934 3154 2
951 3085 1185 3175 Decretelium,
1199 3089 1351 3157 numeris
1367 3094 1420 3172 15,

278 3199 330 3282 16,
350 3198 402 3280 17,
423 3198 475 3282 18,
496 3198 550 3282 19,
566 3199 620 3283 20,
636 3198 691 3282 21,
709 3199 765 3280 22,
781 3198 821 3263 23
836 3193 947 3283 etto).

784 3502 805 3594 s
827 3497 915 3569 vm.

586 3691 623 3740 De
633 3689 760 3755 requisitis
773 3691 800 3741 in
810 3691 912 3742 noterio
922 3691 1094 3754 qusutsuous.

316 3940 346 4004 1.
365 3937 466 4005 Debet
478 3959 546 4006 esse
561 3935 708 4026 legitimo
730 3935 943 4005 matrimonio
959 3943 1065 4004 natus.
1086 3935 1266 4028 (Pirrhing,
1284 3936 1319 4006 in
1336 3938 1419 4006 titu—

269 4046 341 4114 lum
357 4049 413 4131 22,
427 4043 503 4113 libri
518 4048 537 4111 2
552 4043 782 4131 Decretalium,
799 4067 832 4112 n.
852 4046 896 4135 9.)

313 4157 344 4220 2.
362 4151 568 4245 Requiritur,
586 4175 652 4221 non
668 4151 802 4244 quidem
825 4160 861 4220 ut
886 4152 997 4220 laurea
1012 4151 1192 4242 insignitus
1218 4150 1334 4238 fuerit,
1360 4151 1417 4221 sed

266 4270 377 4330 temen
394 4267 430 4327 ut
443 4259 487 4328 sit
500 4259 623 4350 peritus
634 4257 733 4350 juris,
751 4260 804 4328 vel
819 4259 934 4329 saltem
951 4283 988 4329 ee
1000 4259 1079 4328 sciet
1093 4281 1168 4351 quse
1180 4257 1221 4328 ad
1232 4259 1417 4329 suumoffi·
