3046 4962
15 587 16 626 ι

15 629 17 690 l

15 693 16 746 l

562 478 636 524 raas
660 479 763 524 rmus.
1192 453 1226 520 ll

15 559 17 574 ἱ
93 619 177 666 mum
202 597 383 674 affirmaret
406 597 593 685 dumtaxat,
621 598 711 668 anlla
734 596 873 669 adducta
898 597 1104 690 probaticam
1126 595 1178 666 val
1203 596 1230 664 si

15 765 16 778 ,
94 727 161 774 reus
173 705 217 773 ad
232 727 303 774 sesa
319 703 558 774 defendendum
573 727 639 774 non
650 712 838 784 reseratum
855 712 887 774 et
896 704 999 797 judex
1015 703 1232 773 nihilominus

14 799 16 888 Ῐ
92 811 279 880 sententiam
308 812 485 904 proterret,
509 812 666 882 sententia
695 811 882 903 hujusmodi
907 811 1069 904 judicium
1100 809 1231 904 proprie

92 919 207 988 dictum
223 942 292 988 non
310 919 519 990 constitueret
538 947 545 988 :
563 920 641 1012 quia
658 919 777 990 scilicet
793 943 834 990 ex
848 942 912 990 usu
932 918 1087 1012 loquendi
1109 919 1231 989 unani-

93 1026 178 1094 miter
197 1033 342 1118 recepto,
362 1048 400 1094 ea
421 1047 489 1096 vox
505 1025 675 1118 judicium
694 1026 728 1095 in
750 1027 885 1096 materia
903 1025 1037 1114 lorensi,
1060 1047 1126 1096 non
1145 1025 1231 1094 desi-

91 1143 160 1222 gnat
187 1132 253 1202 nisi
279 1155 351 1202 eam
380 1135 590 1220 sententiam,
619 1157 717 1226 quam
744 1142 816 1226 post
842 1134 1049 1228 disceptatum
1076 1132 1231 1225 praedieto

90 1241 178 1310 modo
201 1263 336 1310 cauum
352 1242 542 1333 pronuntiet
560 1241 676 1334 judex.
699 1242 811 1310 Posset
830 1241 963 1334 quidem
976 1241 1121 1310 absolute
1137 1241 1230 1332 prin-

90 1371 156 1440 ceps
177 1349 246 1438 (vel
264 1349 348 1420 alins
366 1351 463 1418 ctiam
484 1351 693 1439 magistratus
711 1371 750 1418 ea
768 1349 1054 1441 praeter-judiciali
1075 1356 1229 1442 potestate
1307 1397 1310 1406 -

89 1455 291 1546 instructus),
331 1457 358 1524 ai
387 1457 555 1526 ventetem
585 1455 716 1526 aliunde
744 1465 831 1524 certo
858 1464 1055 1548 compertam
1086 1457 1229 1542 haberet,

90 1563 204 1630 omissa
217 1561 448 1654 disceptatione
464 1563 700 1656 pronuntiare:
716 1571 841 1632 atvero
857 1571 935 1631 tnnc
944 1562 1152 1654 judicialiter
1167 1585 1232 1632 nou

90 1669 285 1759 procederat.
314 1669 408 1740 Unde
435 1671 476 1738 ad
501 1671 640 1740 lorensis
662 1668 777 1763 judieii
801 1671 973 1740 essentiam
997 1669 1131 1739 omnino
1156 1691 1231 1761 per-

89 1778 186 1844 tinere
207 1776 370 1845 censenda
388 1785 436 1845 est
455 1799 562 1846 causae
584 1776 782 1868 disceptatio.
810 1778 961 1846 Diximus
981 1777 1103 1868 requiri
1124 1785 1160 1845 ut
1174 1777 1231 1845 fiat

89 1905 138 1951 reo
158 1905 230 1952 sesa
252 1883 448 1952 defendendi
469 1883 617 1970 facultas,
645 1907 710 1954 non
732 1893 840 1954 autem
860 1893 897 1953 ut
917 1885 957 1954 de
976 1882 1060 1952 facto
1083 1905 1152 1953 sese
1174 1883 1232 1952 de-

11 2040 12 2060 ι
90 1990 194 2060 landet
216 1991 271 2060 vel
294 2002 478 2083 compareat
506 2020 514 2061 :
539 1993 566 2061 si
589 1993 677 2062 enim
699 2015 775 2062 reus
797 1992 838 2062 ad
860 1992 1022 2084 judicium
1039 2001 1171 2063 vocatus
1190 1992 1231 2061 sit

89 2107 276 2185 contumax,
291 2098 325 2167 id
340 2109 401 2185 est,
414 2100 527 2169 venire
542 2109 679 2187 recuset,
692 2099 753 2168 hae
768 2100 839 2191 ipsa
851 2099 971 2190 agendi
983 2100 1107 2168 ratione
1121 2099 1231 2191 impli-

88 2205 143 2273 cite
163 2204 339 2296 respondet
359 2215 390 2275 et
412 2206 543 2295 fatetm,
564 2230 632 2276 sese
652 2208 742 2275 omni
765 2207 889 2275 ellicaci
906 2207 1104 2275 defensionis
1123 2205 1230 2275 medio

11 2367 12 2412 ,
88 2313 234 2395 destitui;
262 2337 337 2406 quae
370 2314 538 2406 responsio
568 2315 608 2384 ad
637 2315 825 2406 requisitam
852 2337 894 2383 ex
924 2323 1015 2406 parta
1048 2315 1095 2383 rei
1124 2337 1229 2384 causae

10 2583 13 2676 ι

10 2421 12 2484 l
88 2419 349 2512 disceptationem
372 2422 468 2514 plane
490 2422 624 2510 suffieit,
650 2431 687 2493 ut
707 2445 749 2491 ax
771 2424 845 2514 jure
867 2421 1007 2491 naturali
1028 2421 1148 2492 invicte
1171 2421 1230 2490 de-

87 2529 260 2596 monstrari
281 2537 384 2620 potest
410 2557 417 2597 :
441 2529 468 2597 si
487 2529 575 2598 caim
593 2529 801 2622 pronuntiari
821 2530 969 2621 nequiret
988 2530 1144 2598 sententia
1167 2529 1229 2597 nisi

10 2683 12 2718 r
86 2645 293 2728 comparente
312 2645 345 2704 ct
368 2659 435 2706 sese
456 2637 649 2707 defendente
668 2659 737 2724 reo,
759 2646 866 2729 posset
885 2637 1053 2730 judicialis
1072 2638 1230 2708 adminis-

86 2743 179 2812 tratio
197 2737 336 2833 justitiae
354 2767 375 2812 a
393 2745 537 2836 quolibet
556 2767 613 2814 reo
629 2744 819 2836 prepediri3
840 2743 1001 2836 siquidem
1022 2767 1091 2814 sese
1111 2753 1227 2814 contn-

10 2927 11 2934 ,
85 2873 207 2938 mecam
228 2851 468 2938 constituendo,
497 2862 528 2920 et
553 2851 635 2921 nihil
659 2853 824 2922 intentatae
846 2853 965 2922 aetium
989 2852 1226 2944 respondendo,

10 2939 15 2998 l
84 2957 209 3027 irritam
231 2958 350 3027 iaceret
367 2956 487 3048 judicis
507 2966 707 3050 potestatem.

127 3070 158 3132 8.
180 3066 306 3134 Praeter
320 3065 466 3157 quinque
485 3065 581 3136 modo
604 3075 807 3136 enumeratas
827 3065 1040 3152 conditiones,
1056 3065 1147 3135 nulla
1166 3066 1229 3136 alia

10 3223 13 3276 ,ι
84 3172 263 3264 requiritur
281 3172 322 3239 ad
343 3171 605 3242 constituendum
620 3173 749 3265 proprie
766 3173 889 3243 dictum
903 3172 938 3241 ia
954 3171 1088 3240 materia
1106 3172 1229 3242 lorensi

81 3278 255 3367 judicium.
274 3278 482 3348 Enumeratae
502 3279 622 3348 scilicet
640 3279 842 3349 conditiones
862 3287 958 3348 sunt:
977 3284 1008 3347 t·
1024 3287 1060 3349 ut
1080 3302 1229 3373 pronun-

86 3385 181 3454 tietur
197 3385 239 3454 de
252 3408 292 3454 ao
307 3385 393 3476 quod
410 3385 507 3454 alicui
525 3409 566 3454 ex
580 3386 655 3478 jure
674 3385 825 3472 debctur;
845 3391 878 3454 2·
894 3393 929 3454 ut
947 3385 1135 3477 hujusmodi
1154 3411 1228 3456 sen-

10 3543 11 3560 ,
86 3492 184 3560 nutis
195 3493 320 3562 feratur
334 3515 354 3560 a
367 3515 505 3584 persona
520 3493 562 3562 ad
576 3493 755 3562 faciendam
768 3492 928 3585 justitiam
943 3493 1088 3582 legitime
1106 3496 1227 3564 consti-

87 3605 168 3685 tuta;
184 3601 218 3666 3·
231 3608 269 3667 nt
280 3607 427 3668 versetur
438 3599 523 3670 eirca
534 3599 568 3668 id
579 3600 667 3692 quod
680 3601 758 3690 petit
770 3599 901 3692 aliquis,
913 3623 970 3669 seu
983 3609 1019 3670 ut
1032 3602 1229 3671 interveniat

85 3705 201 3798 aliquis
225 3713 328 3786 aetam
353 3711 386 3774 l⁰
406 3713 442 3774 ut
462 3715 610 3777 versetur
628 3707 713 3776 circa
731 3705 765 3774 id
783 3706 871 3798 quod
891 3707 1012 3798 petitur
1032 3717 1145 3776 eontra
1166 3709 1227 3777 ali-

86 3835 193 3901 quem,
212 3835 270 3880 sen
287 3821 325 3880 ut
341 3813 555 3882 constituatur
571 3813 689 3905 aliquis
707 3822 861 3905 tanquam
877 3834 968 3901 reus,
994 3819 1026 3880 5⁰
1046 3823 1081 3882 nt
1103 3813 1227 3885 leretur

87 3919 255 4008 mammea
273 3941 379 3989 cauare
400 3919 639 4013 disceptatione.
663 3920 735 3989 lam
758 3941 837 3988 vero
859 3919 888 3988 is
906 3928 954 3988 eat
973 3920 1127 4012 loquendi
1150 3944 1229 3991 usus

88 4023 118 4091 in
146 4025 280 4094 materia
307 4024 429 4094 forensi
459 4025 659 4095 unanimiter
683 4033 851 4117 receptus,
884 4035 920 4092 ut
948 4024 1060 4114 positis
1085 4025 1230 4118 quinque

88 4131 249 4202 recensitis
283 4131 545 4219 conditionibus,
577 4131 720 4200 salutes
752 4129 884 4223 proprie
913 4129 1037 4200 dictum
1066 4131 1227 4221 judicium

90 4237 128 4304 ab
141 4237 295 4310 omnibus
312 4239 529 4333 intelligatur,v
546 4261 604 4308 nec
620 4245 667 4306 est
687 4237 773 4309 nllus
793 4237 947 4329 scriptor,
970 4237 1060 4309 ullus
1072 4237 1156 4331 juris
1171 4264 1229 4333 pe-
