2980 4988
277 449 338 516 sot
646 472 822 519 macrinus
845 473 882 518 na
904 471 1035 518 cupreus.

274 617 335 686 que
347 593 505 676 rotarios,
522 594 654 663 etiamsi
668 594 861 686 apostolico,
880 593 1056 686 imperiali,
1074 606 1134 664 out
1157 595 1251 686 repta
1268 595 1408 662 auctori-

275 715 342 771 tote
355 703 458 771 crecti
467 704 603 794 fiterint,
622 703 723 771 etiom
739 715 898 794 tanquam
911 701 1077 793 delequtus
1098 702 1191 770 Sedis
1206 703 1406 794 Apostolus,

273 809 518 879 examinatione
538 809 700 890 odltibito,
722 832 835 878 eorum
857 809 1087 900 sufficientiam
1109 811 1264 891 amatori,
1289 809 1409 900 illisque

273 941 341 986 noa
357 917 479 987 idoneis
492 917 638 1008 repertis,
656 929 717 986 out
731 916 1030 1009 quomodocumque
1042 917 1078 985 in
1097 917 1205 1008 officio
1224 916 1410 1008 delinquen·

275 1025 371 1106 tibus,
389 1024 490 1116 officii
512 1024 595 1115 ejus,
611 1025 647 1092 ia
661 1024 808 1114 repotiis,
827 1024 938 1095 litibus
958 1035 988 1094 et
1010 1025 1114 1092 causis
1135 1023 1361 1093 ecclesiasticis
1379 1047 1411 1090 rc

274 1132 512 1224 spiritualitas,
529 1130 697 1201 camerali
711 1154 820 1213 amm,
831 1145 991 1224 perpetuo
1006 1144 1068 1200 out
1082 1130 1128 1202 od
1140 1143 1283 1223 tempus,
1301 1131 1413 1222 proli-

275 1239 365 1319 bere,·
387 1261 490 1330 aeque
517 1260 629 1306 cortem
658 1237 836 1330 appellatio
860 1235 1117 1306 interdictionem
1143 1235 1324 1305 ordinarii
1349 1259 1413 1302 sers-

269 1345 408 1436 peudot.
428 1345 526 1437 (Sess.
545 1349 599 1427 22,
616 1367 686 1438 cap.
708 1345 773 1435 10.)
790 1345 840 1414 lbi
853 1344 937 1412 clare
952 1343 1147 1436 supponitur
1159 1366 1255 1435 posse
1272 1344 1413 1412 notarios

274 1452 449 1522 asseculari
461 1459 615 1544 potestate
626 1459 761 1537 creatos,
773 1450 917 1520 officium
929 1473 1026 1520 suum
1038 1449 1072 1518 in
1083 1451 1191 1518 causis
1202 1450 1305 1518 etiam
1318 1451 1413 1518 eccle-

275 1560 408 1629 siasticis
417 1569 449 1628 et
460 1560 684 1652 spiritualibus
698 1581 864 1646 exercere3
876 1557 1036 1650 siquidem
1048 1557 1084 1625 fit
1095 1566 1237 1649 potestas
1248 1558 1415 1650 Episcopis

275 1666 356 1735 illud
372 1665 458 1734 idem
476 1667 509 1733 in
531 1666 636 1734 causis
650 1665 871 1734 ecelesiasticis
885 1672 917 1733 et
931 1664 1154 1755 spiritualibus
1167 1686 1287 1734 eorum
1306 1665 1415 1732 minis-

275 1774 393 1843 terium
410 1773 618 1865 prohibendi,
628 1773 655 1840 si
669 1771 810 1864 imperiti
823 1770 874 1842 vel
888 1772 1076 1863 culpabiles,
1092 1771 1127 1840 in
1140 1772 1297 1840 examine
1314 1772 1416 1864 quoad

275 1881 337 1950 hoc
350 1880 560 1966 instituendo,
578 1880 792 1972 reperiantur.
810 1877 905 1948 Unde
920 1879 977 1948 vix
991 1880 1083 1972 capio
1095 1879 1263 1971 quomodo
1285 1879 1417 1971 quidam

277 1987 451 2056 canonista
478 1987 676 2056 contrarium
699 1995 771 2079 post
789 1985 1012 2054 Tridentinam
1036 1984 1199 2078 synodum
1221 1993 1416 2070 tenueruut;

275 2095 370 2166 verbi
382 2095 680 2185 gratia,Piaseeius,
694 2095 751 2186 qui
763 2093 808 2161 sie
823 2093 935 2162 babet:
953 2093 1091 2178 «Quoad
1100 2094 1302 2162 exercitium
1314 2103 1418 2164 autem

280 2232 297 2270 c
322 2202 499 2270 notariatus
517 2200 612 2269 officii
627 2202 662 2270 in
677 2200 747 2270 foro
767 2201 942 2292 spirituali,
960 2199 1137 2293 requiritur
1155 2211 1192 2269 ut
1214 2203 1371 2270 notarius
1384 2203 1418 2269 sit

281 2339 298 2376 a
320 2319 457 2397 creatus,
467 2308 712 2402 nonaprincipe
722 2308 946 2396 saecularisati
956 2309 1177 2380 eeclesiastico.
1187 2311 1304 2380 Potest
1316 2319 1421 2380 tamen

281 2445 298 2484 n
321 2419 390 2511 ipse
401 2441 469 2486 esse
481 2417 594 2504 laicus,
607 2423 642 2483 ut
653 2417 869 2486 communiter
880 2425 987 2485 tenent
999 2417 1145 2486 doctores
1160 2469 1213 2505 ...,
1227 2417 1309 2488 licet
1322 2420 1422 2509 magis

282 2554 298 2592 c
320 2525 490 2596 conveniat
506 2532 543 2592 nt
556 2525 597 2592 sit
611 2523 747 2592 clericus
766 2551 773 2591 :
792 2525 940 2614 arguitur
955 2532 1045 2594 textu
1059 2525 1173 2617 capitis
1191 2528 1234 2594 llt
1245 2527 1371 2618 juxto,
1388 2526 1422 2594 de

282 2634 439 2726 «Officio
464 2631 589 2724 judicis
618 2631 799 2701 ordinarii.
827 2657 843 2696 s
874 2633 1004 2724 (Prosit
1032 2633 1235 2726 episcopalis,
1265 2641 1419 2727 parret,
1476 2665 1477 2688 1

279 2764 312 2808 n.
334 2739 452 2830 11.)1n
472 2738 567 2806 citato
587 2738 688 2830 capite
715 2741 755 2806 Ut
775 2739 895 2830 jacto,
913 2740 1020 2830 agitur
1035 2739 1204 2808 dumtaxat
1221 2739 1262 2808 de
1287 2766 1359 2811 uon
1375 2744 1423 2809 in·

278 2844 485 2916 traducendis
507 2844 596 2912 laicis
619 2845 653 2910 in
677 2845 816 2913 claustra
838 2847 1045 2934 monialium3
1065 2855 1097 2914 et
1119 2850 1326 2940 ceteroquin
1352 2851 1423 2919 hnic

278 2953 428 3024 decretali
442 2952 616 3044 praevalere
630 2952 724 3020 debet
737 2953 868 3022 citatum
883 2952 1047 3022 decretum
1063 2953 1311 3024 Tridentinum.

323 3061 407 3128 Hinc
423 3058 526 3127 multo
550 3059 754 3127 communior
775 3069 823 3128 est
840 3061 1081 3130 canonistarum
1103 3062 1279 3150 sententia,
1298 3064 1423 3132 licitum

278 3188 436 3250 asserens,
461 3189 502 3233 ex
529 3165 622 3234 titulo
649 3166 760 3234 saltem
792 3176 928 3260 recepta
954 3168 1207 3253 consuetudinis,
1239 3172 1425 3240 notariatus

278 3272 471 3343 exercitium
494 3273 529 3340 in
550 3273 621 3341 foro
637 3273 809 3365 spirituali,
830 3275 869 3342 iis
887 3275 943 3367 qui
960 3299 979 3343 a
997 3275 1065 3344 sola
1084 3282 1242 3366 potestate
1257 3276 1347 3347 laica
1370 3301 1426 3345 no-

278 3383 350 3451 tarii
371 3380 469 3450 creati
490 3387 584 3468 sunt;
612 3379 652 3450 de
675 3404 741 3473 quo
766 3382 811 3451 sic
832 3381 990 3472 Pirrhing
1009 3409 1017 3450 :
1038 3407 1055 3448 a
1081 3383 1147 3469 An,
1165 3383 1251 3452 sicut
1274 3387 1426 3454 notarius

282 3514 299 3554 n
322 3495 448 3557 creatus
471 3486 511 3554 ab
534 3488 757 3577 eeclesiastico,
775 3489 866 3559 verbi
889 3489 1037 3580 gratiae
1052 3489 1151 3581 Papa,
1169 3499 1279 3582 potest
1301 3495 1426 3564 instru-

282 3622 299 3662 «
323 3601 431 3662 menta
446 3591 603 3662 conficere
623 3595 658 3662 in
673 3596 779 3663 causis
801 3596 1032 3686 temporalibus
1041 3621 1050 3684 3
1067 3596 1111 3664 ita
1126 3597 1197 3666 vice
1213 3621 1319 3670 versa
1338 3626 1427 3670 crea-

283 3730 300 3769 «
323 3710 375 3771 tus
399 3725 419 3770 a
444 3701 538 3788 laico,
564 3703 655 3770 verbi
682 3704 800 3794 gratia,
824 3705 1021 3796 Imperatore
1048 3703 1099 3772 vel
1123 3705 1226 3796 Rege,
1255 3709 1369 3798 possit
1397 3713 1427 3777 in

281 3835 298 3873 c
322 3809 429 3878 causis
441 3807 1081 3904 spiritualibus?Respondeotquidqnid
1093 3812 1136 3880 sit
1147 3811 1187 3880 de
1197 3815 1429 3908 rigorejuris,

283 3943 299 3980 a
323 3916 435 3984 saltem
458 3923 563 4006 potest
584 3916 625 3983 ob
649 3927 808 4007 receptam
834 3918 1116 4004 consuetudinem
1134 3918 1176 3986 de
1195 3943 1265 4012 qua
1293 3931 1430 3993 testatur

281 4049 297 4088 a
322 4022 432 4090 Abbas
496 4029 527 4090 et
539 4019 709 4092 Gabriel...
726 4024 821 4093 Ratio
835 4033 883 4093 est
897 4025 974 4117 quia
989 4027 1135 4094 notarius
1149 4039 1285 4097 exercet
1300 4032 1427 4101 nudum

280 4127 552 4214 «miniterium,
577 4129 664 4220 quod
694 4131 783 4200 laicis
810 4155 875 4201 non
900 4133 1102 4224 prohibetur,
1128 4134 1227 4202 etiam
1253 4136 1295 4206 in
1323 4143 1427 4209 causis

281 4265 297 4304 a
320 4235 587 4329 spiritualibus.»
610 4239 657 4330 (In
675 4238 803 4308 titulum
820 4243 874 4330 22,
886 4241 961 4310 libri
975 4245 995 4308 2
1010 4240 1243 4334 Decretalium,
1255 4269 1292 4314 n.
1313 4249 1384 4338 te.)
