3030 4980
287 454 350 520 tia
661 473 836 521 macrinus
859 475 898 519 nr
919 473 1056 520 rnnicns.

289 623 307 662 ι
330 595 471 666 celibi.»
489 595 638 666 Declarat
656 607 766 688 postea
785 597 886 666 Sacra
908 595 1125 686 congregotio
1147 593 1254 664 sanari
1278 593 1419 663 authori-

285 715 348 774 tate
364 703 527 796 pontificia
542 725 711 796 processus
725 704 954 773 ecclesiasticos
967 703 1105 795 pretato
1119 701 1215 772 modo
1235 703 1422 792 irregulari·
1499 793 1500 796 Ἴ

286 820 335 880 ter
350 813 462 897 factos,
477 820 509 880 et
524 811 648 880 absolvi
662 836 682 880 a
696 811 845 881 censuris
863 833 946 903 qims
965 810 1177 880 incurrissent
1197 809 1297 878 dictos
1315 810 1422 898 laicos,

285 919 404 1010 quiin
433 919 539 988 aesia
568 918 795 988 criminalibus
823 919 1014 989 sicanorum
1042 917 1166 1010 aliquid
1192 899 1424 1010 jaaaicaei'a
1499 967 1500 1012 3

284 1034 491 1097 attentarunt.

739 1299 883 1372 CAPUT
905 1303 979 1374 Xil.

1499 1257 1500 1310 i

1499 1311 1500 1348 i

494 1527 532 1573 DE
560 1525 775 1574 visceralium
808 1526 964 1573 ennuntiat
991 1526 1213 1572 messenium.

323 1765 468 1848 ansno
494 1770 539 1834 1⁸.
554 1802 598 1818 -
615 1761 708 1848 Quid
723 1763 801 1832 unt.
818 1801 863 1816 -
880 1789 898 1830 ι
918 1763 961 1832 Hi
981 1763 1039 1855 (sit
1058 1762 1364 1854 Setimeingrneber)
1385 1764 1424 1830 ab

284 1895 301 1936 a
324 1871 493 1940 assidendo
505 1873 551 1940 sic
573 1872 652 1940 dicti
674 1879 762 1955 sunt,
783 1871 871 1962 quod
894 1893 969 1940 euni
992 1871 1028 1938 in
1049 1870 1148 1940 tinem
1164 1879 1375 1940 assumantur
1391 1879 1425 1938 ut

284 2004 302 2042 a
322 1977 426 2069 judici
440 1979 615 2064 assideant,
630 1999 772 2069 eumque
785 1999 846 2046 suo
858 1977 991 2046 consilio
1006 1976 1228 2068 injudicando
1242 1977 1400 2069 adjurent
1415 2004 1423 2044 z

281 2111 299 2150 a
323 2087 410 2152 unde
425 2087 524 2154 etiam
538 2085 721 2154 consiliarii
734 2094 923 2154 vocantur»
945 2084 992 2175 (in
1006 2083 1056 2152 tit.
1076 2089 1108 2169 l,
1119 2083 1159 2152 de
1172 2082 1323 2165 deame,
1337 2083 1424 2151 lini

279 2191 508 2278 Demutatium,
525 2213 561 2260 n.
582 2195 648 2282 tt).
670 2195 855 2260 insessor
868 2192 896 2258 is
909 2199 969 2276 est,
986 2213 1085 2282 quem
1099 2191 1167 2276 ifle,
1185 2191 1245 2282 qui
1257 2189 1426 2282 judicandi

283 2325 301 2364 u
324 2307 514 2389 potestatem
535 2298 643 2385 habet,
666 2298 729 2364 sibi
751 2299 898 2386 associat,
920 2307 957 2366 ut
974 2301 1005 2366 ei
1028 2297 1167 2366 assideat
1185 2305 1216 2364 et
1235 2297 1378 2382 assistat,
1398 2305 1426 2364 et

283 2431 301 2471 a
321 2406 462 2472 adnecte
484 2425 616 2472 cansam
638 2405 807 2472 dicendam
829 2427 906 2474 eum
926 2407 1066 2474 instrunt
1091 2405 1234 2495 (exlege
1257 2403 1424 2488 tradicio,

282 2539 300 2578 a
322 2513 362 2580 de
390 2512 628 2600 assessoribus).
655 2513 706 2580 Ex
729 2535 794 2603 qua
817 2513 1032 2602 descriptione
1054 2512 1181 2580 desumi
1207 2519 1314 2603 potest
1339 2511 1426 2603 quod

283 2621 505 2688 «Assessods
530 2619 675 2688 officium
701 2628 851 2688 versatur
874 2619 959 2688 eirca
977 2620 1081 2710 plura.
1105 2621 1148 2688 Et
1166 2620 1294 2710 priore,
1319 2629 1358 2687 nt
1377 2622 1426 2686 in-

283 2753 300 2794 «
324 2727 439 2816 vigilet
467 2728 509 2794 ad
531 2727 699 2794 veritatem
725 2727 956 2815 indagandam,
980 2736 1011 2796 et
1042 2727 1099 2819 qui
1118 2727 1204 2816 juris
1226 2727 1268 2794 sit
1284 2727 1424 2818 judicem

284 2861 302 2900 a
324 2837 464 2902 instruat
482 2835 577 2924 (dicta
590 2835 660 2924 lege
677 2838 690 2901 l
710 2835 842 2921 medicis,
857 2835 897 2903 dc
918 2835 1158 2924 mammeas).
1180 2835 1266 2904 Hinc
1280 2835 1319 2901 tit
1342 2833 1425 2926 quod

285 2969 303 3009 a
325 2955 497 3034 postquam
510 2941 614 3031 J'udex
629 2941 724 3010 illum
745 2942 889 3030 elegerit,
910 2951 941 3009 et
965 2943 1033 3034 ipse
1050 2943 1278 3032 acceptaverit,
1303 2952 1426 3011 tenetur

285 3076 302 3116 a
326 3054 366 3118 de
381 3049 541 3139 injustitia
551 3047 672 3141 judicis
687 3051 751 3116 nisi
766 3049 1028 3139 protestationem
1043 3052 1077 3117 in
1089 3051 1169 3118 actis
1191 3051 1319 3137 iecerit,
1340 3049 1425 3141 quod

285 3185 302 3224 a
327 3159 395 3248 ipse
407 3178 473 3225 non
484 3157 654 3242 consentit,
667 3179 744 3226 cum
753 3156 842 3224 videt
851 3157 995 3247 judicem
1006 3157 1128 3248 injuste
1137 3179 1246 3248 agere.
1260 3158 1424 3238 Secundo,

287 3291 304 3330 a
329 3277 365 3334 ut
380 3265 529 3333 admittat
542 3263 595 3332 vel
609 3265 734 3353 rejiciat
745 3263 871 3332 libellos
886 3273 983 3354 prout
994 3265 1078 3355 juris
1097 3265 1209 3352 fuerit,
1228 3265 1427 3356 inspiciendo

287 3400 305 3439 a
328 3395 369 3440 an
389 3373 470 3440 bene
490 3371 626 3440 conteuti
645 3373 779 3458 fuerint,
803 3371 855 3440 vel
876 3372 917 3439 de
943 3393 978 3440 re
1000 3372 1124 3440 illicita.
1149 3373 1268 3454 Tertio,
1294 3383 1332 3441 ut
1352 3395 1427 3464 per-

287 3507 305 3546 «
329 3480 446 3570 pendat
462 3479 649 3570 petitionem
665 3480 778 3568 partis,
794 3501 837 3547 an
859 3479 906 3546 illi
929 3490 1089 3572 competat
1110 3482 1205 3568 aetio,
1231 3490 1264 3549 et
1279 3503 1327 3550 an
1347 3482 1427 3573 juris

291 3588 479 3657 «ordinem
507 3587 542 3654 in
569 3587 722 3678 petitione
746 3591 934 3656 servaverit.
964 3591 1101 3672 Quarto,
1132 3600 1169 3658 ut
1196 3591 1378 3658 consideret
1399 3597 1427 3655 et

290 3723 308 3763 a
331 3699 411 3764 bene
439 3695 589 3786 disponat
616 3695 743 3763 decretu
768 3696 1005 3787 interponenda
1032 3698 1067 3764 in
1095 3697 1217 3784 musis,
1247 3721 1359 3766 eorem
1393 3719 1428 3764 eo
1494 3703 1495 3706 ’

290 3829 308 3868 a
326 3803 436 3893 judice
450 3804 502 3870 eui
516 3801 647 3888 assistit,
666 3803 877 3872 vertentibus.
899 3805 1034 3886 Quinto,
1052 3813 1089 3872 ut
1108 3806 1217 3874 videat
1236 3816 1268 3872 et
1290 3807 1429 3895 diiigen-

290 3936 307 3975 e
332 3923 379 3976 ter
392 3909 573 3978 consideret
586 3909 689 3976 edicta
703 3909 823 3996 atalia,
840 3933 914 4002 qum
933 3935 953 3979 a
972 3911 1080 4001 jndice
1101 3913 1366 4002 promulgantur,
1391 3935 1428 3980 en

290 4041 308 4082 ι
328 4015 469 4106 juridica
482 4017 620 4096 tuerint;
638 4025 670 4083 et
684 4016 713 4082 si
726 4026 839 4086 contra
856 4021 910 4087 vel
936 4029 1056 4110 praeter
1067 4020 1123 4110 jus
1140 4043 1210 4090 esse
1229 4023 1427 4112 cognoverit,

290 4149 307 4191 u
330 4125 499 4214 prohibeat
521 4145 560 4192 ne
582 4124 831 4224 publicentur.»
859 4128 1057 4218 (Pellegrini
1078 4131 1190 4220 praxis
1209 4130 1426 4216 Vicarioruni,

286 4240 376 4326 parte
389 4235 422 4316 d,
439 4239 514 4299 sect.
535 4235 588 4317 16,
603 4254 637 4299 ιι.
652 4234 720 4322 20.)
