<?xml version="1.0" encoding="UTF-8"?>
<!DOCTYPE html PUBLIC "-//W3C//DTD XHTML 1.0 Transitional//EN"
    "http://www.w3.org/TR/xhtml1/DTD/xhtml1-transitional.dtd">
<html xmlns="http://www.w3.org/1999/xhtml" xml:lang="en" lang="en">
 <head>
  <title>
</title>
<meta http-equiv="Content-Type" content="text/html;charset=utf-8" />
  <meta name='ocr-system' content='tesseract 3.04.00' />
  <meta name='ocr-capabilities' content='ocr_page ocr_carea ocr_par ocr_line ocrx_word'/>
</head>
<body>
  <div class='ocr_page' id='page_1' title='image "./tractatusdejudi01goog_0355.png"; bbox 0 0 3030 4980; ppageno 0'>
   <div class='ocr_carea' id='block_1_1' title="bbox 280 457 1033 524">
    <p class='ocr_par' dir='ltr' id='par_1_1' title="bbox 280 457 1033 524">
     <span class='ocr_line' id='line_1_1' title="bbox 280 457 1033 524; baseline 0 -2"><span class='ocrx_word' id='word_1_1' title='bbox 280 457 341 524; x_wconf 79' lang='lat' dir='ltr'>us</span> <span class='ocrx_word' id='word_1_2' title='bbox 634 475 810 524; x_wconf 74' lang='lat' dir='ltr'>autmarus</span> <span class='ocrx_word' id='word_1_3' title='bbox 837 477 876 524; x_wconf 86' lang='lat' dir='ltr'>oa</span> <span class='ocrx_word' id='word_1_4' title='bbox 898 475 1033 524; x_wconf 78' lang='lat' dir='ltr'>runicus.</span> 
     </span>
    </p>
   </div>
   <div class='ocr_carea' id='block_1_2' title="bbox 267 579 1507 4338">
    <p class='ocr_par' dir='ltr' id='par_1_2' title="bbox 269 579 1417 1422">
     <span class='ocr_line' id='line_1_2' title="bbox 278 579 1415 692; baseline 0.002 -24"><span class='ocrx_word' id='word_1_5' title='bbox 278 579 425 669; x_wconf 88' lang='lat' dir='ltr'>debuisse</span> <span class='ocrx_word' id='word_1_6' title='bbox 440 599 650 691; x_wconf 82' lang='lat' dir='ltr'>Episcopum,</span> <span class='ocrx_word' id='word_1_7' title='bbox 668 599 752 668; x_wconf 87' lang='lat' dir='ltr'>sicut</span> <span class='ocrx_word' id='word_1_8' title='bbox 765 601 801 668; x_wconf 93' lang='lat' dir='ltr'>iu</span> <span class='ocrx_word' id='word_1_9' title='bbox 821 598 1031 692; x_wconf 77' lang='lat' dir='ltr'>expediendis</span> <span class='ocrx_word' id='word_1_10' title='bbox 1046 597 1119 668; x_wconf 93' lang='lat' dir='ltr'>aliis</span> <span class='ocrx_word' id='word_1_11' title='bbox 1132 599 1243 669; x_wconf 82' lang='lat' dir='ltr'>arduis</span> <span class='ocrx_word' id='word_1_12' title='bbox 1261 602 1415 691; x_wconf 84' lang='lat' dir='ltr'>negotiis,</span> 
     </span>
     <span class='ocr_line' id='line_1_3' title="bbox 275 705 1417 798; baseline 0.002 -24"><span class='ocrx_word' id='word_1_13' title='bbox 275 706 322 775; x_wconf 90' lang='lat' dir='ltr'>ita</span> <span class='ocrx_word' id='word_1_14' title='bbox 345 715 376 774; x_wconf 89' lang='lat' dir='ltr'>et</span> <span class='ocrx_word' id='word_1_15' title='bbox 404 707 439 774; x_wconf 92' lang='lat' dir='ltr'>iu</span> <span class='ocrx_word' id='word_1_16' title='bbox 460 705 718 776; x_wconf 87' lang='lat' dir='ltr'>administranda</span> <span class='ocrx_word' id='word_1_17' title='bbox 738 706 879 797; x_wconf 83' lang='lat' dir='ltr'>justitia,</span> <span class='ocrx_word' id='word_1_18' title='bbox 909 731 967 776; x_wconf 86' lang='lat' dir='ltr'>seu</span> <span class='ocrx_word' id='word_1_19' title='bbox 991 707 1171 777; x_wconf 82' lang='lat' dir='ltr'>exercenda</span> <span class='ocrx_word' id='word_1_20' title='bbox 1189 706 1417 798; x_wconf 84' lang='lat' dir='ltr'>jurisdictione</span> 
     </span>
     <span class='ocr_line' id='line_1_4' title="bbox 274 814 1415 907; baseline 0.002 -23"><span class='ocrx_word' id='word_1_21' title='bbox 274 815 483 898; x_wconf 87' lang='lat' dir='ltr'>contentiosa,</span> <span class='ocrx_word' id='word_1_22' title='bbox 516 814 613 884; x_wconf 90' lang='lat' dir='ltr'>hocce</span> <span class='ocrx_word' id='word_1_23' title='bbox 636 814 772 884; x_wconf 88' lang='lat' dir='ltr'>consilio</span> <span class='ocrx_word' id='word_1_24' title='bbox 794 816 867 895; x_wconf 88' lang='lat' dir='ltr'>uti;</span> <span class='ocrx_word' id='word_1_25' title='bbox 890 820 922 884; x_wconf 79' lang='lat'>2⁰</span> <span class='ocrx_word' id='word_1_26' title='bbox 943 816 1011 906; x_wconf 89' lang='lat' dir='ltr'>jam</span> <span class='ocrx_word' id='word_1_27' title='bbox 1037 815 1134 907; x_wconf 78' lang='lat' dir='ltr'>louge</span> <span class='ocrx_word' id='word_1_28' title='bbox 1156 823 1230 885; x_wconf 86' lang='lat' dir='ltr'>aute</span> <span class='ocrx_word' id='word_1_29' title='bbox 1255 817 1415 886; x_wconf 83' lang='lat' dir='ltr'>saeculum</span> 
     </span>
     <span class='ocr_line' id='line_1_5' title="bbox 276 921 1416 1015; baseline 0.003 -25"><span class='ocrx_word' id='word_1_30' title='bbox 276 921 552 1009; x_wconf 85' lang='lat' dir='ltr'>sextum,Vicarii</span> <span class='ocrx_word' id='word_1_31' title='bbox 566 921 727 1012; x_wconf 80' lang='lat' dir='ltr'>generalis</span> <span class='ocrx_word' id='word_1_32' title='bbox 750 923 902 1014; x_wconf 87' lang='lat' dir='ltr'>Episcopi</span> <span class='ocrx_word' id='word_1_33' title='bbox 923 944 1044 992; x_wconf 88' lang='lat' dir='ltr'>munus</span> <span class='ocrx_word' id='word_1_34' title='bbox 1066 923 1100 990; x_wconf 91' lang='lat' dir='ltr'>iu</span> <span class='ocrx_word' id='word_1_35' title='bbox 1122 923 1264 1015; x_wconf 91' lang='lat' dir='ltr'>qualibet</span> <span class='ocrx_word' id='word_1_36' title='bbox 1284 923 1416 993; x_wconf 72' lang='lat' dir='ltr'>diecesi</span> 
     </span>
     <span class='ocr_line' id='line_1_6' title="bbox 275 1028 1417 1122; baseline 0.002 -24"><span class='ocrx_word' id='word_1_37' title='bbox 275 1028 551 1098; x_wconf 81' lang='lat' dir='ltr'>Archidiacouum</span> <span class='ocrx_word' id='word_1_38' title='bbox 578 1029 716 1117; x_wconf 82' lang='lat' dir='ltr'>obiisse3</span> <span class='ocrx_word' id='word_1_39' title='bbox 742 1030 840 1122; x_wconf 90' lang='lat' dir='ltr'>idque</span> <span class='ocrx_word' id='word_1_40' title='bbox 859 1053 925 1098; x_wconf 92' lang='lat' dir='ltr'>uon</span> <span class='ocrx_word' id='word_1_41' title='bbox 945 1051 986 1098; x_wconf 86' lang='lat' dir='ltr'>ex</span> <span class='ocrx_word' id='word_1_42' title='bbox 1008 1051 1098 1098; x_wconf 84' lang='lat' dir='ltr'>mora</span> <span class='ocrx_word' id='word_1_43' title='bbox 1118 1029 1329 1120; x_wconf 77' lang='lat' dir='ltr'>delegatione,</span> <span class='ocrx_word' id='word_1_44' title='bbox 1356 1031 1417 1100; x_wconf 89' lang='lat' dir='ltr'>sed</span> 
     </span>
     <span class='ocr_line' id='line_1_7' title="bbox 271 1135 1412 1230; baseline 0 -24"><span class='ocrx_word' id='word_1_45' title='bbox 271 1139 306 1206; x_wconf 86' lang='lat' dir='ltr'>vi</span> <span class='ocrx_word' id='word_1_46' title='bbox 322 1137 420 1206; x_wconf 84' lang='lat' dir='ltr'>officii</span> <span class='ocrx_word' id='word_1_47' title='bbox 437 1136 501 1223; x_wconf 90' lang='lat' dir='ltr'>sui,</span> <span class='ocrx_word' id='word_1_48' title='bbox 518 1142 549 1205; x_wconf 85' lang='lat' dir='ltr'>et</span> <span class='ocrx_word' id='word_1_49' title='bbox 562 1137 606 1204; x_wconf 92' lang='lat' dir='ltr'>ita</span> <span class='ocrx_word' id='word_1_50' title='bbox 619 1145 657 1206; x_wconf 91' lang='lat' dir='ltr'>ut</span> <span class='ocrx_word' id='word_1_51' title='bbox 670 1137 738 1229; x_wconf 88' lang='lat' dir='ltr'>jarn</span> <span class='ocrx_word' id='word_1_52' title='bbox 754 1145 825 1205; x_wconf 92' lang='lat' dir='ltr'>tum</span> <span class='ocrx_word' id='word_1_53' title='bbox 841 1137 985 1207; x_wconf 80' lang='lat' dir='ltr'>officium</span> <span class='ocrx_word' id='word_1_54' title='bbox 1000 1135 1081 1205; x_wconf 92' lang='lat' dir='ltr'>illud</span> <span class='ocrx_word' id='word_1_55' title='bbox 1092 1137 1192 1206; x_wconf 82' lang='lat' dir='ltr'>fuerit</span> <span class='ocrx_word' id='word_1_56' title='bbox 1206 1145 1412 1230; x_wconf 91' lang='lat' dir='ltr'>perpetuum,</span> 
     </span>
     <span class='ocr_line' id='line_1_8' title="bbox 269 1243 1417 1338; baseline 0 -24"><span class='ocrx_word' id='word_1_57' title='bbox 269 1267 369 1337; x_wconf 90' lang='lat' dir='ltr'>aquo</span> <span class='ocrx_word' id='word_1_58' title='bbox 389 1243 509 1312; x_wconf 88' lang='lat' dir='ltr'>scilicet</span> <span class='ocrx_word' id='word_1_59' title='bbox 535 1243 792 1314; x_wconf 85' lang='lat' dir='ltr'>Archidiaconus</span> <span class='ocrx_word' id='word_1_60' title='bbox 814 1245 935 1337; x_wconf 92' lang='lat' dir='ltr'>absque</span> <span class='ocrx_word' id='word_1_61' title='bbox 955 1245 1044 1336; x_wconf 86' lang='lat' dir='ltr'>justa</span> <span class='ocrx_word' id='word_1_62' title='bbox 1064 1265 1161 1313; x_wconf 89' lang='lat' dir='ltr'>causa</span> <span class='ocrx_word' id='word_1_63' title='bbox 1179 1244 1276 1336; x_wconf 80' lang='lat' dir='ltr'>dejici</span> <span class='ocrx_word' id='word_1_64' title='bbox 1297 1247 1417 1338; x_wconf 88' lang='lat' dir='ltr'>nequi-</span> 
     </span>
     <span class='ocr_line' id='line_1_9' title="bbox 269 1352 335 1422; baseline 0.03 -2"><span class='ocrx_word' id='word_1_65' title='bbox 269 1352 335 1422; x_wconf 91' lang='lat' dir='ltr'>bat.</span> 
     </span>
    </p>

    <p class='ocr_par' dir='ltr' id='par_1_3' title="bbox 267 1458 1507 4014">
     <span class='ocr_line' id='line_1_10' title="bbox 316 1458 1416 1552; baseline 0.003 -25"><span class='ocrx_word' id='word_1_66' title='bbox 316 1464 349 1527; x_wconf 89' lang='lat'>1·</span> <span class='ocrx_word' id='word_1_67' title='bbox 363 1459 457 1543; x_wconf 85' lang='lat' dir='ltr'>Quod</span> <span class='ocrx_word' id='word_1_68' title='bbox 478 1459 708 1528; x_wconf 86' lang='lat' dir='ltr'>consueverint</span> <span class='ocrx_word' id='word_1_69' title='bbox 729 1467 760 1530; x_wconf 92' lang='lat' dir='ltr'>et</span> <span class='ocrx_word' id='word_1_70' title='bbox 779 1458 954 1529; x_wconf 76' lang='lat' dir='ltr'>debuerint</span> <span class='ocrx_word' id='word_1_71' title='bbox 978 1459 1145 1552; x_wconf 84' lang='lat' dir='ltr'>Episcopi,</span> <span class='ocrx_word' id='word_1_72' title='bbox 1164 1460 1199 1528; x_wconf 91' lang='lat' dir='ltr'>in</span> <span class='ocrx_word' id='word_1_73' title='bbox 1216 1481 1416 1551; x_wconf 80' lang='lat' dir='ltr'>cognosceu-</span> 
     </span>
     <span class='ocr_line' id='line_1_11' title="bbox 269 1565 1418 1659; baseline 0.002 -25"><span class='ocrx_word' id='word_1_74' title='bbox 269 1567 320 1635; x_wconf 92' lang='lat' dir='ltr'>dis</span> <span class='ocrx_word' id='word_1_75' title='bbox 334 1574 365 1635; x_wconf 88' lang='lat' dir='ltr'>et</span> <span class='ocrx_word' id='word_1_76' title='bbox 377 1565 562 1659; x_wconf 88' lang='lat' dir='ltr'>judicandis</span> <span class='ocrx_word' id='word_1_77' title='bbox 575 1566 692 1654; x_wconf 91' lang='lat' dir='ltr'>causis,</span> <span class='ocrx_word' id='word_1_78' title='bbox 713 1567 793 1636; x_wconf 85' lang='lat' dir='ltr'>cleri</span> <span class='ocrx_word' id='word_1_79' title='bbox 808 1567 860 1636; x_wconf 90' lang='lat' dir='ltr'>sui</span> <span class='ocrx_word' id='word_1_80' title='bbox 878 1566 1073 1636; x_wconf 90' lang='lat' dir='ltr'>cathedralis</span> <span class='ocrx_word' id='word_1_81' title='bbox 1091 1568 1267 1658; x_wconf 71' lang='lat' dir='ltr'>prasentia</span> <span class='ocrx_word' id='word_1_82' title='bbox 1289 1577 1322 1636; x_wconf 88' lang='lat' dir='ltr'>et</span> <span class='ocrx_word' id='word_1_83' title='bbox 1334 1591 1418 1636; x_wconf 92' lang='lat' dir='ltr'>con-</span> 
     </span>
     <span class='ocr_line' id='line_1_12' title="bbox 269 1673 1418 1766; baseline 0.001 -24"><span class='ocrx_word' id='word_1_84' title='bbox 269 1674 342 1742; x_wconf 90' lang='lat' dir='ltr'>silio</span> <span class='ocrx_word' id='word_1_85' title='bbox 357 1674 417 1760; x_wconf 90' lang='lat' dir='ltr'>uti,</span> <span class='ocrx_word' id='word_1_86' title='bbox 437 1673 515 1741; x_wconf 87' lang='lat' dir='ltr'>satis</span> <span class='ocrx_word' id='word_1_87' title='bbox 528 1673 729 1742; x_wconf 76' lang='lat' dir='ltr'>ostendimus</span> <span class='ocrx_word' id='word_1_88' title='bbox 749 1674 783 1740; x_wconf 93' lang='lat' dir='ltr'>in</span> <span class='ocrx_word' id='word_1_89' title='bbox 806 1680 946 1743; x_wconf 90' lang='lat' dir='ltr'>tractatu</span> <span class='ocrx_word' id='word_1_90' title='bbox 968 1681 1079 1742; x_wconf 87' lang='lat' dir='ltr'>nostro</span> <span class='ocrx_word' id='word_1_91' title='bbox 1093 1673 1133 1741; x_wconf 87' lang='lat' dir='ltr'>de</span> <span class='ocrx_word' id='word_1_92' title='bbox 1157 1675 1320 1766; x_wconf 80' lang='lat' dir='ltr'>Capitulis</span> <span class='ocrx_word' id='word_1_93' title='bbox 1330 1699 1344 1758; x_wconf 91' lang='lat'>,·</span> <span class='ocrx_word' id='word_1_94' title='bbox 1357 1675 1418 1744; x_wconf 92' lang='lat' dir='ltr'>ubi</span> 
     </span>
     <span class='ocr_line' id='line_1_13' title="bbox 269 1780 1417 1872; baseline 0 -24"><span class='ocrx_word' id='word_1_95' title='bbox 269 1781 354 1848; x_wconf 89' lang='lat' dir='ltr'>iuter</span> <span class='ocrx_word' id='word_1_96' title='bbox 369 1781 431 1850; x_wconf 89' lang='lat' dir='ltr'>alia</span> <span class='ocrx_word' id='word_1_97' title='bbox 450 1780 651 1849; x_wconf 80' lang='lat' dir='ltr'>adduximus</span> <span class='ocrx_word' id='word_1_98' title='bbox 670 1780 830 1849; x_wconf 86' lang='lat' dir='ltr'>celebrem</span> <span class='ocrx_word' id='word_1_99' title='bbox 852 1803 1010 1849; x_wconf 88' lang='lat' dir='ltr'>canonem</span> <span class='ocrx_word' id='word_1_100' title='bbox 1027 1784 1067 1848; x_wconf 82' lang='lat'>22</span> <span class='ocrx_word' id='word_1_101' title='bbox 1092 1781 1221 1850; x_wconf 92' lang='lat' dir='ltr'>concilii</span> <span class='ocrx_word' id='word_1_102' title='bbox 1238 1781 1417 1872; x_wconf 82' lang='lat' dir='ltr'>Cartbagi-</span> 
     </span>
     <span class='ocr_line' id='line_1_14' title="bbox 268 1888 1418 1980; baseline 0.002 -24"><span class='ocrx_word' id='word_1_103' title='bbox 268 1889 379 1957; x_wconf 87' lang='lat' dir='ltr'>nensis</span> <span class='ocrx_word' id='word_1_104' title='bbox 388 1889 496 1980; x_wconf 92' lang='lat' dir='ltr'>quarti</span> <span class='ocrx_word' id='word_1_105' title='bbox 507 1916 515 1956; x_wconf 90' lang='lat'>:</span> <span class='ocrx_word' id='word_1_106' title='bbox 528 1889 709 1980; x_wconf 79' lang='lat' dir='ltr'>Episcopus</span> <span class='ocrx_word' id='word_1_107' title='bbox 720 1889 830 1956; x_wconf 80' lang='lat' dir='ltr'>nullus</span> <span class='ocrx_word' id='word_1_108' title='bbox 839 1911 973 1956; x_wconf 86' lang='lat' dir='ltr'>causum</span> <span class='ocrx_word' id='word_1_109' title='bbox 984 1888 1102 1956; x_wconf 83' lang='lat' dir='ltr'>audiat</span> <span class='ocrx_word' id='word_1_110' title='bbox 1113 1889 1232 1980; x_wconf 83' lang='lat' dir='ltr'>ubsque</span> <span class='ocrx_word' id='word_1_111' title='bbox 1238 1890 1418 1980; x_wconf 76' lang='lat' dir='ltr'>praesmtr&#39;o</span> 
     </span>
     <span class='ocr_line' id='line_1_15' title="bbox 268 1995 1423 2088; baseline -0.001 -22"><span class='ocrx_word' id='word_1_112' title='bbox 268 1997 458 2066; x_wconf 84' lang='lat' dir='ltr'>clericorum</span> <span class='ocrx_word' id='word_1_113' title='bbox 472 2019 607 2064; x_wconf 84' lang='lat' dir='ltr'>suorum</span> <span class='ocrx_word' id='word_1_114' title='bbox 623 2023 633 2062; x_wconf 92' lang='grc'>.·</span> <span class='ocrx_word' id='word_1_115' title='bbox 648 1995 797 2088; x_wconf 84' lang='lat' dir='ltr'>alioquin</span> <span class='ocrx_word' id='word_1_116' title='bbox 812 1995 911 2064; x_wconf 84' lang='lat' dir='ltr'>irrito</span> <span class='ocrx_word' id='word_1_117' title='bbox 926 1997 988 2064; x_wconf 78' lang='lat' dir='ltr'>erit</span> <span class='ocrx_word' id='word_1_118' title='bbox 1001 1997 1157 2064; x_wconf 77' lang='lat' dir='ltr'>suumtio</span> <span class='ocrx_word' id='word_1_119' title='bbox 1169 1997 1336 2088; x_wconf 78' lang='lat' dir='ltr'>Episcopi,</span> <span class='ocrx_word' id='word_1_120' title='bbox 1352 1999 1423 2066; x_wconf 82' lang='lat' dir='ltr'>nisi</span> 
     </span>
     <span class='ocr_line' id='line_1_16' title="bbox 268 2102 1418 2195; baseline 0 -23"><span class='ocrx_word' id='word_1_121' title='bbox 268 2104 459 2172; x_wconf 72' lang='lat' dir='ltr'>clericomm</span> <span class='ocrx_word' id='word_1_122' title='bbox 477 2103 634 2171; x_wconf 72' lang='lat' dir='ltr'>sustantia</span> <span class='ocrx_word' id='word_1_123' title='bbox 654 2103 874 2195; x_wconf 77' lang='lat' dir='ltr'>confirmetur.</span> <span class='ocrx_word' id='word_1_124' title='bbox 891 2103 932 2170; x_wconf 91' lang='lat' dir='ltr'>Et</span> <span class='ocrx_word' id='word_1_125' title='bbox 946 2125 986 2171; x_wconf 88' lang='lat' dir='ltr'>ue</span> <span class='ocrx_word' id='word_1_126' title='bbox 1007 2102 1211 2171; x_wconf 89' lang='lat' dir='ltr'>eruditorum</span> <span class='ocrx_word' id='word_1_127' title='bbox 1235 2103 1295 2171; x_wconf 91' lang='lat' dir='ltr'>hac</span> <span class='ocrx_word' id='word_1_128' title='bbox 1314 2102 1354 2171; x_wconf 88' lang='lat' dir='ltr'>de</span> <span class='ocrx_word' id='word_1_129' title='bbox 1379 2127 1418 2172; x_wconf 93' lang='lat' dir='ltr'>re</span> 
     </span>
     <span class='ocr_line' id='line_1_17' title="bbox 269 2209 1417 2302; baseline -0.002 -22"><span class='ocrx_word' id='word_1_130' title='bbox 269 2221 390 2280; x_wconf 88' lang='lat' dir='ltr'>asserta</span> <span class='ocrx_word' id='word_1_131' title='bbox 412 2233 486 2279; x_wconf 88' lang='lat' dir='ltr'>cum</span> <span class='ocrx_word' id='word_1_132' title='bbox 510 2233 622 2278; x_wconf 86' lang='lat' dir='ltr'>aarum</span> <span class='ocrx_word' id='word_1_133' title='bbox 647 2209 894 2301; x_wconf 86' lang='lat' dir='ltr'>probationibus</span> <span class='ocrx_word' id='word_1_134' title='bbox 911 2211 964 2279; x_wconf 88' lang='lat' dir='ltr'>hic</span> <span class='ocrx_word' id='word_1_135' title='bbox 987 2218 1184 2302; x_wconf 89' lang='lat' dir='ltr'>repetamus,</span> <span class='ocrx_word' id='word_1_136' title='bbox 1206 2209 1417 2280; x_wconf 86' lang='lat' dir='ltr'>Thomassini</span> 
     </span>
     <span class='ocr_line' id='line_1_18' title="bbox 269 2317 1507 2410; baseline -0.002 -22"><span class='ocrx_word' id='word_1_137' title='bbox 269 2320 440 2388; x_wconf 85' lang='lat' dir='ltr'>dumtaxat</span> <span class='ocrx_word' id='word_1_138' title='bbox 461 2317 701 2386; x_wconf 87' lang='lat' dir='ltr'>conclusionem</span> <span class='ocrx_word' id='word_1_139' title='bbox 721 2339 942 2410; x_wconf 88' lang='lat' dir='ltr'>proponemus</span> <span class='ocrx_word' id='word_1_140' title='bbox 965 2345 971 2386; x_wconf 94' lang='lat'>:</span> <span class='ocrx_word' id='word_1_141' title='bbox 994 2319 1118 2408; x_wconf 82' lang='lat' dir='ltr'>«Ergo</span> <span class='ocrx_word' id='word_1_142' title='bbox 1143 2319 1325 2410; x_wconf 89' lang='lat' dir='ltr'>presbyteri</span> <span class='ocrx_word' id='word_1_143' title='bbox 1349 2319 1418 2408; x_wconf 84' lang='lat' dir='ltr'>(in-</span> <span class='ocrx_word' id='word_1_144' title='bbox 1506 2389 1507 2392; x_wconf 63' lang='grc'>,</span> 
     </span>
     <span class='ocr_line' id='line_1_19' title="bbox 273 2421 1418 2516; baseline 0.001 -27"><span class='ocrx_word' id='word_1_145' title='bbox 273 2450 290 2489; x_wconf 90' lang='lat'>«</span> <span class='ocrx_word' id='word_1_146' title='bbox 319 2423 400 2516; x_wconf 91' lang='lat' dir='ltr'>quit)</span> <span class='ocrx_word' id='word_1_147' title='bbox 429 2422 622 2513; x_wconf 89' lang='lat' dir='ltr'>diaconique</span> <span class='ocrx_word' id='word_1_148' title='bbox 651 2422 819 2490; x_wconf 89' lang='lat' dir='ltr'>civitatum</span> <span class='ocrx_word' id='word_1_149' title='bbox 849 2421 1094 2514; x_wconf 89' lang='lat' dir='ltr'>episcopalium,</span> <span class='ocrx_word' id='word_1_150' title='bbox 1126 2423 1183 2514; x_wconf 93' lang='lat' dir='ltr'>qui</span> <span class='ocrx_word' id='word_1_151' title='bbox 1210 2421 1316 2491; x_wconf 90' lang='lat' dir='ltr'>clerus</span> <span class='ocrx_word' id='word_1_152' title='bbox 1344 2431 1418 2490; x_wconf 86' lang='lat' dir='ltr'>erat</span> 
     </span>
     <span class='ocr_line' id='line_1_20' title="bbox 273 2528 1417 2622; baseline 0.002 -28"><span class='ocrx_word' id='word_1_153' title='bbox 273 2528 464 2622; x_wconf 83' lang='lat' dir='ltr'>«superior</span> <span class='ocrx_word' id='word_1_154' title='bbox 490 2528 676 2614; x_wconf 77' lang='lat' dir='ltr'>dioeceseoS,</span> <span class='ocrx_word' id='word_1_155' title='bbox 704 2536 736 2595; x_wconf 89' lang='lat' dir='ltr'>et</span> <span class='ocrx_word' id='word_1_156' title='bbox 762 2551 859 2620; x_wconf 89' lang='lat' dir='ltr'>quem</span> <span class='ocrx_word' id='word_1_157' title='bbox 883 2528 952 2619; x_wconf 81' lang='lat' dir='ltr'>jam</span> <span class='ocrx_word' id='word_1_158' title='bbox 981 2528 1035 2596; x_wconf 93' lang='lat' dir='ltr'>hic</span> <span class='ocrx_word' id='word_1_159' title='bbox 1060 2528 1255 2596; x_wconf 88' lang='lat' dir='ltr'>donabimus</span> <span class='ocrx_word' id='word_1_160' title='bbox 1278 2529 1417 2619; x_wconf 86' lang='lat' dir='ltr'>capituli</span> 
     </span>
     <span class='ocr_line' id='line_1_21' title="bbox 272 2634 1414 2727; baseline 0 -25"><span class='ocrx_word' id='word_1_161' title='bbox 272 2665 288 2702; x_wconf 76' lang='lat' dir='ltr'>a</span> <span class='ocrx_word' id='word_1_162' title='bbox 313 2637 458 2720; x_wconf 89' lang='lat' dir='ltr'>nomine,</span> <span class='ocrx_word' id='word_1_163' title='bbox 484 2657 672 2727; x_wconf 84' lang='lat' dir='ltr'>quanquam</span> <span class='ocrx_word' id='word_1_164' title='bbox 694 2634 776 2703; x_wconf 92' lang='lat' dir='ltr'>illud</span> <span class='ocrx_word' id='word_1_165' title='bbox 803 2635 849 2702; x_wconf 88' lang='lat' dir='ltr'>eis</span> <span class='ocrx_word' id='word_1_166' title='bbox 879 2635 1038 2727; x_wconf 88' lang='lat' dir='ltr'>posterius</span> <span class='ocrx_word' id='word_1_167' title='bbox 1066 2642 1191 2703; x_wconf 89' lang='lat' dir='ltr'>tautum</span> <span class='ocrx_word' id='word_1_168' title='bbox 1219 2636 1414 2720; x_wconf 90' lang='lat' dir='ltr'>accesserit;</span> 
     </span>
     <span class='ocr_line' id='line_1_22' title="bbox 271 2741 1506 2840; baseline 0 -30"><span class='ocrx_word' id='word_1_169' title='bbox 271 2772 287 2810; x_wconf 83' lang='lat' dir='ltr'>u</span> <span class='ocrx_word' id='word_1_170' title='bbox 310 2744 417 2812; x_wconf 91' lang='lat' dir='ltr'>clerus</span> <span class='ocrx_word' id='word_1_171' title='bbox 433 2743 496 2827; x_wconf 89' lang='lat' dir='ltr'>bic,</span> <span class='ocrx_word' id='word_1_172' title='bbox 510 2741 656 2833; x_wconf 89' lang='lat' dir='ltr'>iuquam,</span> <span class='ocrx_word' id='word_1_173' title='bbox 673 2741 708 2808; x_wconf 92' lang='lat' dir='ltr'>iu</span> <span class='ocrx_word' id='word_1_174' title='bbox 724 2763 828 2808; x_wconf 91' lang='lat' dir='ltr'>unum</span> <span class='ocrx_word' id='word_1_175' title='bbox 844 2764 974 2833; x_wconf 87' lang='lat' dir='ltr'>corpus,</span> <span class='ocrx_word' id='word_1_176' title='bbox 992 2743 1028 2809; x_wconf 93' lang='lat' dir='ltr'>iu</span> <span class='ocrx_word' id='word_1_177' title='bbox 1043 2765 1147 2811; x_wconf 88' lang='lat' dir='ltr'>unum</span> <span class='ocrx_word' id='word_1_178' title='bbox 1167 2751 1315 2812; x_wconf 87' lang='lat' dir='ltr'>senatum</span> <span class='ocrx_word' id='word_1_179' title='bbox 1332 2765 1417 2810; x_wconf 91' lang='lat' dir='ltr'>con-</span> <span class='ocrx_word' id='word_1_180' title='bbox 1505 2823 1506 2840; x_wconf 12' lang='grc' dir='ltr'>χ</span> 
     </span>
     <span class='ocr_line' id='line_1_23' title="bbox 272 2848 1506 2941; baseline -0.002 -22"><span class='ocrx_word' id='word_1_181' title='bbox 272 2881 289 2919; x_wconf 86' lang='grc'>«</span> <span class='ocrx_word' id='word_1_182' title='bbox 313 2850 488 2940; x_wconf 90' lang='lat' dir='ltr'>siliumque</span> <span class='ocrx_word' id='word_1_183' title='bbox 503 2871 578 2916; x_wconf 91' lang='lat' dir='ltr'>cum</span> <span class='ocrx_word' id='word_1_184' title='bbox 595 2848 754 2939; x_wconf 87' lang='lat' dir='ltr'>Episcopo</span> <span class='ocrx_word' id='word_1_185' title='bbox 778 2849 901 2928; x_wconf 88' lang='lat' dir='ltr'>coibat;</span> <span class='ocrx_word' id='word_1_186' title='bbox 919 2872 993 2917; x_wconf 88' lang='lat' dir='ltr'>cum</span> <span class='ocrx_word' id='word_1_187' title='bbox 1020 2871 1121 2941; x_wconf 86' lang='lat' dir='ltr'>eoque</span> <span class='ocrx_word' id='word_1_188' title='bbox 1143 2849 1289 2941; x_wconf 87' lang='lat' dir='ltr'>principe</span> <span class='ocrx_word' id='word_1_189' title='bbox 1310 2859 1342 2918; x_wconf 85' lang='lat' dir='ltr'>et</span> <span class='ocrx_word' id='word_1_190' title='bbox 1355 2874 1418 2918; x_wconf 87' lang='lat' dir='ltr'>ea·</span> <span class='ocrx_word' id='word_1_191' title='bbox 1505 2855 1506 2873; x_wconf 31' lang='lat' dir='ltr'>l</span> 
     </span>
     <span class='ocr_line' id='line_1_24' title="bbox 272 2955 1417 3052; baseline 0 -26"><span class='ocrx_word' id='word_1_192' title='bbox 272 2989 289 3025; x_wconf 90' lang='lat'>«</span> <span class='ocrx_word' id='word_1_193' title='bbox 312 2960 379 3052; x_wconf 86' lang='lat' dir='ltr'>pito</span> <span class='ocrx_word' id='word_1_194' title='bbox 401 2980 473 3044; x_wconf 90' lang='lat' dir='ltr'>suo,</span> <span class='ocrx_word' id='word_1_195' title='bbox 499 2955 687 3047; x_wconf 89' lang='lat' dir='ltr'>clericisque</span> <span class='ocrx_word' id='word_1_196' title='bbox 711 2957 904 3048; x_wconf 89' lang='lat' dir='ltr'>populisque</span> <span class='ocrx_word' id='word_1_197' title='bbox 925 2955 1098 3024; x_wconf 74' lang='lat' dir='ltr'>dioeceseos</span> <span class='ocrx_word' id='word_1_198' title='bbox 1120 2956 1273 3026; x_wconf 91' lang='lat' dir='ltr'>omnibus</span> <span class='ocrx_word' id='word_1_199' title='bbox 1295 2957 1417 3026; x_wconf 87' lang='lat' dir='ltr'>mode-</span> 
     </span>
     <span class='ocr_line' id='line_1_25' title="bbox 272 3061 1505 3160; baseline -0.002 -28"><span class='ocrx_word' id='word_1_200' title='bbox 272 3094 288 3132; x_wconf 77' lang='grc' dir='ltr'>α</span> <span class='ocrx_word' id='word_1_201' title='bbox 313 3067 458 3136; x_wconf 79' lang='lat' dir='ltr'>robatur.</span> <span class='ocrx_word' id='word_1_202' title='bbox 479 3064 590 3150; x_wconf 87' lang='lat' dir='ltr'>(Vetus</span> <span class='ocrx_word' id='word_1_203' title='bbox 603 3073 634 3129; x_wconf 87' lang='lat' dir='ltr'>et</span> <span class='ocrx_word' id='word_1_204' title='bbox 652 3083 737 3130; x_wconf 83' lang='lat' dir='ltr'>uooc</span> <span class='ocrx_word' id='word_1_205' title='bbox 753 3061 845 3142; x_wconf 71' lang='lat' dir='ltr'>disc„</span> <span class='ocrx_word' id='word_1_206' title='bbox 863 3071 955 3153; x_wconf 89' lang='lat' dir='ltr'>parte</span> <span class='ocrx_word' id='word_1_207' title='bbox 971 3065 1003 3149; x_wconf 89' lang='lat'>1,</span> <span class='ocrx_word' id='word_1_208' title='bbox 1021 3063 1078 3131; x_wconf 89' lang='lat' dir='ltr'>lib.</span> <span class='ocrx_word' id='word_1_209' title='bbox 1106 3067 1138 3149; x_wconf 85' lang='lat'>3,</span> <span class='ocrx_word' id='word_1_210' title='bbox 1160 3086 1232 3154; x_wconf 88' lang='lat' dir='ltr'>cap.</span> <span class='ocrx_word' id='word_1_211' title='bbox 1255 3067 1288 3148; x_wconf 88' lang='grc'>7,</span> <span class='ocrx_word' id='word_1_212' title='bbox 1311 3087 1346 3131; x_wconf 84' lang='grc' dir='ltr'>ιι.</span> <span class='ocrx_word' id='word_1_213' title='bbox 1368 3067 1416 3154; x_wconf 83' lang='grc'>2.)</span> <span class='ocrx_word' id='word_1_214' title='bbox 1504 3153 1505 3160; x_wconf 11' lang='lat'>¹</span> 
     </span>
     <span class='ocr_line' id='line_1_26' title="bbox 273 3163 1505 3262; baseline -0.005 -19"><span class='ocrx_word' id='word_1_215' title='bbox 273 3203 289 3242; x_wconf 83' lang='lat' dir='ltr'>u</span> <span class='ocrx_word' id='word_1_216' title='bbox 311 3175 389 3243; x_wconf 86' lang='lat' dir='ltr'>Erat</span> <span class='ocrx_word' id='word_1_217' title='bbox 416 3171 505 3239; x_wconf 84' lang='lat' dir='ltr'>enim</span> <span class='ocrx_word' id='word_1_218' title='bbox 530 3191 606 3238; x_wconf 86' lang='lat' dir='ltr'>vere</span> <span class='ocrx_word' id='word_1_219' title='bbox 636 3168 812 3261; x_wconf 89' lang='lat' dir='ltr'>capitulum</span> <span class='ocrx_word' id='word_1_220' title='bbox 841 3169 990 3261; x_wconf 91' lang='lat' dir='ltr'>Episcopi</span> <span class='ocrx_word' id='word_1_221' title='bbox 1022 3171 1178 3262; x_wconf 90' lang='lat' dir='ltr'>cujusque</span> <span class='ocrx_word' id='word_1_222' title='bbox 1203 3177 1234 3236; x_wconf 94' lang='lat' dir='ltr'>et</span> <span class='ocrx_word' id='word_1_223' title='bbox 1262 3170 1418 3238; x_wconf 82' lang='lat' dir='ltr'>Ecclesiae</span> <span class='ocrx_word' id='word_1_224' title='bbox 1504 3163 1505 3166; x_wconf 45' lang='lat'>&#39;</span> 
     </span>
     <span class='ocr_line' id='line_1_27' title="bbox 274 3276 1419 3369; baseline -0.004 -19"><span class='ocrx_word' id='word_1_225' title='bbox 274 3311 289 3349; x_wconf 80' lang='lat' dir='ltr'>c</span> <span class='ocrx_word' id='word_1_226' title='bbox 313 3278 519 3364; x_wconf 87' lang='lat' dir='ltr'>cathedralis,</span> <span class='ocrx_word' id='word_1_227' title='bbox 540 3277 646 3348; x_wconf 87' lang='lat' dir='ltr'>clerus</span> <span class='ocrx_word' id='word_1_228' title='bbox 666 3277 734 3363; x_wconf 88' lang='lat' dir='ltr'>ille,</span> <span class='ocrx_word' id='word_1_229' title='bbox 757 3276 803 3344; x_wconf 94' lang='lat' dir='ltr'>illi</span> <span class='ocrx_word' id='word_1_230' title='bbox 824 3277 1006 3369; x_wconf 86' lang='lat' dir='ltr'>presbyteri</span> <span class='ocrx_word' id='word_1_231' title='bbox 1029 3277 1236 3368; x_wconf 86' lang='lat' dir='ltr'>diaconique,</span> <span class='ocrx_word' id='word_1_232' title='bbox 1256 3277 1316 3368; x_wconf 91' lang='lat' dir='ltr'>qui</span> <span class='ocrx_word' id='word_1_233' title='bbox 1337 3299 1419 3346; x_wconf 91' lang='lat' dir='ltr'>cum</span> 
     </span>
     <span class='ocr_line' id='line_1_28' title="bbox 273 3383 1419 3481; baseline -0.004 -22"><span class='ocrx_word' id='word_1_234' title='bbox 273 3419 290 3458; x_wconf 81' lang='lat' dir='ltr'>c</span> <span class='ocrx_word' id='word_1_235' title='bbox 313 3391 474 3481; x_wconf 89' lang='lat' dir='ltr'>Episcopo</span> <span class='ocrx_word' id='word_1_236' title='bbox 494 3384 533 3452; x_wconf 90' lang='lat' dir='ltr'>de</span> <span class='ocrx_word' id='word_1_237' title='bbox 549 3384 647 3452; x_wconf 87' lang='lat' dir='ltr'>rebus</span> <span class='ocrx_word' id='word_1_238' title='bbox 662 3384 847 3476; x_wconf 91' lang='lat' dir='ltr'>quibusque</span> <span class='ocrx_word' id='word_1_239' title='bbox 869 3383 1103 3465; x_wconf 90' lang='lat' dir='ltr'>deliberabant,</span> <span class='ocrx_word' id='word_1_240' title='bbox 1125 3383 1183 3476; x_wconf 92' lang='lat' dir='ltr'>qui</span> <span class='ocrx_word' id='word_1_241' title='bbox 1205 3405 1271 3451; x_wconf 89' lang='lat' dir='ltr'>uua</span> <span class='ocrx_word' id='word_1_242' title='bbox 1289 3383 1419 3453; x_wconf 84' lang='lat' dir='ltr'>clavem</span> 
     </span>
     <span class='ocr_line' id='line_1_29' title="bbox 274 3491 1421 3589; baseline -0.002 -22"><span class='ocrx_word' id='word_1_243' title='bbox 274 3527 290 3566; x_wconf 80' lang='lat' dir='ltr'>a</span> <span class='ocrx_word' id='word_1_244' title='bbox 313 3496 469 3589; x_wconf 83' lang='lat' dir='ltr'>regebant</span> <span class='ocrx_word' id='word_1_245' title='bbox 492 3492 658 3580; x_wconf 86' lang='lat' dir='ltr'>Ecclesiae,</span> <span class='ocrx_word' id='word_1_246' title='bbox 681 3493 738 3585; x_wconf 92' lang='lat' dir='ltr'>qui</span> <span class='ocrx_word' id='word_1_247' title='bbox 754 3515 868 3560; x_wconf 89' lang='lat' dir='ltr'>causas</span> <span class='ocrx_word' id='word_1_248' title='bbox 883 3501 914 3561; x_wconf 87' lang='lat' dir='ltr'>et</span> <span class='ocrx_word' id='word_1_249' title='bbox 926 3491 1049 3583; x_wconf 91' lang='lat' dir='ltr'>judicia</span> <span class='ocrx_word' id='word_1_250' title='bbox 1072 3494 1205 3562; x_wconf 91' lang='lat' dir='ltr'>nomine</span> <span class='ocrx_word' id='word_1_251' title='bbox 1226 3495 1296 3587; x_wconf 87' lang='lat' dir='ltr'>ejus</span> <span class='ocrx_word' id='word_1_252' title='bbox 1310 3495 1421 3586; x_wconf 83' lang='lat' dir='ltr'>agita-</span> 
     </span>
     <span class='ocr_line' id='line_1_30' title="bbox 273 3599 1419 3695; baseline 0.001 -24"><span class='ocrx_word' id='word_1_253' title='bbox 273 3635 290 3672; x_wconf 88' lang='lat'>«</span> <span class='ocrx_word' id='word_1_254' title='bbox 311 3607 423 3675; x_wconf 71' lang='lat' dir='ltr'>bant.»</span> <span class='ocrx_word' id='word_1_255' title='bbox 459 3599 568 3691; x_wconf 84' lang='lat' dir='ltr'>(ibid,</span> <span class='ocrx_word' id='word_1_256' title='bbox 597 3621 631 3667; x_wconf 90' lang='lat' dir='ltr'>u.</span> <span class='ocrx_word' id='word_1_257' title='bbox 665 3599 713 3690; x_wconf 78' lang='lat'>7.)</span> <span class='ocrx_word' id='word_1_258' title='bbox 742 3599 970 3668; x_wconf 86' lang='lat' dir='ltr'>Denomiualio</span> <span class='ocrx_word' id='word_1_259' title='bbox 998 3623 1076 3690; x_wconf 79' lang='lat' dir='ltr'>ergo</span> <span class='ocrx_word' id='word_1_260' title='bbox 1101 3601 1159 3670; x_wconf 89' lang='lat' dir='ltr'>illa</span> <span class='ocrx_word' id='word_1_261' title='bbox 1182 3603 1419 3695; x_wconf 85' lang='lat' dir='ltr'>receptissima,</span> 
     </span>
     <span class='ocr_line' id='line_1_31' title="bbox 268 3705 1421 3806; baseline -0.002 -23"><span class='ocrx_word' id='word_1_262' title='bbox 268 3737 333 3806; x_wconf 91' lang='lat' dir='ltr'>qua</span> <span class='ocrx_word' id='word_1_263' title='bbox 348 3709 527 3802; x_wconf 88' lang='lat' dir='ltr'>capitulum</span> <span class='ocrx_word' id='word_1_264' title='bbox 543 3705 605 3774; x_wconf 91' lang='lat' dir='ltr'>dici</span> <span class='ocrx_word' id='word_1_265' title='bbox 623 3707 703 3775; x_wconf 86' lang='lat' dir='ltr'>solat</span> <span class='ocrx_word' id='word_1_266' title='bbox 727 3707 901 3776; x_wconf 81' lang='lat' dir='ltr'>concilium</span> <span class='ocrx_word' id='word_1_267' title='bbox 925 3721 1044 3776; x_wconf 83' lang='lat' dir='ltr'>uotum</span> <span class='ocrx_word' id='word_1_268' title='bbox 1067 3709 1218 3801; x_wconf 84' lang='lat' dir='ltr'>Epicopi,</span> <span class='ocrx_word' id='word_1_269' title='bbox 1241 3710 1280 3780; x_wconf 91' lang='lat' dir='ltr'>de</span> <span class='ocrx_word' id='word_1_270' title='bbox 1302 3735 1421 3781; x_wconf 92' lang='lat' dir='ltr'>remo-</span> 
     </span>
     <span class='ocr_line' id='line_1_32' title="bbox 267 3814 1503 3905; baseline 0.001 -16"><span class='ocrx_word' id='word_1_271' title='bbox 267 3821 393 3889; x_wconf 85' lang='lat' dir='ltr'>tissima</span> <span class='ocrx_word' id='word_1_272' title='bbox 406 3816 503 3885; x_wconf 85' lang='lat' dir='ltr'>etiam</span> <span class='ocrx_word' id='word_1_273' title='bbox 523 3814 712 3905; x_wconf 89' lang='lat' dir='ltr'>antiquitate</span> <span class='ocrx_word' id='word_1_274' title='bbox 728 3814 939 3904; x_wconf 86' lang='lat' dir='ltr'>intelligenda</span> <span class='ocrx_word' id='word_1_275' title='bbox 958 3823 1018 3902; x_wconf 88' lang='lat' dir='ltr'>est,</span> <span class='ocrx_word' id='word_1_276' title='bbox 1035 3823 1065 3883; x_wconf 90' lang='lat' dir='ltr'>et</span> <span class='ocrx_word' id='word_1_277' title='bbox 1077 3816 1232 3886; x_wconf 84' lang='lat' dir='ltr'>exercitio</span> <span class='ocrx_word' id='word_1_278' title='bbox 1252 3817 1421 3889; x_wconf 88' lang='lat' dir='ltr'>adminis·</span> <span class='ocrx_word' id='word_1_279' title='bbox 1502 3817 1503 3890; x_wconf 81' lang='lat' dir='ltr'>l</span> 
     </span>
     <span class='ocr_line' id='line_1_33' title="bbox 268 3922 1160 4014; baseline -0.002 -19"><span class='ocrx_word' id='word_1_280' title='bbox 268 3925 395 3995; x_wconf 83' lang='lat' dir='ltr'>traudra</span> <span class='ocrx_word' id='word_1_281' title='bbox 406 3925 447 3992; x_wconf 91' lang='lat' dir='ltr'>ab</span> <span class='ocrx_word' id='word_1_282' title='bbox 460 3923 620 4014; x_wconf 91' lang='lat' dir='ltr'>Episcopo</span> <span class='ocrx_word' id='word_1_283' title='bbox 632 3922 766 4013; x_wconf 72' lang='lat' dir='ltr'>justitiae</span> <span class='ocrx_word' id='word_1_284' title='bbox 783 3923 944 4014; x_wconf 91' lang='lat' dir='ltr'>imprimis</span> <span class='ocrx_word' id='word_1_285' title='bbox 959 3923 1160 4014; x_wconf 88' lang='lat' dir='ltr'>applicanda.</span> 
     </span>
    </p>

    <p class='ocr_par' dir='ltr' id='par_1_4' title="bbox 269 4026 1502 4338">
     <span class='ocr_line' id='line_1_34' title="bbox 314 4026 1420 4122; baseline 0.001 -23"><span class='ocrx_word' id='word_1_286' title='bbox 314 4037 347 4099; x_wconf 76' lang='grc' dir='ltr'>2ο</span> <span class='ocrx_word' id='word_1_287' title='bbox 362 4029 456 4113; x_wconf 87' lang='lat' dir='ltr'>Quod</span> <span class='ocrx_word' id='word_1_288' title='bbox 477 4037 584 4098; x_wconf 89' lang='lat' dir='ltr'>autem</span> <span class='ocrx_word' id='word_1_289' title='bbox 607 4026 877 4113; x_wconf 86' lang='lat' dir='ltr'>Archidiaconus,</span> <span class='ocrx_word' id='word_1_290' title='bbox 893 4029 926 4095; x_wconf 92' lang='lat' dir='ltr'>in</span> <span class='ocrx_word' id='word_1_291' title='bbox 948 4029 1129 4098; x_wconf 87' lang='lat' dir='ltr'>exercenda</span> <span class='ocrx_word' id='word_1_292' title='bbox 1147 4032 1347 4100; x_wconf 87' lang='lat' dir='ltr'>contentiosa</span> <span class='ocrx_word' id='word_1_293' title='bbox 1357 4033 1420 4122; x_wconf 90' lang='lat' dir='ltr'>ju-</span> 
     </span>
     <span class='ocr_line' id='line_1_35' title="bbox 270 4135 1502 4229; baseline -0.002 -20"><span class='ocrx_word' id='word_1_294' title='bbox 270 4137 467 4222; x_wconf 88' lang='lat' dir='ltr'>risdictione,</span> <span class='ocrx_word' id='word_1_295' title='bbox 479 4135 639 4226; x_wconf 89' lang='lat' dir='ltr'>Episcopo</span> <span class='ocrx_word' id='word_1_296' title='bbox 652 4135 686 4203; x_wconf 90' lang='lat' dir='ltr'>in</span> <span class='ocrx_word' id='word_1_297' title='bbox 697 4135 864 4204; x_wconf 88' lang='lat' dir='ltr'>Vicarium</span> <span class='ocrx_word' id='word_1_298' title='bbox 876 4137 1061 4225; x_wconf 85' lang='lat' dir='ltr'>generalem</span> <span class='ocrx_word' id='word_1_299' title='bbox 1072 4137 1182 4222; x_wconf 82' lang='lat' dir='ltr'>luerit,</span> <span class='ocrx_word' id='word_1_300' title='bbox 1198 4139 1304 4229; x_wconf 91' lang='lat' dir='ltr'>palam</span> <span class='ocrx_word' id='word_1_301' title='bbox 1322 4139 1418 4224; x_wconf 84' lang='lat' dir='ltr'>iacit,</span> <span class='ocrx_word' id='word_1_302' title='bbox 1501 4175 1502 4200; x_wconf 61' lang='lat'>1</span> 
     </span>
     <span class='ocr_line' id='line_1_36' title="bbox 269 4241 1415 4338; baseline -0.003 -19"><span class='ocrx_word' id='word_1_303' title='bbox 269 4251 355 4320; x_wconf 90' lang='lat' dir='ltr'>iuter</span> <span class='ocrx_word' id='word_1_304' title='bbox 378 4243 469 4330; x_wconf 88' lang='lat' dir='ltr'>alios,</span> <span class='ocrx_word' id='word_1_305' title='bbox 497 4242 645 4310; x_wconf 90' lang='lat' dir='ltr'>eruditus</span> <span class='ocrx_word' id='word_1_306' title='bbox 667 4241 902 4312; x_wconf 87' lang='lat' dir='ltr'>Thomassiuus</span> <span class='ocrx_word' id='word_1_307' title='bbox 927 4246 1039 4332; x_wconf 79' lang='lat' dir='ltr'>(Vetus</span> <span class='ocrx_word' id='word_1_308' title='bbox 1061 4257 1091 4312; x_wconf 86' lang='lat' dir='ltr'>et</span> <span class='ocrx_word' id='word_1_309' title='bbox 1114 4268 1198 4313; x_wconf 86' lang='lat' dir='ltr'>novo</span> <span class='ocrx_word' id='word_1_310' title='bbox 1224 4245 1415 4338; x_wconf 70' lang='lat' dir='ltr'>disciplina,</span> 
     </span>
    </p>
   </div>
   <div class='ocr_carea' id='block_1_3' title="bbox 0 0 1523 4980">
    <p class='ocr_par' dir='ltr' id='par_1_5' title="bbox 0 0 1523 4980">
     <span class='ocr_line' id='line_1_37' title="bbox 0 0 1523 4980; baseline 0 0"><span class='ocrx_word' id='word_1_311' title='bbox 0 0 1523 4980; x_wconf 95' lang='lat' dir='ltr'> </span> 
     </span>
    </p>
   </div>
  </div>
 </body>
</html>
