3030 4980
466 561 475 576 ⁴
535 539 609 586 rans
632 540 776 587 snorum.
1163 525 1221 588 451

86 687 104 728 c
129 659 249 730 residet
270 661 305 730 in
327 669 476 753 utroque.
498 661 579 730 Nam
600 663 634 730 in
654 663 785 731 Vicario
810 671 857 731 est
880 679 953 731 cum
971 663 1184 754 dependentia
1208 689 1227 733 a

87 796 106 834 c
129 768 294 838 voluntate
319 778 351 836 et
372 769 511 861 imperio
536 768 705 862 Episcopi;
727 793 763 837 ac
788 769 924 860 proinde
943 769 1107 858 Vicerius,
1131 772 1228 840 etiem

87 901 106 942 a
129 877 253 944 ratione
269 875 365 944 officii
384 876 450 963 sui,
468 884 516 944 est
529 877 642 968 aliquo
664 875 758 946 modo
773 877 936 968 subjectus
955 885 986 944 et
1001 877 1231 947 subordinatus

87 1009 105 1050 c
129 984 298 1075 Episcopo.
322 983 356 1052 Si
376 983 526 1052 Vicarius
546 984 714 1076 delinquet
733 984 769 1051 in
788 984 893 1053 officio
914 1007 985 1072 suu,
1004 993 1035 1051 et
1050 985 1229 1077 Episcopus

88 1091 226 1158 «etiam
250 1090 291 1158 sit
315 1089 419 1180 culpae
443 1090 614 1182 particeps,
642 1099 710 1158 tum
731 1113 798 1159 non
817 1091 859 1160 ed
878 1090 1086 1182 Episcopum,
1110 1091 1165 1160 sed
1185 1091 1226 1160 ad

87 1195 417 1289 «Archiepiscopum
456 1196 595 1288 pertinet
631 1219 761 1266 causam
797 1219 1002 1288 cognoscere,
1042 1219 1078 1266 ac
1111 1197 1228 1290 punire

84 1329 103 1368 a
126 1304 306 1373 Vicarium.
333 1305 402 1372 lmo
425 1303 602 1396 Episcopus
625 1313 754 1373 tenetur
776 1306 831 1374 tali
854 1327 931 1374 casu
945 1305 1100 1374 exhibere
1114 1314 1146 1374 et
1164 1306 1227 1374 sis-

86 1437 105 1478 «
128 1422 195 1480 tere
220 1412 387 1481 Vicarium
410 1411 467 1504 qui
490 1411 626 1504 deliquit
646 1411 906 1504 Metropolitum,
930 1413 957 1480 si
976 1415 1097 1504 petit...
1125 1413 1227 1482 Porro

88 1546 106 1585 a
128 1517 283 1588 Officialis
301 1541 359 1587 seu
379 1519 530 1588 Vicarius
550 1520 710 1608 generalis
726 1519 972 1612 Archiepiecupi
992 1520 1114 1588 nullam
1134 1520 1231 1587 habet

89 1653 106 1692 (ε
129 1633 318 1720 potestatem
342 1634 398 1694 aut
418 1624 677 1718 jurisdictionem
700 1625 734 1694 in
756 1626 989 1717 suffraganeos,
1017 1627 1058 1694 oh
1085 1625 1231 1715 dignita-

86 1760 104 1800 α
129 1742 246 1802 temet
270 1733 479 1802 eminentium
501 1732 601 1800 officii
625 1733 817 1826 episcopalis
842 1735 923 1825 (cap.
950 1734 1021 1824 1‚§
1049 1733 1228 1825 Officicler;

88 1867 107 1908 c
130 1841 171 1908 de
188 1841 300 1932 Officio
309 1839 436 1931 judicis
450 1839 623 1922 ordinarii,
638 1841 672 1908 iu
688 1840 734 1930 6),
747 1863 853 1932 neque
865 1841 899 1908 iu
911 1839 1059 1908 Vicarios
1071 1839 1230 1930 suffraga-

87 1973 107 2015 α
130 1969 281 2034 neorum,
298 1949 381 2016 sicut
396 1947 491 2016 etiam
510 1947 688 2017 nonhabet
704 1948 738 2016 in
752 1948 900 2017 subditos
913 1947 1194 2039 suffragancorum
1210 1975 1227 2015 r

85 2057 135 2148 (in
151 2056 200 2125 tit.
219 2059 259 2124 28
265 2107 274 2144 ,
290 2055 369 2125 libri
384 2056 399 2121 t
422 2055 652 2142 Decretalium,
669 2077 704 2123 n.
723 2055 792 2146 75).

544 2333 548 2341 ·
615 2305 700 2396 §u

117 2471 217 2531 Quibus
237 2469 430 2522 difficultatibus
449 2466 564 2520 obnoxie
586 2467 705 2518 rideatur
725 2466 858 2532 premisse
879 2465 1015 2518 doctorum
1037 2468 1201 2520 communior

588 2548 727 2599 sententia.

135 2718 166 2782 1.
193 2712 341 2783 Occurrit
368 2709 541 2780 difficultas
568 2710 595 2777 si
620 2707 747 2777 dicatur
773 2706 943 2777 Vicarium
970 2709 1168 2798 generalem,
1198 2713 1233 2779 in

85 2820 200 2889 cilicio
216 2842 274 2888 suo
296 2818 552 2910 delinquentem,
568 2815 709 2908 judicari
730 2823 761 2882 et
778 2814 890 2906 puniri
909 2837 1001 2906 posse
1019 2814 1060 2882 ab
1075 2816 1233 2908 Episcopo

86 2951 160 3013 suo,
175 2927 272 2994 etiam
288 2927 322 2994 in
338 2949 414 2994 casu
429 2924 535 3018 queis
550 2923 709 3014 particeps
725 2922 830 3014 culpes
854 2943 919 2990 non
936 2921 1053 2988 extitit.

132 3035 215 3103 Nam
230 3035 259 3102 si
274 3033 435 3125 appellare
449 3055 469 3100 a
482 3031 618 3102 vicario
631 3028 774 3120 generali
788 3028 829 3096 ad
844 3029 1054 3121 Episcopum,
1069 3030 1110 3097 sit
1122 3030 1233 3122 appel-

86 3143 155 3209 lare
173 3141 215 3210 ab
234 3138 345 3208 codem
360 3139 406 3207 ad
425 3137 587 3220 eumdem,
610 3137 689 3205 dum
709 3134 875 3228 judicatur
894 3143 924 3203 et
941 3137 1079 3226 punitur
1098 3137 1139 3204 ab
1155 3137 1235 3228 Epi-

85 3269 185 3338 scopo
193 3247 350 3318 Vicarius
364 3245 536 3336 generalis,
547 3244 673 3313 ratione
686 3252 817 3312 actuum
830 3242 1152 3334 jurisdictionalium,
1170 3244 1234 3312 dici
1341 3317 1344 3322 ,

87 3363 193 3446 potest
211 3355 335 3445 pariter
349 3353 490 3445 judicari
508 3362 539 3419 et
560 3351 670 3442 puniri
689 3347 839 3418 cumdem
861 3349 902 3417 ab
922 3349 1044 3417 eodem.
1064 3350 1166 3418 Porro
1181 3374 1235 3418 re-

86 3471 214 3554 pugnat
227 3461 359 3553 proprie
374 3469 405 3528 et
421 3460 457 3527 in
472 3480 569 3528 sensu
583 3458 668 3550 juria
681 3479 774 3549 posse
786 3456 927 3547 aliquem
942 3478 961 3522 a
974 3457 1079 3548 seipso
1093 3456 1232 3547 judicari

87 3576 121 3636 et
137 3567 258 3659 puniri.
275 3567 316 3635 Et
332 3574 460 3635 notetur
476 3565 606 3632 axioma
624 3563 719 3650 illud,
740 3562 902 3654 appellare
917 3586 937 3629 a
953 3561 1084 3632 Vicario
1099 3562 1139 3629 ad
1154 3563 1235 3654 Epi-

88 3692 238 3766 scopum,
255 3695 324 3742 esse
339 3673 502 3764 appellare
517 3672 558 3739 ab
579 3669 691 3740 eodem
712 3668 753 3736 ad
774 3669 938 3755 eumdem,
956 3690 1072 3738 verum
1090 3671 1234 3760 reputari

86 3781 312 3872 quamtumvis
336 3780 502 3848 evidenter
525 3779 640 3869 iniqua
663 3777 705 3843 sit
727 3774 850 3844 Vicurii
876 3775 1036 3864 generalis
1062 3778 1232 3846 sententia.

87 3889 252 3957 Praeterea
271 3909 336 3955 uon
350 3895 452 3978 potest
471 3885 651 3976 Episcopus
662 3882 811 3974 iniquam
827 3881 951 3953 Vicarii
975 3882 1025 3949 sui
1041 3883 1233 3952 seutentiam

87 3992 222 4083 punire,
244 3991 323 4082 quin
344 3990 405 4058 hoc
423 3991 494 4081 ipso
516 3994 688 4078 cognoscat
711 3987 746 4053 in
768 3984 911 4053 secunda
929 3985 1083 4053 instantia
1104 4008 1235 4056 causam

85 4123 108 4167 a
121 4097 208 4166 dicto
222 4097 355 4166 Vicario
368 4096 558 4188 judicatam,
575 4102 612 4162 'et
626 4090 813 4184 pronuntiet
830 4091 985 4182 injustam
1005 4089 1106 4158 luisse
1122 4094 1235 4184 prola-

86 4215 154 4272 tam
174 4205 215 4272 ab
241 4205 311 4296 ipso
334 4202 527 4272 sententiam
557 4227 564 4267 ι
592 4201 620 4267 si
646 4206 754 4266 autem
782 4199 882 4288 possit
909 4195 1087 4288 Episcopus
1110 4198 1235 4289 judicia

87 4311 211 4384 Vicarii
236 4311 288 4379 sui
312 4311 345 4377 in
371 4308 512 4378 secunda
536 4307 689 4374 instantia
712 4325 918 4393 cognoscere,
942 4311 974 4371 et
994 4325 1031 4370 ea
1056 4305 1234 4398 corrigere,
