3046 4968
248 393 307 456 t‘o'ti
619 416 795 463 reserares
818 419 857 463 nn
879 415 1011 464 runicus

290 538 319 600 1.
339 536 445 604 Potest
461 537 558 604 citare
576 543 682 630 partes
697 538 782 606 inter
798 562 832 605 se
851 537 1080 607 contendentes
1097 549 1132 606 ut
1150 547 1362 630 compereant
1383 565 1392 604 ·.

242 649 284 727 et,
303 642 330 709 si
348 642 491 731 legitime
512 644 618 712 citatae
634 667 832 736 comparere,
850 653 907 712 aut
922 645 993 736 ejus
1010 644 1163 712 mandato
1179 645 1258 714 alias
1274 667 1394 736 parere

242 750 472 818 contumaciter
494 761 654 838 recusent,
674 751 747 820 illas
770 759 874 842 potest
897 750 1051 820 remediis
1076 752 1270 843 opportunis
1292 751 1332 819 ad
1356 753 1395 820 id

243 857 446 948 compellere.
463 859 509 926 lta
525 860 741 927 communiter
755 858 915 945 doctores,
933 865 969 927 et
989 868 1113 926 constat
1128 859 1231 950 capite
1245 863 1293 926 De
1307 883 1396 928 cau-

243 965 285 1031 sis
305 964 349 1054 (t,
369 965 453 1033 tituli
477 969 532 1051 29,
550 965 625 1033 libri
643 969 656 1032 1
676 964 922 1055 Decretnlium),
941 989 1006 1056 quo
1020 967 1065 1033 sic
1082 965 1226 1034 decernit
1241 966 1396 1034 Alexan-

244 1073 302 1140 der
315 1073 361 1140 lll
378 1099 385 1140 :
403 1073 471 1140 Illis
487 1072 588 1140 etiam
603 1073 662 1164 qui
673 1096 736 1163 pro
753 1073 858 1142 causis
875 1072 936 1140 tibi
950 1073 1127 1140 commissis
1142 1072 1189 1142 ad
1201 1073 1396 1141 citationem

244 1191 337 1246 tuam
358 1180 476 1261 amira,
493 1193 552 1247 aut
574 1192 630 1247 tuo
653 1203 749 1271 snper
770 1179 820 1246 dis
838 1201 958 1270 parere
978 1179 1108 1270 judicio
1132 1180 1342 1270 neglexerint,
1363 1183 1398 1248 si

246 1286 311 1354 tale
332 1287 434 1376 fiterit
456 1287 635 1376 nepotium,
663 1286 751 1378 quod
774 1298 861 1354 certa
887 1285 1003 1354 exinde
1024 1309 1125 1377 poena
1152 1287 1189 1353 in
1214 1287 1397 1356 canonibus

245 1392 463 1482 exprimatur,
483 1391 631 1460 eamdem
648 1392 802 1484 instipas;
818 1393 967 1484 alioquin
988 1393 1085 1483 ipsos,
1098 1415 1162 1483 pro
1178 1391 1288 1460 delicti
1302 1416 1396 1484 qua-

245 1499 339 1566 litate
361 1512 391 1566 et
414 1521 531 1582 cause,
554 1498 731 1567 secundum
758 1512 854 1567 tuum
876 1499 1055 1567 arbitrium
1077 1499 1199 1591 punire
1222 1521 1392 1590 procures.

246 1603 340 1685 erod
356 1613 387 1672 et
410 1606 642 1698 applicandum
656 1606 746 1674 venit
762 1605 983 1694 subdelegato,
999 1605 1052 1673 cni
1078 1628 1210 1674 causam
1229 1606 1398 1674 commisit

247 1712 413 1802 delegatus
426 1713 538 1804 Papae,
549 1723 586 1781 nt
598 1712 769 1781 deducitur
780 1735 822 1781 cx
837 1712 939 1803 capite
952 1715 1007 1780 Ea
1021 1712 1138 1780 litteris
1157 1716 1224 1804 (29,
1235 1712 1320 1780 tituli
1333 1717 1393 1799 29,

247 1819 323 1886 libri
343 1823 355 1885 t
380 1819 623 1911 Decretalium).

293 1931 324 1993 2.
342 1927 434 1994 Hanc
448 1935 636 2017 potestatem
656 1925 814 2018 puniendi
828 1935 858 1994 et
872 1926 1087 2017 compellendi
1104 1949 1253 1995 exercere
1274 1936 1393 2018 potest,

225 2022 314 2100 ¹nors
333 2033 438 2102 solum
460 2034 495 2101 in
519 2047 626 2126 partes
652 2034 831 2122 litigantes,
847 2033 904 2101 sed
924 2035 1021 2101 etiam
1045 2033 1080 2102 in
1104 2034 1183 2102 alios
1207 2035 1264 2124 qni
1287 2033 1396 2124 juris-

248 2141 420 2208 dictionem
435 2141 506 2232 ejns
521 2142 573 2210 vel
596 2164 781 2233 processum
804 2163 910 2208 causae
939 2139 1134 2232 impediunt,
1151 2151 1208 2210 aut
1234 2144 1395 2212 malitiose

249 2248 414 2315 retardent
428 2275 436 2315 :
451 2261 521 2315 tam
533 2272 584 2316 cas
597 2248 655 2340 qui
670 2247 849 2316 trabuntur
860 2247 907 2317 ad
919 2271 1179 2339 consumptam
1189 2250 1395 2344 principales
1514 2233 1515 2254 ¹

248 2377 360 2422 corum
371 2357 519 2446 fautores
532 2355 572 2446 (si
586 2379 637 2424 eos
651 2355 821 2446 manifeste
836 2356 1021 2446 aequaveris
1030 2355 1203 2447 justitiam
1219 2357 1390 2448 impedire)

249 2460 448 2531 districtione
463 2463 673 2532 ecclesiastica
691 2463 814 2554 poteris
828 2485 969 2531 coercere
983 2462 1184 2554 (Alexander
1197 2465 1242 2532 III
1255 2464 1395 2556 loquens

249 2568 288 2636 de
305 2569 398 2638 Sedis
414 2571 607 2662 Apostolicae
624 2570 791 2659 delegatis,
802 2570 905 2660 capite
922 2570 1009 2653 Quia
1025 2571 1198 2661 plantam
1214 2575 1246 2656 t,
1263 2573 1313 2640 tit.
1333 2575 1393 2657 29,

184 2703 185 2709 “
248 2675 325 2743 libri
345 2681 357 2743 l
384 2678 538 2769 Deerat).
563 2676 657 2760 Quod
682 2678 778 2744 etiam
803 2676 947 2769 procedit
972 2676 1080 2767 quoad
1106 2677 1316 2770 Episcopum,
1334 2682 1395 2771 qui

250 2783 433 2872 delegatum
449 2785 546 2876 Pepm
569 2786 604 2851 in
623 2784 777 2852 exercitio
799 2783 1033 2874 jurisdictionis
1056 2807 1125 2852 suia
1147 2783 1339 2876 impediret;
1356 2799 1396 2854 ut
1514 2789 1515 2870 l

250 2899 375 2959 constat
389 2913 429 2960 ex
444 2891 595 2962 decretali
607 2895 697 2960 Sanc
706 2890 887 2959 Alexandri
898 2891 944 2960 III
958 2891 1000 2959 ed
1012 2891 1242 2960 Cernotensem
1258 2893 1395 2984 Episco-

251 3020 355 3087 pum:
377 3002 452 3069 Tuae
475 2999 648 3092 questioni
668 2998 823 3066 ducimus
842 2997 1114 3089 respondendum,
1137 2997 1226 3088 quod
1244 2999 1353 3090 judea
1370 3025 1396 3067 a
1514 3065 1515 3090 ,

252 3106 352 3176 Nobis
366 3107 529 3197 delcpatus
543 3108 624 3175 vices
639 3118 766 3174 nostras
779 3106 863 3196 perit
880 3133 890 3170 :
905 3105 992 3172 unde
1009 3106 1045 3173 in
1058 3127 1157 3173 causa
1172 3105 1232 3174 illa
1247 3108 1397 3199 superior

250 3225 295 3280 est
305 3225 335 3279 et
345 3215 457 3304 major
465 3215 529 3282 illis
540 3236 681 3304 quorum
690 3235 824 3280 causam
835 3213 972 3303 suscepit
981 3212 1394 3306 terminandamsideopue
1514 3293 1515 3296 Ἴ

252 3322 281 3387 si
291 3323 471 3414 Episcopus
484 3323 536 3389 vel
545 3323 614 3389 alia
623 3342 853 3412 personaque
868 3319 987 3401 nonsit
999 3319 1038 3387 de
1048 3320 1277 3410 jurisdictione
1290 3323 1392 3402 illius,
1514 3387 1515 3422 ,

254 3429 288 3496 in
304 3453 402 3497 cansa
417 3451 518 3520 quam
539 3430 569 3496 ei
590 3428 787 3518 delepamus,
805 3427 929 3496 rebellis
945 3439 1004 3494 aut
1019 3440 1197 3496 contumace
1208 3431 1322 3520 (sterit,
1341 3454 1396 3498 se·
1514 3433 1515 3500 l

253 3537 394 3606 curidum
409 3537 604 3628 qualitatem
619 3536 703 3626 sacti
713 3534 835 3625 poterit
850 3534 903 3602 ael
916 3533 1092 3615 interdicti,
1111 3535 1163 3602 vel
1178 3538 1397 3627 suspensionis
1514 3595 1515 3630 ,

252 3644 411 3712 sententia
424 3667 444 3710 a
453 3642 568 3734 judice
584 3642 730 3731 delepato
746 3641 896 3732 compelli
909 3667 919 3706 :
934 3639 982 3708 ita
998 3639 1086 3731 quod
1094 3641 1202 3731 judea
1218 3644 1397 3712 secandum

253 3752 374 3843 nepotii
381 3751 577 3843 qualitatem
592 3761 769 3839 temperate
778 3747 967 3839 procedens,
978 3747 1140 3840 Episcopo
1153 3751 1205 3818 vel
1214 3751 1397 3840 inpressum

253 3860 415 3942 Ecclesia,
433 3860 484 3926 vel
501 3856 700 3926 sacerdotale
715 3854 860 3946 officium
875 3855 1063 3939 interdicat,
1078 3870 1137 3925 aut
1154 3857 1255 3925 etiam
1272 3871 1398 3927 terram
1514 3877 1515 3934 t

254 3967 354 4048 illius,
373 3989 445 4058 quea
466 3965 513 4033 ad
524 3963 791 4055 jurisdictionem
806 3985 901 4056 suam
917 3967 1075 4056 pertinet,
1093 3965 1276 4058 specialiter
1289 3969 1398 4035 inter—
1514 4001 1515 4066 3

253 4075 338 4144 dicto
354 4088 530 4165 supponat.
547 4073 668 4164 (Capite
681 4073 771 4139 Sane
788 4072 936 4157 ll,titnli
950 4077 1005 4160 29,
1020 4074 1098 4142 libri
1117 4078 1130 4141 l
1151 4075 1394 4166 Decretaliuru.)

254 4183 346 4252 Circa
362 4181 446 4250 hanc
458 4179 649 4249 decretalem
664 4177 830 4269 disputant
845 4179 1035 4270 canonista,
1046 4204 1088 4250 an
1104 4190 1211 4273 posset
1225 4183 1323 4273 Papae
1339 4183 1400 4252 de·
1514 4203 1515 4250 t
