<?xml version="1.0" encoding="UTF-8"?>
<!DOCTYPE html PUBLIC "-//W3C//DTD XHTML 1.0 Transitional//EN"
    "http://www.w3.org/TR/xhtml1/DTD/xhtml1-transitional.dtd">
<html xmlns="http://www.w3.org/1999/xhtml" xml:lang="en" lang="en">
 <head>
  <title>
</title>
<meta http-equiv="Content-Type" content="text/html;charset=utf-8" />
  <meta name='ocr-system' content='tesseract 3.04.00' />
  <meta name='ocr-capabilities' content='ocr_page ocr_carea ocr_par ocr_line ocrx_word'/>
</head>
<body>
  <div class='ocr_page' id='page_1' title='image "./tractatusdejudi01goog_0219.png"; bbox 0 0 3056 4972; ppageno 0'>
   <div class='ocr_carea' id='block_1_1' title="bbox 275 472 1038 535">
    <p class='ocr_par' dir='ltr' id='par_1_1' title="bbox 275 472 1038 535">
     <span class='ocr_line' id='line_1_1' title="bbox 275 472 1038 535; baseline -0.003 0"><span class='ocrx_word' id='word_1_1' title='bbox 275 472 336 535; x_wconf 77' lang='lat'><strong>208</strong></span> <span class='ocrx_word' id='word_1_2' title='bbox 645 489 821 534; x_wconf 74' lang='lat' dir='ltr'><strong>aeternius</strong></span> <span class='ocrx_word' id='word_1_3' title='bbox 844 487 882 534; x_wconf 84' lang='lat' dir='ltr'><strong>ns</strong></span> <span class='ocrx_word' id='word_1_4' title='bbox 904 487 1038 534; x_wconf 76' lang='lat' dir='ltr'><strong>eunicus.</strong></span> 
     </span>
    </p>
   </div>
   <div class='ocr_carea' id='block_1_2' title="bbox 271 608 1527 4345">
    <p class='ocr_par' dir='ltr' id='par_1_2' title="bbox 271 608 1425 1342">
     <span class='ocr_line' id='line_1_2' title="bbox 277 608 1420 702; baseline -0.001 -25"><span class='ocrx_word' id='word_1_5' title='bbox 277 639 294 678; x_wconf 83' lang='grc' dir='ltr'><strong>ιι</strong></span> <span class='ocrx_word' id='word_1_6' title='bbox 318 611 452 680; x_wconf 89' lang='lat' dir='ltr'><strong>cationis</strong></span> <span class='ocrx_word' id='word_1_7' title='bbox 466 619 498 679; x_wconf 90' lang='lat' dir='ltr'><strong>et</strong></span> <span class='ocrx_word' id='word_1_8' title='bbox 512 611 761 702; x_wconf 81' lang='lat' dir='ltr'><strong>procurationis.</strong></span> <span class='ocrx_word' id='word_1_9' title='bbox 779 639 795 676; x_wconf 77' lang='lat' dir='ltr'><strong>s</strong></span> <span class='ocrx_word' id='word_1_10' title='bbox 816 612 863 702; x_wconf 88' lang='lat' dir='ltr'><strong>(ln</strong></span> <span class='ocrx_word' id='word_1_11' title='bbox 883 612 933 679; x_wconf 90' lang='lat' dir='ltr'><strong>tit.</strong></span> <span class='ocrx_word' id='word_1_12' title='bbox 960 613 1015 698; x_wconf 83' lang='lat'><strong>37,</strong></span> <span class='ocrx_word' id='word_1_13' title='bbox 1031 609 1107 678; x_wconf 83' lang='lat' dir='ltr'>libri</span> <span class='ocrx_word' id='word_1_14' title='bbox 1124 611 1138 677; x_wconf 92' lang='lat'>1</span> <span class='ocrx_word' id='word_1_15' title='bbox 1157 608 1298 697; x_wconf 79' lang='lat' dir='ltr'><strong>Decret,</strong></span> <span class='ocrx_word' id='word_1_16' title='bbox 1316 632 1349 677; x_wconf 91' lang='lat' dir='ltr'><strong>n.</strong></span> <span class='ocrx_word' id='word_1_17' title='bbox 1370 609 1420 700; x_wconf 87' lang='lat'><strong>8.)</strong></span> 
     </span>
     <span class='ocr_line' id='line_1_3' title="bbox 271 715 1423 803; baseline -0.003 -16"><span class='ocrx_word' id='word_1_18' title='bbox 271 719 313 787; x_wconf 86' lang='lat' dir='ltr'><strong>Et</strong></span> <span class='ocrx_word' id='word_1_19' title='bbox 327 719 371 786; x_wconf 90' lang='lat' dir='ltr'><strong>its</strong></span> <span class='ocrx_word' id='word_1_20' title='bbox 386 725 544 788; x_wconf 74' lang='lat' dir='ltr'><strong>testantur</strong></span> <span class='ocrx_word' id='word_1_21' title='bbox 557 741 623 788; x_wconf 93' lang='lat' dir='ltr'><strong>nou</strong></span> <span class='ocrx_word' id='word_1_22' title='bbox 650 726 778 788; x_wconf 89' lang='lat' dir='ltr'><strong>tautum</strong></span> <span class='ocrx_word' id='word_1_23' title='bbox 797 718 986 803; x_wconf 76' lang='lat' dir='ltr'><strong>canonistm,</strong></span> <span class='ocrx_word' id='word_1_24' title='bbox 1004 715 1060 785; x_wconf 89' lang='lat' dir='ltr'><strong>sed</strong></span> <span class='ocrx_word' id='word_1_25' title='bbox 1084 725 1116 785; x_wconf 89' lang='lat' dir='ltr'><strong>et</strong></span> <span class='ocrx_word' id='word_1_26' title='bbox 1140 715 1298 784; x_wconf 86' lang='lat' dir='ltr'><strong>hodierne</strong></span> <span class='ocrx_word' id='word_1_27' title='bbox 1317 715 1423 784; x_wconf 89' lang='lat' dir='ltr'><strong>etiam</strong></span> 
     </span>
     <span class='ocr_line' id='line_1_4' title="bbox 273 823 1425 918; baseline -0.002 -24"><span class='ocrx_word' id='word_1_28' title='bbox 273 827 397 917; x_wconf 82' lang='lat' dir='ltr'><strong>praxis,</strong></span> <span class='ocrx_word' id='word_1_29' title='bbox 412 849 511 918; x_wconf 89' lang='lat' dir='ltr'><strong>quem</strong></span> <span class='ocrx_word' id='word_1_30' title='bbox 532 826 592 894; x_wconf 88' lang='lat' dir='ltr'><strong>sub</strong></span> <span class='ocrx_word' id='word_1_31' title='bbox 607 826 711 895; x_wconf 90' lang='lat' dir='ltr'><strong>oculis</strong></span> <span class='ocrx_word' id='word_1_32' title='bbox 726 825 895 894; x_wconf 87' lang='lat' dir='ltr'><strong>babemus.</strong></span> <span class='ocrx_word' id='word_1_33' title='bbox 912 825 1028 894; x_wconf 84' lang='lat' dir='ltr'><strong>Clerici</strong></span> <span class='ocrx_word' id='word_1_34' title='bbox 1043 847 1174 917; x_wconf 89' lang='lat' dir='ltr'><strong>nempe,</strong></span> <span class='ocrx_word' id='word_1_35' title='bbox 1190 823 1287 893; x_wconf 90' lang='lat' dir='ltr'><strong>etiam</strong></span> <span class='ocrx_word' id='word_1_36' title='bbox 1310 847 1425 894; x_wconf 86' lang='lat' dir='ltr'><strong>sacer·</strong></span> 
     </span>
     <span class='ocr_line' id='line_1_5' title="bbox 273 930 1425 1025; baseline -0.001 -24"><span class='ocrx_word' id='word_1_37' title='bbox 273 933 374 1020; x_wconf 87' lang='lat' dir='ltr'><strong>dotes,</strong></span> <span class='ocrx_word' id='word_1_38' title='bbox 389 932 532 1002; x_wconf 86' lang='lat' dir='ltr'><strong>lauream</strong></span> <span class='ocrx_word' id='word_1_39' title='bbox 545 933 580 1000; x_wconf 93' lang='lat' dir='ltr'><strong>in</strong></span> <span class='ocrx_word' id='word_1_40' title='bbox 595 943 731 1025; x_wconf 88' lang='lat' dir='ltr'><strong>utroque</strong></span> <span class='ocrx_word' id='word_1_41' title='bbox 744 933 819 1024; x_wconf 89' lang='lat' dir='ltr'><strong>jure</strong></span> <span class='ocrx_word' id='word_1_42' title='bbox 833 932 954 1025; x_wconf 81' lang='lat' dir='ltr'><strong>adepti,</strong></span> <span class='ocrx_word' id='word_1_43' title='bbox 968 939 1000 1000; x_wconf 90' lang='lat' dir='ltr'><strong>et</strong></span> <span class='ocrx_word' id='word_1_44' title='bbox 1013 931 1151 1023; x_wconf 85' lang='lat' dir='ltr'><strong>expletis</strong></span> <span class='ocrx_word' id='word_1_45' title='bbox 1165 930 1333 1000; x_wconf 81' lang='lat' dir='ltr'><strong>nonnullis</strong></span> <span class='ocrx_word' id='word_1_46' title='bbox 1345 931 1425 1000; x_wconf 81' lang='lat' dir='ltr'><strong>aliie</strong></span> 
     </span>
     <span class='ocr_line' id='line_1_6' title="bbox 272 1037 1423 1132; baseline -0.001 -24"><span class='ocrx_word' id='word_1_47' title='bbox 272 1039 523 1128; x_wconf 87' lang='lat' dir='ltr'><strong>conditionibus,</strong></span> <span class='ocrx_word' id='word_1_48' title='bbox 539 1049 674 1132; x_wconf 89' lang='lat' dir='ltr'><strong>possunt</strong></span> <span class='ocrx_word' id='word_1_49' title='bbox 689 1040 804 1110; x_wconf 75' lang='lat' dir='ltr'><strong>Rome</strong></span> <span class='ocrx_word' id='word_1_50' title='bbox 819 1041 854 1108; x_wconf 93' lang='lat' dir='ltr'><strong>in</strong></span> <span class='ocrx_word' id='word_1_51' title='bbox 870 1039 944 1108; x_wconf 84' lang='lat' dir='ltr'><strong>elbo</strong></span> <span class='ocrx_word' id='word_1_52' title='bbox 959 1038 1191 1108; x_wconf 84' lang='lat' dir='ltr'><strong>advocatorum</strong></span> <span class='ocrx_word' id='word_1_53' title='bbox 1208 1037 1423 1132; x_wconf 90' lang='lat' dir='ltr'><strong>publicorum</strong></span> 
     </span>
     <span class='ocr_line' id='line_1_7' title="bbox 273 1144 1424 1238; baseline 0 -24"><span class='ocrx_word' id='word_1_54' title='bbox 273 1146 418 1233; x_wconf 80' lang='lat' dir='ltr'><strong>inscribi,</strong></span> <span class='ocrx_word' id='word_1_55' title='bbox 435 1154 466 1216; x_wconf 90' lang='lat' dir='ltr'><strong>ct</strong></span> <span class='ocrx_word' id='word_1_56' title='bbox 480 1145 680 1216; x_wconf 79' lang='lat' dir='ltr'><strong>advocatiam</strong></span> <span class='ocrx_word' id='word_1_57' title='bbox 697 1147 732 1216; x_wconf 92' lang='lat' dir='ltr'><strong>in</strong></span> <span class='ocrx_word' id='word_1_58' title='bbox 747 1147 853 1218; x_wconf 84' lang='lat' dir='ltr'><strong>causis</strong></span> <span class='ocrx_word' id='word_1_59' title='bbox 868 1145 966 1218; x_wconf 88' lang='lat' dir='ltr'><strong>etism</strong></span> <span class='ocrx_word' id='word_1_60' title='bbox 987 1145 1214 1234; x_wconf 76' lang='lat' dir='ltr'><strong>saecularibus,</strong></span> <span class='ocrx_word' id='word_1_61' title='bbox 1231 1144 1366 1238; x_wconf 86' lang='lat' dir='ltr'><strong>perinde</strong></span> <span class='ocrx_word' id='word_1_62' title='bbox 1384 1168 1424 1214; x_wconf 89' lang='lat' dir='ltr'><strong>sc</strong></span> 
     </span>
     <span class='ocr_line' id='line_1_8' title="bbox 274 1253 707 1342; baseline 0 -20"><span class='ocrx_word' id='word_1_63' title='bbox 274 1254 303 1322; x_wconf 91' lang='lat' dir='ltr'><strong>si</strong></span> <span class='ocrx_word' id='word_1_64' title='bbox 318 1262 424 1322; x_wconf 84' lang='lat' dir='ltr'><strong>essent</strong></span> <span class='ocrx_word' id='word_1_65' title='bbox 439 1253 526 1342; x_wconf 91' lang='lat' dir='ltr'><strong>laici,</strong></span> <span class='ocrx_word' id='word_1_66' title='bbox 544 1276 707 1324; x_wconf 84' lang='lat' dir='ltr'><strong>exercere.</strong></span> 
     </span>
    </p>

    <p class='ocr_par' dir='ltr' id='par_1_3' title="bbox 276 1358 1527 4345">
     <span class='ocr_line' id='line_1_9' title="bbox 321 1358 1427 1455; baseline -0.001 -26"><span class='ocrx_word' id='word_1_67' title='bbox 321 1365 354 1429; x_wconf 83' lang='grc' dir='ltr'><strong>2ο</strong></span> <span class='ocrx_word' id='word_1_68' title='bbox 368 1362 415 1430; x_wconf 90' lang='lat' dir='ltr'><strong>De</strong></span> <span class='ocrx_word' id='word_1_69' title='bbox 431 1360 492 1430; x_wconf 90' lang='lat' dir='ltr'><strong>bec</strong></span> <span class='ocrx_word' id='word_1_70' title='bbox 507 1384 585 1430; x_wconf 89' lang='lat' dir='ltr'><strong>vero</strong></span> <span class='ocrx_word' id='word_1_71' title='bbox 604 1361 762 1431; x_wconf 78' lang='lat' dir='ltr'><strong>Romanae</strong></span> <span class='ocrx_word' id='word_1_72' title='bbox 783 1362 893 1431; x_wconf 80' lang='lat' dir='ltr'><strong>Guriae</strong></span> <span class='ocrx_word' id='word_1_73' title='bbox 915 1362 1010 1455; x_wconf 83' lang='lat' dir='ltr'><strong>praxi</strong></span> <span class='ocrx_word' id='word_1_74' title='bbox 1025 1360 1071 1430; x_wconf 88' lang='lat' dir='ltr'><strong>sic</strong></span> <span class='ocrx_word' id='word_1_75' title='bbox 1086 1359 1219 1430; x_wconf 88' lang='lat' dir='ltr'><strong>adnotat</strong></span> <span class='ocrx_word' id='word_1_76' title='bbox 1237 1358 1427 1432; x_wconf 80' lang='lat' dir='ltr'><strong>Cardinalis</strong></span> 
     </span>
     <span class='ocr_line' id='line_1_10' title="bbox 276 1466 1426 1560; baseline -0.002 -22"><span class='ocrx_word' id='word_1_77' title='bbox 276 1469 316 1538; x_wconf 89' lang='lat' dir='ltr'><strong>de</strong></span> <span class='ocrx_word' id='word_1_78' title='bbox 336 1469 425 1539; x_wconf 87' lang='lat' dir='ltr'><strong>Luca</strong></span> <span class='ocrx_word' id='word_1_79' title='bbox 440 1467 492 1560; x_wconf 83' lang='lat' dir='ltr'><strong>(de</strong></span> <span class='ocrx_word' id='word_1_80' title='bbox 506 1467 611 1538; x_wconf 75' lang='lat' dir='ltr'><strong>uetat.</strong></span> <span class='ocrx_word' id='word_1_81' title='bbox 632 1467 742 1538; x_wconf 68' lang='lat' dir='ltr'><strong>Curis</strong></span> <span class='ocrx_word' id='word_1_82' title='bbox 758 1472 868 1551; x_wconf 71' lang='lat' dir='ltr'><strong>Rom„</strong></span> <span class='ocrx_word' id='word_1_83' title='bbox 884 1468 1035 1538; x_wconf 83' lang='lat' dir='ltr'><strong>discursu</strong></span> <span class='ocrx_word' id='word_1_84' title='bbox 1051 1471 1106 1556; x_wconf 84' lang='lat' dir='ltr'><strong>m,</strong></span> <span class='ocrx_word' id='word_1_85' title='bbox 1122 1491 1156 1536; x_wconf 90' lang='lat' dir='ltr'><strong>n.</strong></span> <span class='ocrx_word' id='word_1_86' title='bbox 1176 1469 1227 1558; x_wconf 86' lang='lat'><strong>17)</strong></span> <span class='ocrx_word' id='word_1_87' title='bbox 1249 1495 1256 1535; x_wconf 91' lang='lat'>:</span> <span class='ocrx_word' id='word_1_88' title='bbox 1274 1466 1426 1538; x_wconf 71' lang='lat' dir='ltr'><strong>«Advo-</strong></span> 
     </span>
     <span class='ocr_line' id='line_1_11' title="bbox 280 1574 1426 1668; baseline -0.001 -25"><span class='ocrx_word' id='word_1_89' title='bbox 280 1603 297 1643; x_wconf 85' lang='lat' dir='ltr'><strong>u</strong></span> <span class='ocrx_word' id='word_1_90' title='bbox 320 1576 382 1644; x_wconf 85' lang='lat' dir='ltr'><strong>ceti</strong></span> <span class='ocrx_word' id='word_1_91' title='bbox 402 1577 522 1668; x_wconf 74' lang='lat' dir='ltr'><strong>itaque,</strong></span> <span class='ocrx_word' id='word_1_92' title='bbox 535 1575 632 1667; x_wconf 82' lang='lat' dir='ltr'><strong>juxte</strong></span> <span class='ocrx_word' id='word_1_93' title='bbox 643 1576 802 1646; x_wconf 79' lang='lat' dir='ltr'><strong>Romanae</strong></span> <span class='ocrx_word' id='word_1_94' title='bbox 813 1575 923 1646; x_wconf 82' lang='lat' dir='ltr'><strong>Curioe</strong></span> <span class='ocrx_word' id='word_1_95' title='bbox 944 1575 1066 1666; x_wconf 86' lang='lat' dir='ltr'><strong>stylum</strong></span> <span class='ocrx_word' id='word_1_96' title='bbox 1082 1585 1159 1643; x_wconf 92' lang='lat' dir='ltr'><strong>suut</strong></span> <span class='ocrx_word' id='word_1_97' title='bbox 1174 1574 1234 1662; x_wconf 91' lang='lat' dir='ltr'><strong>illi,</strong></span> <span class='ocrx_word' id='word_1_98' title='bbox 1249 1574 1426 1666; x_wconf 86' lang='lat' dir='ltr'><strong>utriusque</strong></span> 
     </span>
     <span class='ocr_line' id='line_1_12' title="bbox 280 1681 1428 1775; baseline 0.001 -26"><span class='ocrx_word' id='word_1_99' title='bbox 280 1711 297 1748; x_wconf 89' lang='grc' dir='ltr'><strong>ιι</strong></span> <span class='ocrx_word' id='word_1_100' title='bbox 317 1683 400 1775; x_wconf 91' lang='lat' dir='ltr'><strong>juris</strong></span> <span class='ocrx_word' id='word_1_101' title='bbox 412 1683 609 1770; x_wconf 89' lang='lat' dir='ltr'><strong>communis,</strong></span> <span class='ocrx_word' id='word_1_102' title='bbox 620 1682 726 1751; x_wconf 90' lang='lat' dir='ltr'><strong>civilis</strong></span> <span class='ocrx_word' id='word_1_103' title='bbox 736 1693 768 1750; x_wconf 86' lang='lat' dir='ltr'><strong>et</strong></span> <span class='ocrx_word' id='word_1_104' title='bbox 779 1682 929 1752; x_wconf 91' lang='lat' dir='ltr'><strong>canonici</strong></span> <span class='ocrx_word' id='word_1_105' title='bbox 941 1683 1014 1773; x_wconf 79' lang='lat' dir='ltr'><strong>(sub</strong></span> <span class='ocrx_word' id='word_1_106' title='bbox 1026 1705 1092 1774; x_wconf 89' lang='lat' dir='ltr'><strong>quo</strong></span> <span class='ocrx_word' id='word_1_107' title='bbox 1102 1681 1264 1774; x_wconf 86' lang='lat' dir='ltr'><strong>reliquum</strong></span> <span class='ocrx_word' id='word_1_108' title='bbox 1275 1681 1331 1773; x_wconf 85' lang='lat' dir='ltr'><strong>jus</strong></span> <span class='ocrx_word' id='word_1_109' title='bbox 1342 1703 1428 1773; x_wconf 85' lang='lat' dir='ltr'><strong>per-</strong></span> 
     </span>
     <span class='ocr_line' id='line_1_13' title="bbox 280 1789 1424 1884; baseline -0.001 -26"><span class='ocrx_word' id='word_1_110' title='bbox 280 1818 298 1858; x_wconf 90' lang='grc' dir='ltr'><strong>ιι</strong></span> <span class='ocrx_word' id='word_1_111' title='bbox 320 1791 454 1862; x_wconf 88' lang='lat' dir='ltr'><strong>ticulsre</strong></span> <span class='ocrx_word' id='word_1_112' title='bbox 469 1791 569 1880; x_wconf 87' lang='lat' dir='ltr'><strong>venit)</strong></span> <span class='ocrx_word' id='word_1_113' title='bbox 579 1791 789 1883; x_wconf 87' lang='lat' dir='ltr'><strong>professores,</strong></span> <span class='ocrx_word' id='word_1_114' title='bbox 800 1791 857 1884; x_wconf 89' lang='lat' dir='ltr'><strong>qui</strong></span> <span class='ocrx_word' id='word_1_115' title='bbox 875 1801 939 1859; x_wconf 85' lang='lat' dir='ltr'><strong>tem</strong></span> <span class='ocrx_word' id='word_1_116' title='bbox 955 1791 989 1858; x_wconf 93' lang='lat' dir='ltr'><strong>in</strong></span> <span class='ocrx_word' id='word_1_117' title='bbox 1003 1789 1130 1883; x_wconf 88' lang='lat' dir='ltr'><strong>scriptis</strong></span> <span class='ocrx_word' id='word_1_118' title='bbox 1143 1813 1241 1883; x_wconf 86' lang='lat' dir='ltr'><strong>quem</strong></span> <span class='ocrx_word' id='word_1_119' title='bbox 1254 1797 1424 1877; x_wconf 80' lang='lat' dir='ltr'><strong>oretenus,</strong></span> 
     </span>
     <span class='ocr_line' id='line_1_14' title="bbox 280 1896 1425 1990; baseline 0 -26"><span class='ocrx_word' id='word_1_120' title='bbox 280 1927 297 1964; x_wconf 90' lang='grc' dir='ltr'><strong>ιι</strong></span> <span class='ocrx_word' id='word_1_121' title='bbox 320 1921 432 1968; x_wconf 84' lang='lat' dir='ltr'><strong>causes</strong></span> <span class='ocrx_word' id='word_1_122' title='bbox 444 1899 478 1966; x_wconf 95' lang='lat' dir='ltr'><strong>in</strong></span> <span class='ocrx_word' id='word_1_123' title='bbox 490 1906 610 1990; x_wconf 85' lang='lat' dir='ltr'><strong>puncto</strong></span> <span class='ocrx_word' id='word_1_124' title='bbox 622 1897 710 1990; x_wconf 87' lang='lat' dir='ltr'><strong>juris</strong></span> <span class='ocrx_word' id='word_1_125' title='bbox 722 1905 848 1966; x_wconf 88' lang='lat' dir='ltr'><strong>tantum</strong></span> <span class='ocrx_word' id='word_1_126' title='bbox 861 1906 1011 1984; x_wconf 81' lang='lat' dir='ltr'><strong>tuentur3</strong></span> <span class='ocrx_word' id='word_1_127' title='bbox 1025 1897 1192 1988; x_wconf 87' lang='lat' dir='ltr'><strong>judicibus</strong></span> <span class='ocrx_word' id='word_1_128' title='bbox 1203 1896 1425 1984; x_wconf 75' lang='lat' dir='ltr'><strong>insinuantes,</strong></span> 
     </span>
     <span class='ocr_line' id='line_1_15' title="bbox 281 2003 1429 2098; baseline 0 -26"><span class='ocrx_word' id='word_1_129' title='bbox 281 2033 298 2072; x_wconf 86' lang='grc' dir='ltr'><strong>ιι</strong></span> <span class='ocrx_word' id='word_1_130' title='bbox 321 2005 456 2098; x_wconf 91' lang='lat' dir='ltr'><strong>quidde</strong></span> <span class='ocrx_word' id='word_1_131' title='bbox 477 2005 551 2096; x_wconf 86' lang='lat' dir='ltr'><strong>jure</strong></span> <span class='ocrx_word' id='word_1_132' title='bbox 569 2004 679 2074; x_wconf 89' lang='lat' dir='ltr'><strong>verius</strong></span> <span class='ocrx_word' id='word_1_133' title='bbox 704 2013 862 2074; x_wconf 78' lang='lat' dir='ltr'><strong>statutum</strong></span> <span class='ocrx_word' id='word_1_134' title='bbox 876 2005 917 2073; x_wconf 90' lang='lat' dir='ltr'><strong>sit</strong></span> <span class='ocrx_word' id='word_1_135' title='bbox 930 2034 937 2084; x_wconf 91' lang='lat'><strong>;</strong></span> <span class='ocrx_word' id='word_1_136' title='bbox 952 2006 1020 2074; x_wconf 86' lang='lat' dir='ltr'><strong>sive</strong></span> <span class='ocrx_word' id='word_1_137' title='bbox 1043 2026 1085 2072; x_wconf 85' lang='lat' dir='ltr'><strong>su</strong></span> <span class='ocrx_word' id='word_1_138' title='bbox 1103 2003 1188 2096; x_wconf 88' lang='lat' dir='ltr'><strong>juris</strong></span> <span class='ocrx_word' id='word_1_139' title='bbox 1204 2003 1273 2096; x_wconf 82' lang='lat' dir='ltr'><strong>jem</strong></span> <span class='ocrx_word' id='word_1_140' title='bbox 1290 2013 1376 2072; x_wconf 79' lang='lat' dir='ltr'><strong>notas</strong></span> <span class='ocrx_word' id='word_1_141' title='bbox 1390 2015 1429 2072; x_wconf 86' lang='lat' dir='ltr'><strong>et</strong></span> 
     </span>
     <span class='ocr_line' id='line_1_16' title="bbox 281 2111 1428 2204; baseline -0.001 -25"><span class='ocrx_word' id='word_1_142' title='bbox 281 2121 457 2203; x_wconf 78' lang='lat' dir='ltr'><strong>«receptae</strong></span> <span class='ocrx_word' id='word_1_143' title='bbox 485 2112 722 2204; x_wconf 90' lang='lat' dir='ltr'><strong>propositiones</strong></span> <span class='ocrx_word' id='word_1_144' title='bbox 751 2111 799 2180; x_wconf 91' lang='lat' dir='ltr'><strong>illi</strong></span> <span class='ocrx_word' id='word_1_145' title='bbox 828 2111 916 2180; x_wconf 88' lang='lat' dir='ltr'><strong>casui</strong></span> <span class='ocrx_word' id='word_1_146' title='bbox 937 2112 1020 2180; x_wconf 89' lang='lat' dir='ltr'><strong>bene</strong></span> <span class='ocrx_word' id='word_1_147' title='bbox 1046 2111 1261 2204; x_wconf 79' lang='lat' dir='ltr'><strong>applicentur,</strong></span> <span class='ocrx_word' id='word_1_148' title='bbox 1286 2119 1318 2178; x_wconf 85' lang='lat' dir='ltr'><strong>et</strong></span> <span class='ocrx_word' id='word_1_149' title='bbox 1339 2133 1428 2179; x_wconf 88' lang='lat' dir='ltr'><strong>con-</strong></span> 
     </span>
     <span class='ocr_line' id='line_1_17' title="bbox 280 2217 1427 2310; baseline 0 -25"><span class='ocrx_word' id='word_1_150' title='bbox 280 2247 297 2285; x_wconf 90' lang='grc' dir='ltr'>ι</span> <span class='ocrx_word' id='word_1_151' title='bbox 320 2226 452 2309; x_wconf 83' lang='lat' dir='ltr'><strong>gruunt,</strong></span> <span class='ocrx_word' id='word_1_152' title='bbox 469 2227 501 2287; x_wconf 89' lang='lat' dir='ltr'><strong>et</strong></span> <span class='ocrx_word' id='word_1_153' title='bbox 518 2217 693 2310; x_wconf 90' lang='lat' dir='ltr'><strong>quomodo.</strong></span> <span class='ocrx_word' id='word_1_154' title='bbox 713 2219 762 2288; x_wconf 88' lang='lat' dir='ltr'><strong>lte</strong></span> <span class='ocrx_word' id='word_1_155' title='bbox 776 2217 860 2288; x_wconf 84' lang='lat' dir='ltr'><strong>soles</strong></span> <span class='ocrx_word' id='word_1_156' title='bbox 886 2219 1009 2288; x_wconf 89' lang='lat' dir='ltr'><strong>nobiles</strong></span> <span class='ocrx_word' id='word_1_157' title='bbox 1029 2241 1066 2287; x_wconf 91' lang='lat' dir='ltr'><strong>ac</strong></span> <span class='ocrx_word' id='word_1_158' title='bbox 1086 2218 1277 2287; x_wconf 82' lang='lat' dir='ltr'><strong>scientificae</strong></span> <span class='ocrx_word' id='word_1_159' title='bbox 1295 2217 1427 2307; x_wconf 80' lang='lat' dir='ltr'><strong>ingenii</strong></span> 
     </span>
     <span class='ocr_line' id='line_1_18' title="bbox 281 2323 1421 2418; baseline -0.002 -26"><span class='ocrx_word' id='word_1_160' title='bbox 281 2353 297 2392; x_wconf 87' lang='grc' dir='ltr'>ι</span> <span class='ocrx_word' id='word_1_161' title='bbox 321 2333 428 2418; x_wconf 88' lang='lat' dir='ltr'><strong>partes</strong></span> <span class='ocrx_word' id='word_1_162' title='bbox 451 2324 691 2416; x_wconf 83' lang='lat' dir='ltr'><strong>explicando...</strong></span> <span class='ocrx_word' id='word_1_163' title='bbox 698 2377 708 2414; x_wconf 92' lang='lat'><strong>,</strong></span> <span class='ocrx_word' id='word_1_164' title='bbox 724 2348 895 2418; x_wconf 87' lang='lat' dir='ltr'><strong>processus</strong></span> <span class='ocrx_word' id='word_1_165' title='bbox 921 2333 953 2394; x_wconf 91' lang='lat' dir='ltr'><strong>et</strong></span> <span class='ocrx_word' id='word_1_166' title='bbox 976 2333 1045 2394; x_wconf 88' lang='lat' dir='ltr'><strong>acta</strong></span> <span class='ocrx_word' id='word_1_167' title='bbox 1061 2323 1245 2394; x_wconf 85' lang='lat' dir='ltr'><strong>nulletenus</strong></span> <span class='ocrx_word' id='word_1_168' title='bbox 1263 2323 1421 2396; x_wconf 88' lang='lat' dir='ltr'><strong>vident...</strong></span> 
     </span>
     <span class='ocr_line' id='line_1_19' title="bbox 282 2430 1422 2524; baseline -0.001 -25"><span class='ocrx_word' id='word_1_169' title='bbox 282 2460 299 2499; x_wconf 88' lang='grc' dir='ltr'>ι</span> <span class='ocrx_word' id='word_1_170' title='bbox 321 2433 494 2524; x_wconf 87' lang='lat' dir='ltr'><strong>Minusque</strong></span> <span class='ocrx_word' id='word_1_171' title='bbox 508 2431 543 2498; x_wconf 92' lang='lat' dir='ltr'><strong>in</strong></span> <span class='ocrx_word' id='word_1_172' title='bbox 558 2439 704 2501; x_wconf 89' lang='lat' dir='ltr'><strong>actorum</strong></span> <span class='ocrx_word' id='word_1_173' title='bbox 724 2431 930 2523; x_wconf 89' lang='lat' dir='ltr'><strong>judicialium</strong></span> <span class='ocrx_word' id='word_1_174' title='bbox 953 2431 1178 2524; x_wconf 82' lang='lat' dir='ltr'><strong>compilatione</strong></span> <span class='ocrx_word' id='word_1_175' title='bbox 1198 2430 1422 2522; x_wconf 88' lang='lat' dir='ltr'><strong>respiciunt...</strong></span> 
     </span>
     <span class='ocr_line' id='line_1_20' title="bbox 280 2537 1427 2629; baseline -0.002 -22"><span class='ocrx_word' id='word_1_176' title='bbox 280 2568 297 2607; x_wconf 95' lang='grc' dir='ltr'>ι</span> <span class='ocrx_word' id='word_1_177' title='bbox 320 2539 362 2608; x_wconf 88' lang='lat' dir='ltr'><strong>Se</strong></span> <span class='ocrx_word' id='word_1_178' title='bbox 372 2563 439 2608; x_wconf 92' lang='lat' dir='ltr'><strong>non</strong></span> <span class='ocrx_word' id='word_1_179' title='bbox 447 2538 644 2629; x_wconf 86' lang='lat' dir='ltr'><strong>ingeruntin</strong></span> <span class='ocrx_word' id='word_1_180' title='bbox 653 2537 863 2607; x_wconf 84' lang='lat' dir='ltr'><strong>conficiendis</strong></span> <span class='ocrx_word' id='word_1_181' title='bbox 874 2540 1011 2608; x_wconf 90' lang='lat' dir='ltr'><strong>minutis</strong></span> <span class='ocrx_word' id='word_1_182' title='bbox 1023 2537 1427 2624; x_wconf 87' lang='lat' dir='ltr'><strong>instrumentorum,slin·</strong></span> 
     </span>
     <span class='ocr_line' id='line_1_21' title="bbox 281 2645 1427 2739; baseline -0.003 -23"><span class='ocrx_word' id='word_1_183' title='bbox 281 2679 296 2716; x_wconf 89' lang='grc' dir='ltr'><strong>ιι</strong></span> <span class='ocrx_word' id='word_1_184' title='bbox 320 2670 459 2739; x_wconf 91' lang='lat' dir='ltr'><strong>rumque</strong></span> <span class='ocrx_word' id='word_1_185' title='bbox 470 2645 763 2716; x_wconf 85' lang='lat' dir='ltr'><strong>conventionum...</strong></span> <span class='ocrx_word' id='word_1_186' title='bbox 779 2645 972 2717; x_wconf 86' lang='lat' dir='ltr'><strong>Nullstenus</strong></span> <span class='ocrx_word' id='word_1_187' title='bbox 987 2670 1020 2716; x_wconf 93' lang='lat' dir='ltr'><strong>se</strong></span> <span class='ocrx_word' id='word_1_188' title='bbox 1034 2647 1190 2737; x_wconf 88' lang='lat' dir='ltr'><strong>ingerunt</strong></span> <span class='ocrx_word' id='word_1_189' title='bbox 1206 2646 1240 2714; x_wconf 92' lang='lat' dir='ltr'><strong>iu</strong></span> <span class='ocrx_word' id='word_1_190' title='bbox 1253 2645 1326 2713; x_wconf 90' lang='lat' dir='ltr'><strong>aliis</strong></span> <span class='ocrx_word' id='word_1_191' title='bbox 1340 2646 1427 2714; x_wconf 90' lang='lat' dir='ltr'><strong>aeti-</strong></span> 
     </span>
     <span class='ocr_line' id='line_1_22' title="bbox 282 2752 1527 2846; baseline 0 -24"><span class='ocrx_word' id='word_1_192' title='bbox 282 2781 299 2822; x_wconf 91' lang='grc' dir='ltr'>ι</span> <span class='ocrx_word' id='word_1_193' title='bbox 322 2756 383 2824; x_wconf 90' lang='lat' dir='ltr'><strong>bus</strong></span> <span class='ocrx_word' id='word_1_194' title='bbox 399 2754 450 2823; x_wconf 86' lang='lat' dir='ltr'><strong>vel</strong></span> <span class='ocrx_word' id='word_1_195' title='bbox 476 2755 575 2822; x_wconf 85' lang='lat' dir='ltr'><strong>rebus</strong></span> <span class='ocrx_word' id='word_1_196' title='bbox 589 2753 839 2845; x_wconf 85' lang='lat' dir='ltr'><strong>judicialibus...</strong></span> <span class='ocrx_word' id='word_1_197' title='bbox 857 2755 896 2823; x_wconf 91' lang='lat' dir='ltr'><strong>ln</strong></span> <span class='ocrx_word' id='word_1_198' title='bbox 911 2753 1157 2824; x_wconf 83' lang='lat' dir='ltr'><strong>desuetudinem</strong></span> <span class='ocrx_word' id='word_1_199' title='bbox 1173 2775 1304 2846; x_wconf 88' lang='lat' dir='ltr'><strong>quoque</strong></span> <span class='ocrx_word' id='word_1_200' title='bbox 1324 2752 1427 2822; x_wconf 90' lang='lat' dir='ltr'><strong>bodie</strong></span> <span class='ocrx_word' id='word_1_201' title='bbox 1526 2789 1527 2794; x_wconf 17' lang='grc' dir='ltr'>ι</span> 
     </span>
     <span class='ocr_line' id='line_1_23' title="bbox 282 2860 1425 2955; baseline 0.002 -29"><span class='ocrx_word' id='word_1_202' title='bbox 282 2889 298 2926; x_wconf 90' lang='grc' dir='ltr'><strong>ιι</strong></span> <span class='ocrx_word' id='word_1_203' title='bbox 322 2884 403 2954; x_wconf 90' lang='lat' dir='ltr'><strong>pene</strong></span> <span class='ocrx_word' id='word_1_204' title='bbox 418 2860 497 2930; x_wconf 90' lang='lat' dir='ltr'><strong>abiit</strong></span> <span class='ocrx_word' id='word_1_205' title='bbox 511 2861 545 2930; x_wconf 91' lang='lat' dir='ltr'><strong>in</strong></span> <span class='ocrx_word' id='word_1_206' title='bbox 559 2861 724 2930; x_wconf 74' lang='lat' dir='ltr'><strong>advocetis</strong></span> <span class='ocrx_word' id='word_1_207' title='bbox 733 2861 786 2930; x_wconf 89' lang='lat' dir='ltr'><strong>ille</strong></span> <span class='ocrx_word' id='word_1_208' title='bbox 801 2885 894 2951; x_wconf 86' lang='lat' dir='ltr'><strong>usus,</strong></span> <span class='ocrx_word' id='word_1_209' title='bbox 905 2863 963 2954; x_wconf 89' lang='lat' dir='ltr'><strong>qui</strong></span> <span class='ocrx_word' id='word_1_210' title='bbox 976 2861 1158 2955; x_wconf 81' lang='lat' dir='ltr'><strong>antiquitus</strong></span> <span class='ocrx_word' id='word_1_211' title='bbox 1171 2868 1240 2930; x_wconf 84' lang='lat' dir='ltr'><strong>eret</strong></span> <span class='ocrx_word' id='word_1_212' title='bbox 1252 2861 1425 2951; x_wconf 74' lang='lat' dir='ltr'><strong>frequens,</strong></span> 
     </span>
     <span class='ocr_line' id='line_1_24' title="bbox 283 2967 1428 3061; baseline 0.001 -26"><span class='ocrx_word' id='word_1_213' title='bbox 283 2997 300 3035; x_wconf 89' lang='grc' dir='ltr'>ι</span> <span class='ocrx_word' id='word_1_214' title='bbox 323 2989 509 3038; x_wconf 84' lang='lat' dir='ltr'><strong>annuorum</strong></span> <span class='ocrx_word' id='word_1_215' title='bbox 524 2967 645 3036; x_wconf 87' lang='lat' dir='ltr'><strong>scilicet</strong></span> <span class='ocrx_word' id='word_1_216' title='bbox 661 2967 711 3037; x_wconf 88' lang='lat' dir='ltr'><strong>vel</strong></span> <span class='ocrx_word' id='word_1_217' title='bbox 735 2978 977 3039; x_wconf 89' lang='lat' dir='ltr'><strong>menstruorum</strong></span> <span class='ocrx_word' id='word_1_218' title='bbox 1000 2967 1250 3061; x_wconf 89' lang='lat' dir='ltr'><strong>stipendiorum,</strong></span> <span class='ocrx_word' id='word_1_219' title='bbox 1267 2990 1343 3060; x_wconf 77' lang='lat' dir='ltr'><strong>quse</strong></span> <span class='ocrx_word' id='word_1_220' title='bbox 1359 2968 1428 3036; x_wconf 90' lang='lat' dir='ltr'><strong>sub</strong></span> 
     </span>
     <span class='ocr_line' id='line_1_25' title="bbox 284 3073 1428 3167; baseline -0.001 -24"><span class='ocrx_word' id='word_1_221' title='bbox 284 3103 301 3143; x_wconf 86' lang='grc' dir='ltr'><strong>ιι</strong></span> <span class='ocrx_word' id='word_1_222' title='bbox 324 3076 433 3145; x_wconf 81' lang='lat' dir='ltr'><strong>salarii</strong></span> <span class='ocrx_word' id='word_1_223' title='bbox 448 3073 579 3144; x_wconf 87' lang='lat' dir='ltr'><strong>nomine</strong></span> <span class='ocrx_word' id='word_1_224' title='bbox 595 3074 694 3164; x_wconf 88' lang='lat' dir='ltr'><strong>vulgo</strong></span> <span class='ocrx_word' id='word_1_225' title='bbox 713 3074 869 3166; x_wconf 89' lang='lat' dir='ltr'><strong>explicari</strong></span> <span class='ocrx_word' id='word_1_226' title='bbox 885 3075 1029 3145; x_wconf 88' lang='lat' dir='ltr'><strong>solent...</strong></span> <span class='ocrx_word' id='word_1_227' title='bbox 1048 3076 1133 3144; x_wconf 87' lang='lat' dir='ltr'><strong>Hiuc</strong></span> <span class='ocrx_word' id='word_1_228' title='bbox 1156 3074 1291 3167; x_wconf 89' lang='lat' dir='ltr'><strong>proinde</strong></span> <span class='ocrx_word' id='word_1_229' title='bbox 1310 3075 1428 3167; x_wconf 87' lang='lat' dir='ltr'><strong>sequi-</strong></span> 
     </span>
     <span class='ocr_line' id='line_1_26' title="bbox 284 3180 1430 3274; baseline -0.001 -24"><span class='ocrx_word' id='word_1_230' title='bbox 284 3211 301 3250; x_wconf 89' lang='grc' dir='ltr'><strong>ιι</strong></span> <span class='ocrx_word' id='word_1_231' title='bbox 325 3191 390 3272; x_wconf 90' lang='lat' dir='ltr'><strong>tur,</strong></span> <span class='ocrx_word' id='word_1_232' title='bbox 407 3191 444 3252; x_wconf 92' lang='lat' dir='ltr'><strong>ut</strong></span> <span class='ocrx_word' id='word_1_233' title='bbox 458 3183 500 3250; x_wconf 86' lang='lat' dir='ltr'><strong>sit</strong></span> <span class='ocrx_word' id='word_1_234' title='bbox 513 3181 673 3274; x_wconf 88' lang='lat' dir='ltr'><strong>probabili</strong></span> <span class='ocrx_word' id='word_1_235' title='bbox 687 3180 900 3251; x_wconf 78' lang='lat' dir='ltr'><strong>fundamento</strong></span> <span class='ocrx_word' id='word_1_236' title='bbox 921 3182 1037 3252; x_wconf 81' lang='lat' dir='ltr'><strong>innixa</strong></span> <span class='ocrx_word' id='word_1_237' title='bbox 1049 3183 1157 3252; x_wconf 76' lang='lat' dir='ltr'><strong>Curias</strong></span> <span class='ocrx_word' id='word_1_238' title='bbox 1172 3180 1388 3267; x_wconf 84' lang='lat' dir='ltr'><strong>consuetude,</strong></span> <span class='ocrx_word' id='word_1_239' title='bbox 1405 3205 1430 3249; x_wconf 84' lang='lat' dir='ltr'><strong>a</strong></span> 
     </span>
     <span class='ocr_line' id='line_1_27' title="bbox 284 3288 1427 3382; baseline -0.001 -26"><span class='ocrx_word' id='word_1_240' title='bbox 284 3319 301 3356; x_wconf 88' lang='grc' dir='ltr'><strong>ιι</strong></span> <span class='ocrx_word' id='word_1_241' title='bbox 324 3290 536 3382; x_wconf 86' lang='lat' dir='ltr'><strong>scriptoribus</strong></span> <span class='ocrx_word' id='word_1_242' title='bbox 551 3289 768 3358; x_wconf 88' lang='lat' dir='ltr'><strong>communiter</strong></span> <span class='ocrx_word' id='word_1_243' title='bbox 782 3289 929 3380; x_wconf 86' lang='lat' dir='ltr'><strong>probate,</strong></span> <span class='ocrx_word' id='word_1_244' title='bbox 946 3299 983 3358; x_wconf 93' lang='lat' dir='ltr'><strong>ut</strong></span> <span class='ocrx_word' id='word_1_245' title='bbox 1001 3288 1110 3358; x_wconf 86' lang='lat' dir='ltr'><strong>cleriei</strong></span> <span class='ocrx_word' id='word_1_246' title='bbox 1130 3290 1227 3358; x_wconf 85' lang='lat' dir='ltr'><strong>etiem</strong></span> <span class='ocrx_word' id='word_1_247' title='bbox 1250 3289 1285 3355; x_wconf 95' lang='lat' dir='ltr'><strong>iu</strong></span> <span class='ocrx_word' id='word_1_248' title='bbox 1308 3289 1427 3377; x_wconf 83' lang='lat' dir='ltr'><strong>sacris,</strong></span> 
     </span>
     <span class='ocr_line' id='line_1_28' title="bbox 284 3397 1428 3490; baseline 0.001 -25"><span class='ocrx_word' id='word_1_249' title='bbox 284 3427 301 3465; x_wconf 87' lang='grc' dir='ltr'><strong>ιι</strong></span> <span class='ocrx_word' id='word_1_250' title='bbox 323 3399 409 3468; x_wconf 87' lang='lat' dir='ltr'><strong>istud</strong></span> <span class='ocrx_word' id='word_1_251' title='bbox 427 3421 546 3467; x_wconf 91' lang='lat' dir='ltr'><strong>munus</strong></span> <span class='ocrx_word' id='word_1_252' title='bbox 558 3397 645 3466; x_wconf 88' lang='lat' dir='ltr'><strong>licite</strong></span> <span class='ocrx_word' id='word_1_253' title='bbox 662 3405 831 3488; x_wconf 83' lang='lat' dir='ltr'><strong>peragent,</strong></span> <span class='ocrx_word' id='word_1_254' title='bbox 848 3399 999 3490; x_wconf 89' lang='lat' dir='ltr'><strong>quamvis</strong></span> <span class='ocrx_word' id='word_1_255' title='bbox 1020 3420 1244 3467; x_wconf 82' lang='lat' dir='ltr'><strong>essarrorum</strong></span> <span class='ocrx_word' id='word_1_256' title='bbox 1259 3419 1428 3466; x_wconf 91' lang='lat' dir='ltr'><strong>canonum</strong></span> 
     </span>
     <span class='ocr_line' id='line_1_29' title="bbox 285 3505 1430 3596; baseline -0.002 -22"><span class='ocrx_word' id='word_1_257' title='bbox 285 3537 302 3574; x_wconf 91' lang='grc' dir='ltr'><strong>ιι</strong></span> <span class='ocrx_word' id='word_1_258' title='bbox 325 3516 357 3576; x_wconf 89' lang='lat' dir='ltr'><strong>et</strong></span> <span class='ocrx_word' id='word_1_259' title='bbox 370 3506 581 3576; x_wconf 89' lang='lat' dir='ltr'><strong>conciliorum</strong></span> <span class='ocrx_word' id='word_1_260' title='bbox 597 3505 733 3574; x_wconf 86' lang='lat' dir='ltr'><strong>decretis</strong></span> <span class='ocrx_word' id='word_1_261' title='bbox 751 3505 798 3572; x_wconf 91' lang='lat' dir='ltr'><strong>eis</strong></span> <span class='ocrx_word' id='word_1_262' title='bbox 813 3505 947 3575; x_wconf 90' lang='lat' dir='ltr'><strong>vetitum</strong></span> <span class='ocrx_word' id='word_1_263' title='bbox 965 3505 1018 3593; x_wconf 90' lang='lat' dir='ltr'><strong>sit,</strong></span> <span class='ocrx_word' id='word_1_264' title='bbox 1035 3513 1132 3596; x_wconf 88' lang='lat' dir='ltr'><strong>etque</strong></span> <span class='ocrx_word' id='word_1_265' title='bbox 1153 3505 1302 3573; x_wconf 88' lang='lat' dir='ltr'><strong>illicitum</strong></span> <span class='ocrx_word' id='word_1_266' title='bbox 1323 3527 1430 3596; x_wconf 86' lang='lat' dir='ltr'><strong>repu-</strong></span> 
     </span>
     <span class='ocr_line' id='line_1_30' title="bbox 285 3611 1431 3702; baseline -0.002 -21"><span class='ocrx_word' id='word_1_267' title='bbox 285 3643 302 3681; x_wconf 90' lang='grc' dir='ltr'>ι</span> <span class='ocrx_word' id='word_1_268' title='bbox 325 3623 423 3702; x_wconf 89' lang='lat' dir='ltr'><strong>tetur,</strong></span> <span class='ocrx_word' id='word_1_269' title='bbox 439 3613 518 3682; x_wconf 93' lang='lat' dir='ltr'><strong>dum</strong></span> <span class='ocrx_word' id='word_1_270' title='bbox 535 3613 580 3682; x_wconf 88' lang='lat' dir='ltr'><strong>ita</strong></span> <span class='ocrx_word' id='word_1_271' title='bbox 593 3613 690 3681; x_wconf 87' lang='lat' dir='ltr'><strong>etiam</strong></span> <span class='ocrx_word' id='word_1_272' title='bbox 705 3611 931 3680; x_wconf 84' lang='lat' dir='ltr'><strong>claustralibus</strong></span> <span class='ocrx_word' id='word_1_273' title='bbox 945 3620 977 3680; x_wconf 86' lang='lat' dir='ltr'><strong>et</strong></span> <span class='ocrx_word' id='word_1_274' title='bbox 989 3611 1194 3702; x_wconf 82' lang='lat' dir='ltr'><strong>regularibus</strong></span> <span class='ocrx_word' id='word_1_275' title='bbox 1207 3611 1330 3680; x_wconf 89' lang='lat' dir='ltr'><strong>clericis</strong></span> <span class='ocrx_word' id='word_1_276' title='bbox 1344 3633 1431 3680; x_wconf 90' lang='lat' dir='ltr'><strong>con-</strong></span> 
     </span>
     <span class='ocr_line' id='line_1_31' title="bbox 285 3705 1525 3812; baseline -0.001 -24"><span class='ocrx_word' id='word_1_277' title='bbox 285 3751 301 3788; x_wconf 90' lang='grc' dir='ltr'>ι</span> <span class='ocrx_word' id='word_1_278' title='bbox 325 3743 442 3812; x_wconf 81' lang='lat' dir='ltr'><strong>gruere</strong></span> <span class='ocrx_word' id='word_1_279' title='bbox 458 3719 575 3811; x_wconf 90' lang='lat' dir='ltr'><strong>possit;</strong></span> <span class='ocrx_word' id='word_1_280' title='bbox 593 3729 662 3788; x_wconf 88' lang='lat' dir='ltr'><strong>tum</strong></span> <span class='ocrx_word' id='word_1_281' title='bbox 687 3739 728 3786; x_wconf 88' lang='lat' dir='ltr'><strong>ex</strong></span> <span class='ocrx_word' id='word_1_282' title='bbox 752 3718 837 3786; x_wconf 90' lang='lat' dir='ltr'><strong>dicte</strong></span> <span class='ocrx_word' id='word_1_283' title='bbox 860 3720 999 3806; x_wconf 85' lang='lat' dir='ltr'><strong>rstionc,</strong></span> <span class='ocrx_word' id='word_1_284' title='bbox 1016 3719 1105 3812; x_wconf 93' lang='lat' dir='ltr'><strong>quod</strong></span> <span class='ocrx_word' id='word_1_285' title='bbox 1126 3719 1275 3788; x_wconf 85' lang='lat' dir='ltr'><strong>laborum</strong></span> <span class='ocrx_word' id='word_1_286' title='bbox 1299 3719 1430 3808; x_wconf 86' lang='lat' dir='ltr'><strong>ingenii</strong></span> <span class='ocrx_word' id='word_1_287' title='bbox 1524 3705 1525 3726; x_wconf 52' lang='lat'>³</span> 
     </span>
     <span class='ocr_line' id='line_1_32' title="bbox 286 3822 1525 3915; baseline -0.002 -21"><span class='ocrx_word' id='word_1_288' title='bbox 286 3855 302 3894; x_wconf 89' lang='grc' dir='ltr'><strong>ιι</strong></span> <span class='ocrx_word' id='word_1_289' title='bbox 328 3826 508 3896; x_wconf 86' lang='lat' dir='ltr'><strong>mercedem</strong></span> <span class='ocrx_word' id='word_1_290' title='bbox 530 3823 661 3892; x_wconf 92' lang='lat' dir='ltr'><strong>nonnisi</strong></span> <span class='ocrx_word' id='word_1_291' title='bbox 675 3846 694 3890; x_wconf 82' lang='lat' dir='ltr'><strong>a</strong></span> <span class='ocrx_word' id='word_1_292' title='bbox 709 3832 822 3915; x_wconf 91' lang='lat' dir='ltr'><strong>sponte</strong></span> <span class='ocrx_word' id='word_1_293' title='bbox 844 3823 999 3893; x_wconf 86' lang='lat' dir='ltr'><strong>dentibus</strong></span> <span class='ocrx_word' id='word_1_294' title='bbox 1023 3823 1200 3914; x_wconf 87' lang='lat' dir='ltr'><strong>recipiunt;</strong></span> <span class='ocrx_word' id='word_1_295' title='bbox 1217 3831 1288 3891; x_wconf 91' lang='lat' dir='ltr'><strong>tum</strong></span> <span class='ocrx_word' id='word_1_296' title='bbox 1303 3822 1433 3891; x_wconf 87' lang='lat' dir='ltr'><strong>fortius</strong></span> <span class='ocrx_word' id='word_1_297' title='bbox 1524 3837 1525 3843; x_wconf 76' lang='grc'>’</span> 
     </span>
     <span class='ocr_line' id='line_1_33' title="bbox 286 3926 1432 4024; baseline -0.003 -25"><span class='ocrx_word' id='word_1_298' title='bbox 286 3960 303 3999; x_wconf 89' lang='grc' dir='ltr'><strong>ιι</strong></span> <span class='ocrx_word' id='word_1_299' title='bbox 326 3933 402 4024; x_wconf 89' lang='lat' dir='ltr'><strong>quia</strong></span> <span class='ocrx_word' id='word_1_300' title='bbox 427 3930 533 4000; x_wconf 89' lang='lat' dir='ltr'><strong>omnis</strong></span> <span class='ocrx_word' id='word_1_301' title='bbox 556 3928 679 3998; x_wconf 88' lang='lat' dir='ltr'><strong>occasio</strong></span> <span class='ocrx_word' id='word_1_302' title='bbox 694 3928 784 3996; x_wconf 89' lang='lat' dir='ltr'><strong>sbest</strong></span> <span class='ocrx_word' id='word_1_303' title='bbox 799 3927 1030 4016; x_wconf 77' lang='lat' dir='ltr'><strong>calumniandi,</strong></span> <span class='ocrx_word' id='word_1_304' title='bbox 1048 3928 1099 3998; x_wconf 90' lang='lat' dir='ltr'><strong>vel</strong></span> <span class='ocrx_word' id='word_1_305' title='bbox 1123 3926 1280 3996; x_wconf 88' lang='lat' dir='ltr'><strong>mendacii</strong></span> <span class='ocrx_word' id='word_1_306' title='bbox 1296 3935 1432 3995; x_wconf 88' lang='lat' dir='ltr'><strong>reatum</strong></span> 
     </span>
     <span class='ocr_line' id='line_1_34' title="bbox 287 4033 1433 4128; baseline -0.001 -23"><span class='ocrx_word' id='word_1_307' title='bbox 287 4068 304 4105; x_wconf 87' lang='grc' dir='ltr'><strong>ιι</strong></span> <span class='ocrx_word' id='word_1_308' title='bbox 328 4036 530 4124; x_wconf 90' lang='lat' dir='ltr'><strong>incurrendi,</strong></span> <span class='ocrx_word' id='word_1_309' title='bbox 543 4035 622 4104; x_wconf 93' lang='lat' dir='ltr'><strong>dum</strong></span> <span class='ocrx_word' id='word_1_310' title='bbox 640 4035 786 4104; x_wconf 88' lang='lat' dir='ltr'><strong>scribunt</strong></span> <span class='ocrx_word' id='word_1_311' title='bbox 798 4044 829 4104; x_wconf 90' lang='lat' dir='ltr'><strong>et</strong></span> <span class='ocrx_word' id='word_1_312' title='bbox 844 4036 1023 4128; x_wconf 90' lang='lat' dir='ltr'><strong>loquuntur</strong></span> <span class='ocrx_word' id='word_1_313' title='bbox 1037 4036 1133 4127; x_wconf 81' lang='lat' dir='ltr'><strong>juxta</strong></span> <span class='ocrx_word' id='word_1_314' title='bbox 1147 4059 1185 4105; x_wconf 88' lang='lat' dir='ltr'><strong>ea</strong></span> <span class='ocrx_word' id='word_1_315' title='bbox 1200 4057 1275 4126; x_wconf 82' lang='lat' dir='ltr'><strong>qum</strong></span> <span class='ocrx_word' id='word_1_316' title='bbox 1290 4034 1325 4101; x_wconf 92' lang='lat' dir='ltr'><strong>in</strong></span> <span class='ocrx_word' id='word_1_317' title='bbox 1339 4033 1433 4104; x_wconf 84' lang='lat' dir='ltr'><strong>iacto</strong></span> 
     </span>
     <span class='ocr_line' id='line_1_35' title="bbox 287 4141 1524 4238; baseline -0.001 -27"><span class='ocrx_word' id='word_1_318' title='bbox 287 4173 303 4211; x_wconf 90' lang='grc' dir='ltr'><strong>ιι</strong></span> <span class='ocrx_word' id='word_1_319' title='bbox 327 4169 385 4237; x_wconf 90' lang='lat' dir='ltr'><strong>per</strong></span> <span class='ocrx_word' id='word_1_320' title='bbox 399 4165 504 4213; x_wconf 83' lang='lat' dir='ltr'><strong>caussa</strong></span> <span class='ocrx_word' id='word_1_321' title='bbox 519 4150 672 4234; x_wconf 87' lang='lat' dir='ltr'><strong>patronos</strong></span> <span class='ocrx_word' id='word_1_322' title='bbox 688 4150 1007 4233; x_wconf 83' lang='lat' dir='ltr'><strong>praesupponuntur:</strong></span> <span class='ocrx_word' id='word_1_323' title='bbox 1027 4142 1084 4231; x_wconf 85' lang='lat' dir='ltr'><strong>ita,</strong></span> <span class='ocrx_word' id='word_1_324' title='bbox 1101 4164 1190 4211; x_wconf 92' lang='lat' dir='ltr'><strong>more</strong></span> <span class='ocrx_word' id='word_1_325' title='bbox 1213 4141 1432 4232; x_wconf 87' lang='lat' dir='ltr'><strong>antiquorum</strong></span> <span class='ocrx_word' id='word_1_326' title='bbox 1523 4157 1524 4238; x_wconf 69' lang='lat' dir='ltr'>j</span> 
     </span>
     <span class='ocr_line' id='line_1_36' title="bbox 287 4247 1429 4345; baseline -0.003 -27"><span class='ocrx_word' id='word_1_327' title='bbox 287 4280 304 4318; x_wconf 85' lang='grc' dir='ltr'>ι</span> <span class='ocrx_word' id='word_1_328' title='bbox 325 4250 658 4345; x_wconf 87' lang='lat' dir='ltr'><strong>jurisconsultorum,</strong></span> <span class='ocrx_word' id='word_1_329' title='bbox 675 4247 904 4339; x_wconf 85' lang='lat' dir='ltr'><strong>respondentes</strong></span> <span class='ocrx_word' id='word_1_330' title='bbox 916 4249 1011 4339; x_wconf 80' lang='lat' dir='ltr'><strong>juxte</strong></span> <span class='ocrx_word' id='word_1_331' title='bbox 1031 4273 1068 4318; x_wconf 84' lang='lat' dir='ltr'><strong>ea</strong></span> <span class='ocrx_word' id='word_1_332' title='bbox 1084 4271 1158 4340; x_wconf 85' lang='lat' dir='ltr'><strong>quae</strong></span> <span class='ocrx_word' id='word_1_333' title='bbox 1175 4255 1407 4340; x_wconf 90' lang='lat' dir='ltr'><strong>proponuntur</strong></span> <span class='ocrx_word' id='word_1_334' title='bbox 1416 4276 1429 4338; x_wconf 77' lang='lat'>3</span> 
     </span>
    </p>
   </div>
   <div class='ocr_carea' id='block_1_3' title="bbox 0 0 1547 4972">
    <p class='ocr_par' dir='ltr' id='par_1_4' title="bbox 0 0 1547 4972">
     <span class='ocr_line' id='line_1_37' title="bbox 0 0 1547 4972; baseline 0 0"><span class='ocrx_word' id='word_1_335' title='bbox 0 0 1547 4972; x_wconf 95' lang='lat' dir='ltr'><strong> </strong></span> 
     </span>
    </p>
   </div>
  </div>
 </body>
</html>
