3046 4968
256 417 295 482 90
629 441 803 486 reici-irus
827 441 865 486 ua
887 439 1022 488 runicus.

258 586 273 622 n
298 558 399 626 solarn
409 560 614 628 donationem
626 561 978 652 imperatorum,etienr
989 561 1029 628 de
1040 562 1111 630 aliis
1123 560 1246 628 clericis
1258 561 1396 631 Summo

257 691 274 728 o
298 664 447 732 Pontifici
463 665 683 754 inferioribus,
702 667 880 756 peruiciosa
895 676 943 735 est
960 675 992 736 et
1008 666 1142 735 minime
1156 666 1322 757 probanda
1340 693 1395 753 ...ς

257 797 274 837 ι(
298 771 337 839 de
358 772 494 842 Summo
515 783 623 842 autem
648 773 815 860 Pontifice,
834 774 968 844 omuino
991 771 1193 866 reprobanda
1213 783 1243 841 et
1263 774 1397 842 minime

257 905 274 942 a
300 879 464 947 toleranda
487 890 546 948 est.
569 906 586 944 n
618 881 776 972 (Defensio
795 880 886 973 fido,
903 881 959 950 lib.
981 887 1013 968 i,
1030 881 1070 950 do
1092 886 1237 950 Immrm.
1255 883 1395 964 Eccles„

158 1004 161 1014 ·
253 1010 323 1078 cap.
341 993 372 1072 i,
393 1011 425 1057 n.
450 989 496 1080 2.)
519 993 552 1055 2⁰
573 987 696 1057 ibidem
717 989 941 1079 probabimus,
958 988 1085 1058 dictam,
1103 990 1302 1080 opinionem,
1320 1013 1397 1082 quaa

253 1095 399 1163 clericale
414 1095 475 1164 lori
492 1094 702 1186 privilegium
717 1119 735 1163 a
750 1096 817 1164 sola
831 1097 1066 1188 imperatorum
1080 1097 1286 1166 concessione
1302 1119 1400 1189 repe-

255 1203 304 1287 tit,
327 1202 386 1270 etsi
405 1211 543 1294 nequeat
563 1225 699 1271 censura
719 1204 899 1293 theologica
918 1203 1048 1296 percelli
1065 1205 1115 1294 (eo
1135 1204 1223 1297 quud
1247 1205 1399 1273 nonnulli

255 1311 373 1378 sobolae
389 1310 534 1379 doctores
544 1312 574 1379 ci
590 1311 844 1402 patrocinentur,
858 1322 890 1380 et
906 1310 1052 1380 nondum
1068 1331 1221 1402 expresse
1232 1311 1273 1379 ab
1287 1311 1399 1379 Eccle-

255 1416 302 1485 sia
316 1417 468 1485 damnata
483 1417 605 1507 luerit),
616 1440 684 1486 esse
701 1424 810 1486 minen
825 1419 959 1487 omniuo
979 1418 1106 1504 falsam
1120 1417 1333 1509 perniciosam
1348 1418 1395 1508 (1)

255 1533 288 1593 et
310 1523 538 1604 deserendam
559 1547 669 1593 veram
691 1533 796 1592 utitem
819 1527 853 1592 in
875 1526 935 1593 bac
962 1547 996 1593 re
1019 1548 1089 1594 osse
1115 1525 1309 1612 doctrinam,
1323 1549 1398 1616 quae

253 1632 328 1722 jure
342 1631 482 1699 diviuoa
493 1639 647 1723 potestate
660 1633 809 1702 saeculari
820 1641 986 1722 exemptos
999 1633 1033 1700 in
1044 1632 1150 1699 ostreis
1164 1631 1398 1722 temporalibus

257 1737 389 1806 clericos
404 1738 562 1806 defendit.
586 1739 634 1807 Ne
649 1760 728 1828 ergo
751 1740 801 1807 bis
816 1739 928 1809 eadem
945 1738 979 1808 iu
999 1739 1119 1808 uostris
1141 1738 1399 1806 institutionibus

257 1855 440 1930 occurrant,
457 1847 497 1915 ad
519 1847 652 1914 citatum
674 1856 843 1914 tractatum
867 1854 1012 1917 nostrum
1036 1846 1263 1934 gravissimam
1280 1846 1400 1915 hancce

257 1954 471 2045 quaestionem
487 1954 694 2023 remittimus.

722 2309 865 2379 CAPUT
887 2309 932 2378 V.

256 2530 295 2576 DE
316 2529 418 2576 CAUSIS
441 2529 669 2576 renuntiaturis
687 2527 755 2582 011AE
773 2531 814 2575 Al)
834 2529 937 2576 Fortun
962 2527 1209 2575 ECCLESIASTICUM
1233 2527 1401 2574 PERTINENT

476 2647 609 2693 RATIONE
632 2645 840 2693 nuntiatum
863 2646 1032 2692 sublenis
1055 2644 1175 2690 tunicis.

300 2874 483 2942 Puorosrrro
495 2875 536 2940 1⁸.
554 2913 598 2924 -
613 2875 654 2942 Si
662 2874 837 2966 justitiam
853 2873 1085 2941 administrare
1101 2873 1246 2964 neplipnt
1260 2873 1360 2940 snoul
1381 2911 1401 2923 -

256 2981 301 3049 ris
311 2994 468 3072 potestas,
486 3004 596 3062 conso,
617 2982 690 3050 licet
706 3004 793 3050 mere
809 2981 1010 3072 temporalis,
1028 2980 1195 3071 oftforum
1211 2979 1403 3048 ecclesiasti·
1511 3065 1512 3080 χ

256 3111 331 3155 cum
345 3088 487 3180 lepitime
506 3087 661 3180 defertur.
679 3127 723 3140 -
739 3089 788 3155 lta
807 3088 984 3155 canonistas
1010 3086 1228 3155 communiter
1244 3085 1322 3152 dum
1347 3086 1404 3153 iu·
1511 3083 1512 3142 ἶ

255 3203 474 3284 terpretantur
488 3195 679 3264 decretalem
695 3196 785 3263 Licet
800 3193 979 3261 innocentii
997 3193 1040 3262 lll
1061 3195 1174 3285 (capite
1192 3198 1245 3278 10,
1263 3193 1348 3262 tituli
1366 3198 1401 3280 2,

255 3299 333 3368 libri
360 3305 378 3366 2
407 3301 648 3390 Decretalium).
676 3302 837 3369 Probatur
865 3309 973 3368 eutem
1001 3304 1031 3366 l⁰
1054 3323 1096 3368 ox
1120 3301 1205 3367 dicta
1232 3301 1401 3386 decretali,

258 3429 315 3475 seu
334 3430 375 3474 ex
391 3429 429 3474 eo
444 3408 531 3498 quod
550 3407 703 3495 Ecclesia,
721 3431 796 3499 quse
817 3430 875 3498 per
890 3407 1094 3498 disciplinam
1117 3429 1209 3475 suam
1230 3408 1405 3476 universa-

256 3513 321 3582 lem
343 3514 424 3582 nihil
439 3512 618 3581 indebitum
639 3514 699 3580 sibi
722 3515 864 3584 tribuere
889 3522 1006 3606 potest,
1023 3513 1106 3581 hanc
1127 3535 1239 3582 revera
1261 3521 1404 3603 potesta·
1511 3505 1512 3580 Ῠ

258 3630 323 3689 tem
338 3620 400 3688 sibi
421 3618 462 3687 de
482 3618 565 3688 iacto
579 3618 723 3688 vindicet
747 3643 804 3710 per
826 3618 908 3690 illud
933 3619 1097 3687 decretum
1121 3621 1205 3687 inter
1219 3619 1306 3709 leges
1325 3621 1404 3688 uni·

291 3903 322 3966 tt]
339 3901 524 3965 potestatique
539 3899 692 3965 propositio,
705 3899 767 3964 quin
787 3899 836 3964 ipsi
854 3901 906 3950 ullu
925 3898 1040 3950 inuratur
1055 3913 1165 3950 censura
1185 3897 1340 3963 theologice,
1356 3899 1405 3948 im·
1511 3891 1512 3906 ¹

260 3981 370 4047 pugnari
382 3985 503 4043 tanqrram
516 3980 578 4030 talea
590 3982 615 4029 et
630 3979 783 4046 perniciosa.
794 3980 909 4043 Scriptor
921 3993 1026 4044 nempe,
1036 3979 1079 4044 qui
1090 3979 1282 4029 ratiociniorum
1297 3991 1406 4028 suorum

206 4070 210 4078 “
261 4063 327 4112 serie
342 4059 445 4110 devenit
455 4060 487 4110 ad
497 4060 563 4110 hunc
577 4059 783 4122 conclusionem,
792 4074 851 4122 erpo
865 4059 933 4119 folco
948 4063 985 4109 est
997 4063 1022 4108 et
1030 4060 1173 4124 peruincere
1190 4059 1239 4108 illo
1252 4059 1406 4121 propositio,

261 4155 315 4193 non
337 4145 457 4190 censetur
480 4145 568 4190 nomm
595 4137 768 4202 theologicam
793 4139 906 4199 inurere,
926 4139 972 4188 sed
993 4139 1127 4190 dumtaxat
1150 4137 1212 4202 quid
1235 4137 1290 4201 ipse
1312 4137 1407 4189 sentiat

261 4221 406 4287 exprimere
418 4221 488 4273 salva
506 4221 635 4284 opinionis
649 4219 786 4271 contrariae
796 4219 923 4270 libertate.
