3030 4980
538 489 614 535 raas
637 489 782 538 secunus.
1164 473 1225 536 393

87 630 106 668 ι
130 611 177 673 tes
193 606 403 694 transierunt,
415 607 778 702 etMinoritist,assumi
790 611 1089 702 posseadofficium
1102 611 1228 684 Vicarii

86 739 105 776 ι
129 713 293 805 Episcopi,
322 715 490 786 accedente
514 718 645 788 licentia
674 719 798 811 proprii
827 719 1019 811 superioris;
1051 728 1121 788 tum
1150 720 1229 811 quia

87 845 107 883 ιι
130 819 248 887 nullibi
272 821 309 889 in
330 823 404 913 jure
426 823 460 891 id
483 825 529 893 eis
553 825 762 895 interdictum
786 827 960 918 reperitur,
989 826 1227 896 verumetiam

87 952 107 993 ιι
129 927 291 1018 quianon
310 931 545 1022 aspernabilem
566 933 753 1002 monasterii
776 933 947 1002 utilitatem
968 932 1043 1001 inde
1058 933 1230 1024 provenire

86 1061 106 1098 ιι
129 1037 340 1127 comperitur,
357 1047 393 1106 ut
409 1037 536 1108 dicatur
551 1039 752 1108 satisfactum
768 1039 971 1132 dispositioni
986 1047 1094 1109 textus
1110 1041 1156 1130 (in
1171 1063 1229 1108 ca-

85 1168 104 1206 ιι
129 1161 215 1210 none
229 1145 383 1213 Monaclac'
395 1149 428 1232 2,
448 1150 500 1233 to,
517 1171 550 1238 q.
572 1151 606 1226 l;
625 1154 656 1215 et
671 1147 775 1239 capite
790 1151 823 1234 2,
840 1147 880 1215 dc
894 1147 1038 1230 Postul.,·
1051 1147 1087 1215 in
1108 1147 1228 1239 quibus

86 1275 104 1313 ι
129 1247 327 1341 disponitur,
341 1261 377 1321 ut
389 1253 567 1322 monachus
577 1253 730 1345 judiciale
743 1277 864 1323 munus
874 1275 1025 1322 exercere
1037 1254 1148 1345 possit,
1162 1253 1227 1322 duo

85 1383 104 1420 ι
128 1379 322 1427 concurrere
334 1381 462 1428 necesse
476 1383 546 1430 esse
564 1387 571 1428 :
585 1359 748 1430 licentiam
762 1361 881 1430 scilicet
895 1360 1042 1448 Abbatis,
1056 1369 1089 1430 et
1100 1383 1228 1430 monas-

85 1489 104 1528 ιι
129 1463 202 1532 terii
217 1466 400 1536 utilitatem.

133 1571 309 1641 «Licentia
328 1597 406 1644 vero
423 1575 501 1644 satis
516 1578 665 1668 estquod
688 1577 873 1646 obtineatur
892 1578 933 1646 ab
954 1575 1142 1646 immediato
1158 1598 1228 1646 mo-

86 1704 104 1744 ιι
128 1681 263 1750 nasterii
278 1683 458 1773 superiore,
474 1683 623 1752 videlieet
636 1707 656 1751 a
670 1684 796 1770 Priore,
812 1682 865 1752 vel
878 1682 1068 1775 Praeposito.

131 1813 149 1852 ιι
165 1788 292 1857 Verum
308 1790 335 1857 si
351 1790 530 1860 monachus
545 1791 667 1882 absque
682 1790 734 1859 sui
756 1791 933 1882 superioris
947 1789 1076 1858 licentia
1089 1789 1131 1858 ad
1150 1789 1227 1858 offi-

85 1921 104 1957 ιι
125 1893 212 1962 cium
236 1894 361 1965 Vicarii
383 1907 617 1984 assumeretur,
640 1921 706 1966 non
729 1897 928 1967 conveniunt
948 1897 1107 1982 doctores,
1129 1919 1227 1965 num-

85 2027 103 2064 «
127 1999 208 2092 quid
224 2001 369 2094 ejusdem
385 2013 476 2094 gesta
491 2005 556 2072 sint
570 2005 689 2074 valida.
708 2003 830 2072 Omnes
845 2013 954 2073 tamea
974 2004 1088 2072 merito
1108 2025 1227 2072 conve-

85 2133 104 2171 ιι
127 2107 235 2194 niuut,
255 2110 343 2201 quod
366 2124 577 2180 concurrente
600 2112 765 2180 communi
784 2133 907 2197 errore,
929 2119 1020 2200 gesta
1037 2109 1227 2202 hujusmodi

84 2241 104 2278 ιι
126 2215 272 2304 religiosi
285 2217 412 2288 Vicarii
427 2217 534 2287 valida
547 2231 753 2288 censeantur.

129 2347 148 2386 ιι
161 2321 239 2391 Haec
252 2322 397 2414 quidem,
415 2347 504 2394 mero
521 2326 596 2417 jure
611 2327 766 2417 inspecto,
784 2325 899 2394 docent
914 2324 1072 2393 doctores.
1095 2324 1222 2393 Verum

85 2453 104 2492 ιι
127 2426 155 2494 si
169 2429 300 2518 praxim
316 2437 348 2498 et
359 2430 533 2500 Sacrorum
545 2432 843 2522 Congregationum
856 2452 1000 2517 sensum,
1015 2438 1051 2498 ut
1061 2429 1162 2516 decet,
1175 2436 1226 2497 at-

85 2563 104 2600 ιι
127 2536 259 2604 tendere
272 2538 426 2626 velimus,
444 2538 637 2630 regulariter
652 2540 868 2632 improbatam
883 2561 951 2606 esse
968 2537 1156 2629 hujusmodi
1171 2559 1226 2604 re-

84 2669 103 2707 ιι
127 2643 292 2732 galerium
305 2645 544 2738 deputationem
558 2649 593 2714 in
604 2647 753 2716 Vicarios
768 2646 934 2736 generales
944 2644 1119 2713 dicendum
1130 2651 1188 2712 cst.
1204 2669 1221 2708 a

79 2750 119 2817 ld
144 2753 253 2819 firmat
273 2753 390 2821 citatus
409 2765 521 2822 auctor
543 2755 653 2845 plures
672 2754 883 2823 memorando
904 2752 1063 2823 dictarum
1089 2774 1225 2842 cougre-

80 2857 252 2945 gationum
274 2861 513 2951 responsiones.
532 2862 617 2928 Tum
631 2860 750 2929 addit:
772 2887 789 2926 ιι
809 2860 1047 2930 Verumtamen
1067 2883 1107 2928 ex
1123 2860 1226 2951 parti-

85 2991 103 3028 ι
126 2964 291 3035 sularibus
306 2967 557 3036 circumstantiis
572 2966 672 3036 Sacra
691 2966 909 3056 Congregatio
922 2967 1157 3059 Episcopcrum
1173 2967 1227 3034 in·

84 3097 102 3134 ιι
124 3071 260 3160 dulgere
270 3073 412 3163 benigne
424 3074 516 3161 solet,
532 3082 569 3143 ut
582 3073 731 3166 Episcopi
743 3096 907 3144 assumere
919 3073 1048 3142 valcant
1061 3073 1228 3164 regulares

85 3209 104 3246 ι
126 3183 161 3250 in
178 3206 255 3252 suos
274 3185 438 3255 Vicarios.
458 3211 474 3251 s

128 3289 200 3357 Duo
222 3313 283 3380 ego
304 3291 473 3382 subjiciam
500 3319 507 3359 :
538 3295 569 3359 1ο
593 3289 768 3360 Praedictas
795 3290 970 3360 Sacrarum
995 3291 1227 3382 Congregatio-

78 3419 161 3466 num
178 3399 417 3489 responsiones,
435 3397 539 3468 videri
554 3397 594 3466 ad
617 3421 710 3466 casus
726 3397 937 3488 particulares
950 3396 1119 3485 relativas,
1138 3421 1226 3466 nun-

79 3525 181 3594 quam
205 3527 282 3572 vero
305 3527 456 3597 expresse
478 3513 509 3574 et
532 3504 726 3595 generaliter
751 3502 950 3572 declaratum
972 3505 1083 3591 fuisse,
1105 3506 1228 3594 requiri

78 3611 245 3679 licentiam
268 3612 488 3702 Apostolicam
512 3620 548 3679 ut
569 3612 670 3702 possit
690 3611 869 3701 Episcopus
884 3610 1055 3680 Vicarium
1075 3632 1171 3681 suum
1187 3634 1229 3680 ex

78 3716 244 3807 religiosis
258 3717 391 3786 familiis
405 3741 582 3786 assumere.
598 3719 683 3786 Cum
698 3741 789 3807 ergo,
806 3717 1022 3788 abstrahendo
1036 3718 1077 3787 ab
1093 3719 1154 3787 bac
1167 3718 1227 3788 Sa·

78 3845 212 3892 orarum
224 3824 523 3915 Congregatiouum
535 3825 642 3916 praxi,
657 3825 690 3894 id
702 3825 805 3894 valeat
817 3825 995 3918 Episcopus
1005 3824 1128 3918 dejure
1139 3848 1228 3895 com-

78 3931 187 4019 muni,
208 3933 408 4023 probabilius
428 3932 580 4002 existimo
602 3953 708 4023 neque
728 3929 824 4000 bodie
846 3931 954 4022 ipsum
975 3931 1121 4028 indigere
1142 3932 1227 4002 dicto

77 4037 255 4106 Sacrarum
270 4039 570 4130 Congregationum
587 4037 728 4125 indulto,
746 4046 781 4106 ut
797 4037 986 4128 religiosum
1007 4038 1042 4106 in
1058 4039 1226 4109 Vicarium

79 4144 267 4234 generalem
280 4145 343 4213 sibi
356 4157 510 4215 assumat.

124 4255 159 4320 2ο
174 4251 373 4344 Frequenter
387 4253 556 4324 hodiernis
570 4251 771 4346 temporibus
787 4251 869 4325 mihi
890 4251 1043 4326 videntur
1059 4275 1226 4327 occmrere
