3046 4968
568 515 642 561 raas
664 505 774 562 eorus.

643 801 716 890 §a

378 971 497 1023 tadicum
512 971 748 1024 ecclesiasticorum
761 974 841 1024 saria
854 973 963 1040 specics.

146 1205 161 1240 a
178 1177 301 1264 ludex,
318 1178 364 1245 sic
380 1179 558 1270 appellatus
574 1179 660 1270 quod
671 1179 732 1271 jus
747 1179 848 1258 dicct,
868 1185 916 1246 est
932 1199 1159 1270 personaque
1177 1199 1243 1270 pu·

106 1285 226 1352 ablica
254 1285 443 1354 auctoritate
466 1285 594 1377 judicio
622 1294 740 1377 praeest
764 1293 795 1353 et
819 1285 913 1377 qnasi
938 1285 1148 1354 mediatorem
1178 1286 1245 1376 agit

21 1479 23 1492 ἱ
106 1419 119 1454 ι
142 1392 229 1459 inter
243 1391 419 1482 litigantes,
435 1415 504 1462 rem
521 1401 761 1461 controversam
777 1392 956 1461 secundum
969 1392 1055 1483 juris
1070 1392 1245 1483 praescrip-

105 1525 120 1563 «
142 1507 213 1566 tum
230 1497 453 1567 decidendo.»
476 1497 792 1590 (Schmalzgrueber,
810 1499 844 1566 in
860 1498 991 1567 titulum
1011 1505 1024 1565 l
1043 1497 1083 1566 dc
1095 1497 1242 1578 Iudiciis,

100 1605 175 1672 libri
190 1610 208 1672 t
224 1605 454 1694 Decretalium,
471 1629 506 1674 n.
533 1607 598 1696 ta.)
624 1605 822 1698 Hujusmodi
837 1614 945 1673 autem
966 1605 1175 1694 magistratus
1193 1627 1246 1673 ec-

21 1731 22 1760 1
101 1713 266 1780 clesiastici
288 1713 458 1803 multiplici
480 1712 577 1782 modo
595 1737 652 1782 seu
671 1715 704 1780 in
728 1713 831 1780 varias
851 1713 972 1805 specics
993 1711 1151 1801 distingui
1169 1735 1247 1804 pos-

102 1829 186 1887 sunt.
205 1821 341 1913 Nempe,

21 1917 22 1950 *
144 1928 170 1994 l.
190 1929 228 1995 ln
237 1927 367 2020 judices
387 1953 427 1997 cc
437 1931 518 2021 jure
536 1930 659 2012 divino,
678 1937 709 1997 et
720 1929 851 2020 judices
871 1951 911 1996 cc
924 1931 1007 2020 jure
1024 1928 1244 1997 ecclesiastico.

21 2059 23 2094 t
104 2037 285 2126 Supremos
300 2036 333 2103 in
352 2037 505 2105 universa
526 2036 669 2105 Ecclesia
683 2036 800 2126 judex,
819 2037 889 2126 ipsa
904 2035 1027 2105 Christi
1047 2035 1179 2104 Domini
1194 2059 1248 2104 or-

21 2199 22 2222 ,
104 2143 266 2212 clinatione
280 2143 445 2212 institutus
457 2153 505 2211 est
517 2145 686 2213 Romanus
698 2145 841 2212 antistes.
859 2143 898 2212 Ei
911 2163 1051 2234 namque
1064 2143 1099 2210 in
1111 2163 1248 2235 persona

21 2233 22 2320 l
103 2250 138 2316 B.
163 2250 251 2318 Petri
276 2253 325 2342 (ut
349 2251 463 2319 definit
484 2273 636 2342 expresse
660 2251 860 2320 oeouinenica
880 2249 1067 2319 Florentino
1089 2248 1244 2340 synodus)

104 2359 237 2426 contulit
260 2359 410 2428 Christus
433 2360 561 2453 plenam
585 2359 751 2448 regendae,
777 2359 947 2450 pascendae
971 2367 1002 2426 et
1023 2355 1245 2447 gubernanda

105 2465 296 2534 universalis
317 2466 469 2534 Ecclesiae
485 2474 694 2558 potestatem3
711 2467 745 2534 in
766 2489 831 2558 qua
847 2465 960 2558 procul
976 2464 1076 2533 dnbio
1094 2485 1248 2555 suprema

104 2581 133 2639 et
147 2571 324 2640 universali
339 2573 508 2662 regiminis
523 2581 689 2665 potestate,
704 2572 866 2664 judicialis
880 2573 975 2640 etiam
988 2578 1128 2663 potestas
1140 2569 1246 2638 inclu-

105 2679 201 2748 ditur.
226 2681 305 2748 llem
319 2681 394 2772 jure
414 2680 526 2749 divino
541 2681 667 2773 judices
688 2690 764 2750 sunt
784 2680 949 2772 Episcopi,
968 2687 1128 2770 quatenus
1149 2677 1245 2746 colle-

21 2797 22 2820 *
105 2788 231 2878 gialiter
245 2812 321 2857 cum
335 2790 437 2880 capite
449 2811 508 2858 sno
521 2787 669 2859 Romano
683 2788 839 2857 Pontilice
856 2787 997 2878 sumpti3
1012 2795 1048 2856 nt
1062 2786 1096 2853 in
1109 2793 1247 2853 tractatu

106 2894 145 2962 dc
163 2897 323 2988 Episcopo
339 2919 381 2964 ex
397 2897 540 2988 professo
560 2896 866 2965 demonstravimus.
886 2895 926 2964 Et
945 2895 1005 2963 hoc
1021 2894 1134 2963 saltem
1150 2915 1247 2961 sensu

107 3002 365 3093 intelligendum,
379 3004 499 3095 positos
515 3027 536 3071 c
553 3003 683 3096 Spiritu
695 3006 816 3072 Sancto
828 3002 1003 3094 Episcopos
1015 3022 1127 3090 regere
1137 2999 1259 3068 Eccle-.

108 3107 187 3177 siam
200 3109 271 3178 Dei.
289 3110 373 3178 Hinc
390 3109 522 3203 qnando
537 3111 772 3201 Episcoporum
787 3110 909 3179 morale
925 3131 1042 3199 corpus
1057 3107 1155 3176 simul
1172 3130 1246 3176 cum

108 3216 194 3307 Papa
210 3216 335 3307 judicat
357 3227 389 3285 et
411 3216 567 3303 decernit,
595 3217 746 3308 Episcopi
768 3239 834 3286 non
860 3225 936 3285 sunt
957 3213 1135 3285 consiliarii
1152 3214 1249 3284 dum-

110 3330 195 3391 taxat
209 3323 349 3393 Romani
361 3325 540 3412 pontilicis,
555 3325 609 3393 sed
625 3326 694 3394 veri
705 3323 845 3416 judices,
857 3322 1044 3416 judicialem
1060 3345 1080 3390 a
1095 3323 1161 3390 Deo
1177 3322 1247 3412 ipso

111 3440 269 3523 acceptam
286 3440 475 3524 potestatem
491 3443 689 3501 exercentes.
709 3433 826 3503 Utrum
842 3454 918 3502 vero
933 3431 1137 3523 particularis
1151 3431 1248 3499 etiam

110 3536 274 3626 judicandi
300 3547 450 3630 potestas,
476 3563 573 3631 qnam
601 3540 741 3631 quisque
768 3541 947 3633 Episcopus
975 3540 1010 3606 in
1038 3563 1097 3608 sua
1120 3537 1249 3606 dioecesi

113 3656 248 3733 exercet,
271 3647 382 3715 divino
398 3646 467 3739 juri
486 3647 690 3716 adcensenda
714 3649 766 3736 sit,
787 3649 832 3716 ita
855 3658 891 3718 ut
913 3648 1003 3716 illam
1022 3645 1207 3714 immediate
1231 3669 1248 3712 a

114 3751 236 3821 Christo
253 3753 381 3842 habeat,
403 3763 434 3822 et
450 3777 514 3822 non
531 3763 655 3823 tantum
676 3779 695 3824 a
711 3755 810 3847 Papa,
829 3763 876 3824 est
895 3756 1032 3846 quaestio
1047 3753 1250 3846 aliquatenus

116 3857 215 3929 adhuc
237 3860 325 3952 apud
348 3860 493 3930 doctores
517 3873 741 3948 controversa,
768 3873 798 3930 et
823 3863 970 3932 nondum
994 3883 1144 3954 expresse
1168 3861 1252 3928 deti-

117 3969 189 4034 nita.
309 3983 314 3999 ¹

154 4075 271 4143 Caeteri
283 4097 373 4164 vero,
388 4085 506 4167 praeter
519 4087 727 4163 memoratos,
741 4077 945 4147 ecclesiastici
955 4075 1094 4169 judices,
1109 4100 1150 4146 ex
1164 4077 1251 4169 juris

119 4179 240 4268 positivi
256 4179 464 4272 dispositione
479 4182 621 4252 instituti
636 4184 788 4252 censendi
804 4192 893 4270 sunt,
910 4180 998 4274 quod
1014 4191 1107 4254 extro
1120 4205 1250 4250 omnem

120 4287 364 4357 controversiam
375 4298 433 4358 est.
