3030 4980
539 529 615 578 enas
637 526 786 578 smannm
1167 512 1229 578 365

84 651 150 720 sint
171 649 323 742 delegati,
348 650 569 745 praecludatur
590 661 700 720 tamen
723 654 765 720 ab
788 651 867 744 ipsis
890 651 931 720 ad
954 651 1129 745 Episcopos
1155 677 1231 723 suos

84 759 279 850 appellatia;
311 781 375 851 qua
403 759 508 850 posita
537 757 724 850 hypothesi,
757 767 824 828 tata
863 759 914 827 vis
943 761 1234 849 argumentationis

85 875 208 934 nostrae
224 889 377 936 corruere
393 865 553 936 censenda
567 866 620 934 ait.
638 866 723 934 Nam
739 866 882 935 decrevit
903 865 1036 957 quidem
1052 867 1105 934 lex
1127 868 1232 936 eccle-

86 975 214 1044 siastica
239 997 305 1044 non
330 983 439 1066 patere
458 998 480 1042 a
497 974 629 1052 Vicario
659 975 803 1064 generali
831 973 871 1042 ad
903 975 1006 1064 ipsius
1035 974 1231 1066 Episcopum

87 1079 356 1171 appellationem
381 1078 439 1148 sed
465 1079 565 1147 simul
586 1078 763 1149 declaravit
786 1080 820 1147 id
844 1081 935 1170 sequi
956 1101 998 1148 ex
1021 1088 1138 1150 natura
1163 1082 1234 1172 ipse
1324 1129 1327 1136 -

83 1183 320 1276 jurisdictionis
335 1185 468 1256 Vicerio
487 1186 632 1275 generali
648 1187 874 1278 competentis3
891 1209 933 1255 ex
949 1209 987 1258 eo
1010 1210 1125 1279 nempe
1147 1188 1234 1280 quod

87 1293 191 1382 ipsius
205 1292 406 1362 auditorium
427 1315 533 1361 anum
556 1305 588 1361 et
602 1292 689 1362 idem
705 1293 897 1363 ceruendum
915 1294 958 1362 sit
978 1317 1053 1362 cum
1074 1294 1235 1365 auditorio

87 1400 250 1492 Episcopi,
286 1409 317 1468 et
345 1400 434 1491 quod
467 1400 631 1492 appellare
664 1400 706 1468 ab
735 1401 807 1492 ipso
842 1399 882 1468 ad
918 1400 1114 1494 Episcopum
1153 1414 1236 1474 essct

87 1507 249 1600 appellare
264 1507 307 1576 ab
322 1506 434 1576 eadem
449 1505 496 1575 ad
509 1506 673 1576 numm.
691 1506 780 1596 Ergo
795 1529 837 1576 ex
852 1507 923 1597 lege
936 1508 1008 1599 ipsa
1022 1509 1236 1581 ecclesiastica

89 1622 213 1684 constat
238 1615 362 1684 vicarii
386 1615 547 1706 generalis
573 1614 832 1707 jurisdictionem
858 1635 927 1682 esse
953 1637 996 1684 ex
1021 1626 1138 1685 natura
1162 1643 1232 1708 sua,

89 1745 146 1790 seu
170 1722 394 1808 essentialiter,
411 1722 575 1792 diversam
592 1744 611 1788 a
626 1721 785 1810 delegata,
801 1729 832 1789 et
846 1719 1032 1790 nullatenus
1052 1722 1235 1794 habendam

89 1853 158 1899 esse
186 1839 340 1922 tanquam
371 1829 608 1921 privilegiatam
640 1827 782 1919 aliquam
809 1827 1044 1918 jurisdictionis
1079 1830 1235 1923 delegatae

89 1938 242 2028 speciem.
274 1942 306 2005 3ο
335 1937 393 2006 Est
420 1937 535 2026 regula
566 1937 603 2004 in
628 1936 704 2026 jure
729 1936 922 2022 certissima,
954 1935 1138 2028 delegatum
1170 1965 1236 2012 non

89 2066 184 2135 posse
204 2065 335 2112 censam
357 2044 449 2112 alteri
466 2043 627 2132 delegare,
651 2065 709 2110 seu
727 2043 803 2112 dare
823 2042 983 2135 judicem
1001 2067 1020 2112 a
1037 2069 1102 2138 que
1123 2051 1237 2140 regula

89 2149 254 2240 excipitur
265 2150 436 2218 dumtaxat
450 2149 625 2238 Delegntus
638 2150 736 2240 Papae
755 2176 763 2216 :
781 2157 904 2218 constat
919 2173 959 2218 ex
972 2153 1075 2244 capite
1094 2157 1236 2226 Causam

93 2259 162 2350 (62,
191 2257 232 2326 de
250 2257 405 2350 lipperti),
427 2257 461 2324 in
483 2279 548 2348 quo
570 2256 615 2326 sic
639 2255 777 2325 habetur
795 2284 803 2326 ε
819 2280 894 2326 cam
918 2261 1049 2328 nonnisi
1071 2261 1237 2356 deleqatas

89 2391 112 2434 a
140 2365 293 2458 Principe
321 2387 457 2434 causam
482 2364 589 2432 caleat
613 2363 676 2430 alii
695 2363 854 2455 delepare.
882 2364 1026 2435 Aliunde
1049 2391 1141 2459 posse
1165 2373 1235 2441 dari

86 2473 233 2564 jndicem
249 2497 268 2542 a
283 2473 414 2544 Vicario
430 2470 573 2563 generali
588 2471 737 2562 Episcopi
752 2471 972 2540 indubitatum
987 2483 1035 2542 est
1055 2477 1142 2566 apud
1156 2478 1235 2548 doc-

90 2589 198 2660 tores3
213 2589 245 2648 et
266 2587 391 2649 constat
411 2603 453 2648 ex
475 2578 578 2670 capite
600 2581 750 2646 Romana
777 2581 822 2669 (t,
845 2579 933 2645 tituli
960 2583 1013 2667 13,
1039 2580 1115 2650 libri
1142 2589 1172 2668 l,
1200 2587 1235 2656 in

91 2689 212 2776 sexto),
234 2687 327 2777 cujus
342 2709 473 2755 sensum
495 2687 539 2753 ite
557 2686 692 2776 exponit
705 2685 767 2776 ipsi
787 2688 924 2775 praelixa
946 2687 1100 2758 rubrica:
1121 2692 1235 2762 «Suc-

95 2821 113 2860 a
136 2817 245 2864 cessar
252 2792 406 2862 Officialis
417 2792 701 2880 excommunicati,
714 2795 1014 2863 excommunicatus
1024 2818 1089 2867 non
1099 2810 1158 2889 est,
1172 2803 1236 2874 nisi

95 2930 112 2968 a
137 2903 173 2970 in
186 2902 322 2970 crimine
333 2903 486 2970 damnato
498 2900 713 2969 communicet
729 2927 736 2968 :
751 2899 807 2968 illa
818 2909 926 2969 autem
939 2925 1014 2994 quae
1027 2918 1166 2998 exercet,
1180 2911 1237 2982 illa

95 3038 113 3075 a
137 3009 418 3078 excommunicato
434 3015 597 3094 manente,
612 3029 678 3075 non
692 3007 811 3096 valent,
834 3008 861 3075 si
872 3008 1058 3100 jurisdictio
1072 3015 1178 3084 solum
1195 3021 1236 3088 ab

96 3143 113 3180 a
136 3139 177 3185 eo
198 3124 325 3208 recepta
347 3115 408 3184 hoc
430 3116 516 3184 facit.
536 3139 552 3180 r
572 3115 624 3182 Ex
639 3135 705 3205 quo
720 3114 864 3204 legitime
888 3117 1104 3208 concluditur,
1128 3124 1237 3196 valida

93 3247 164 3292 esse
177 3247 253 3315 quen
268 3223 352 3293 fiunt
365 3244 424 3315 per
438 3245 514 3291 eum
529 3243 627 3313 quem
643 3221 705 3289 sibi
719 3222 886 3291 substituit
898 3225 1049 3296 Vicarius
1063 3235 1235 3326 generalis,

93 3339 125 3426 et
147 3354 191 3399 ex
214 3331 282 3399 sole
300 3329 525 3421 jurisdictione
545 3350 643 3420 quarn
664 3328 750 3396 idem
772 3329 923 3399 vicarius
944 3336 1105 3422 generalis
1125 3342 1154 3410 ei
1174 3345 1238 3413 im-

95 3440 247 3530 pertitur,
267 3437 365 3508 modo
386 3438 455 3529 ipsc
476 3437 629 3508 Vicarius
642 3435 803 3526 generalis
823 3436 884 3505 sub
904 3448 1238 3521 excommunicatione

94 3570 163 3616 non
183 3547 320 3626 existat3
336 3568 394 3614 seu
416 3545 486 3612 aliis
502 3544 663 3628 terminis,
687 3552 790 3634 potest
812 3542 963 3614 Vicarius
982 3554 1141 3638 generalis
1162 3556 1239 3628 dare

89 3654 250 3746 judicem.
268 3653 362 3723 Unde
381 3653 499 3721 merito
519 3651 634 3719 inferri
657 3650 787 3718 videtur
802 3673 878 3719 eum
897 3675 966 3721 esse
980 3657 1184 3730 ordinarium
1207 3673 1239 3733 et

95 3785 163 3830 non
178 3761 375 3851 delegatum.
393 3761 471 3828 llaec
487 3768 594 3826 tamen
609 3758 701 3826 tertia
716 3757 863 3848 probatio
878 3758 1023 3851 eliditur,
1039 3787 1099 3856 por
1112 3769 1240 3860 opinio·

94 3893 172 3938 nem
184 3868 272 3961 apud
285 3868 466 3937 canonistas
478 3875 527 3934 sat
540 3873 715 3957 receptam,
728 3887 821 3957 posse
833 3865 1015 3956 delegatum
1028 3872 1070 3939 ab
1080 3873 1241 3970 Episcopo

95 3975 144 4046 ad
153 3975 436 4045 universalitatem
449 3995 637 4054 raucarum,
653 3973 755 4041 alium
766 3971 989 4063 subdelegare,
1003 3979 1116 4049 saltem
1131 3983 1181 4074 (ut
1196 3987 1241 4054 ait

95 4081 400 4172 Schmalzgrueber)
426 4103 467 4150 ex
487 4080 732 4150 consuetudine.
755 4081 848 4149 Tunc
870 4081 956 4149 enim
980 4091 1118 4174 potestas
1140 4089 1241 4162 dandi

94 4191 240 4284 judicem
257 4213 322 4258 non
336 4198 487 4280 argueret
500 4189 678 4257 necessario
690 4189 726 4257 in
739 4187 873 4258 Vinaria
886 4191 1032 4279 generali
1043 4191 1241 4283 jurisdictio-

97 4323 174 4368 nem
191 4296 408 4385 ordinariam,
424 4296 480 4366 sed
494 4305 620 4364 tanturn
630 4295 890 4386 jurisdictionem
905 4297 945 4365 ad
967 4300 1242 4378 universalitatem
