2998 4984
270 469 331 534 376
641 489 816 538 resmrrns
839 491 877 536 nn
899 489 1035 539 sumens.

267 611 398 706 quidem
422 611 596 703 appellari,
617 611 675 680 sed
690 611 872 703 supplicari
889 611 936 681 ad
953 613 1165 706 Episcopum.
1184 617 1317 685 -Non
1334 618 1406 686 satis

268 721 467 790 coherentes
483 720 543 787 hac
563 719 604 787 de
622 741 657 787 re
677 718 775 788 locuti
797 719 877 788 mihi
899 719 1053 789 videntur
1074 723 1226 790 nonnulli
1250 733 1402 793 auctores.

265 829 460 915 Leurenius,
474 826 566 896 verbi
577 827 694 915 gratia,
710 833 880 918 postquam
898 827 1014 918 (capite
1030 832 1064 916 2,
1080 828 1121 898 de
1133 830 1269 899 Vc'cariis
1280 832 1403 922 Epio,

265 944 379 1027 quaest.
413 934 472 1024 77)
502 932 696 1024 generaliter
729 934 882 1002 sustinuit
919 957 985 1003 non
1016 958 1085 1004 esse
1112 936 1220 1005 locum
1251 939 1405 1028 ejusmodi

266 1041 506 1134 supplicationi,
522 1047 632 1132 postea
648 1043 776 1134 (quest.
796 1041 850 1130 79)
869 1041 1010 1110 admittit
1031 1043 1209 1135 supplicari
1224 1067 1319 1136 posse
1341 1057 1404 1115 tum

264 1157 397 1242 propter
411 1171 589 1239 gravamen
603 1148 728 1216 illatum
748 1149 914 1219 aVicario
929 1149 1088 1238 generali,
1105 1158 1175 1218 tum
1191 1152 1317 1221 ratione
1335 1155 1405 1222 nul-

265 1253 365 1322 litatis
376 1254 539 1322 sententia
552 1253 593 1322 ab
608 1275 647 1322 eo
660 1254 890 1343 pronuntiate.
910 1254 1090 1346 Diligenter
1102 1278 1183 1346 ergo
1197 1259 1407 1349 expendenda
1454 1309 1455 1312 κ

265 1361 403 1454 quaestio
422 1370 481 1448 est,
503 1367 599 1452 atque
617 1360 781 1452 imprimis
801 1361 842 1430 ab
862 1361 1074 1451 ambiguitate
1093 1385 1193 1456 mam
1209 1387 1278 1456 prae
1299 1367 1407 1435 select

265 1469 531 1538 discriminanda.

310 1576 561 1667 Quadruplioem
578 1596 694 1666 nempe
714 1575 869 1644 oblinam
886 1575 1066 1667 concipitur
1086 1576 1159 1646 fieri
1179 1601 1272 1670 posse
1292 1579 1408 1650 dictam

265 1685 306 1755 ad
328 1685 524 1776 Episcopum
541 1681 809 1774 supplicationem
828 1710 835 1749 :
856 1688 887 1749 1ο
904 1691 940 1750 ut
955 1683 1140 1753 obtineatur
1155 1687 1274 1775 gretia,
1295 1687 1331 1755 id
1349 1699 1407 1776 est,

264 1792 414 1859 remissio
430 1811 535 1882 poenae
550 1810 608 1879 per
623 1788 816 1856 sententiam
827 1788 950 1857 Vicarii
961 1789 1121 1878 generalis
1132 1791 1298 1883 impositae
1304 1821 1314 1881 ;
1329 1798 1365 1860 2·
1375 1807 1411 1864 nt

266 1898 450 1967 obtineatur
465 1897 624 1965 restitutio
638 1919 744 1976 causae
760 1897 793 1964 in
809 1897 990 1987 integrum3
1011 1901 1043 1964 3ο
1060 1905 1096 1966 ut
1111 1899 1292 1992 Episcopus
1309 1902 1411 1970 irritet

265 2003 390 2073 Vicarii
407 2002 567 2092 generalis
585 2002 788 2088 sententiam,
806 2009 966 2093 quatenns
984 2003 1056 2094 ipso
1071 2004 1145 2095 jure
1164 2006 1307 2095 nullam;
1327 2013 1361 2076 4⁰
1377 2017 1411 2076 nt

266 2133 338 2179 eam
350 2109 455 2178 irritet
467 2115 628 2201 quatenus
641 2108 807 2198 injustam.
824 2110 1045 2191 Quaestionem
1061 2112 1167 2203 quoad
1180 2113 1258 2181 istos
1272 2123 1413 2205 quatuor

267 2241 359 2288 casus
374 2217 607 2308 expendamus.

314 2330 346 2393 1⁰
362 2326 472 2393 Potest
493 2323 566 2390 fieri
588 2322 780 2414 supplicatio
801 2324 843 2390 ad
861 2323 1058 2416 Episcopum
1081 2325 1115 2394 in
1139 2326 1227 2395 hunc
1250 2328 1352 2397 tinem
1378 2343 1413 2400 nt

268 2435 451 2504 obtineatur
471 2431 576 2520 gratia
599 2457 605 2497 :
628 2440 752 2499 certum
774 2440 821 2498 est
843 2432 930 2499 enim
953 2455 1045 2524 posse
1058 2433 1259 2526 Episcopum
1281 2437 1412 2507 alicnis

267 2542 401 2613 Vicaric
417 2538 562 2630 generali
576 2537 789 2607 condemnato
803 2539 942 2628 gratiam
960 2539 1077 2626 facere,
1096 2540 1129 2608 id
1145 2550 1205 2628 est,
1223 2565 1357 2634 poenam
1372 2545 1412 2613 ad

267 2673 366 2742 quam
382 2648 555 2715 damnatus
569 2653 617 2712 est
630 2644 826 2712 condonare.

313 2761 347 2823 2·
359 2755 502 2837 Quaestio
516 2776 559 2821 an
576 2752 676 2844 possit
691 2751 762 2820 lieri
781 2752 973 2844 supplicatio
993 2753 1035 2822 ed
1055 2753 1265 2824 obtinendam
1281 2759 1413 2826 restitn-

268 2865 387 2934 tionem
404 2862 438 2930 in
449 2861 628 2950 integrum,
642 2859 755 2927 recidit
765 2858 800 2926 in
814 2860 1027 2951 questionem
1041 2860 1115 2952 (sub
1130 2884 1270 2932 numero
1283 2868 1302 2931 8
1318 2865 1412 2934 modo

269 2969 448 3057 tractatam)
471 2990 514 3035 an
530 2967 710 3057 Episcopus
736 2967 836 3058 possit
857 2979 970 3035 contra
996 2970 1187 3036 sententiam
1211 2970 1338 3040 Vicarii
1363 2973 1413 3040 sui

268 3075 428 3168 generalis
443 3075 627 3156 restituere;
645 3082 742 3165 atque
756 3073 870 3142 eodem
885 3074 982 3142 modo
996 3083 1043 3142 est
1055 3074 1222 3144 solvenda.

315 3182 619 3272 3⁰1temquaesti0,
642 3203 684 3249 an
706 3183 806 3272 possit
825 3180 897 3249 fieri
921 3182 1111 3272 supplicatio
1131 3183 1173 3251 ad
1197 3185 1412 3279 Episcopum,

269 3301 304 3362 ut
330 3290 453 3358 nullam
480 3287 603 3357 Vicarii
630 3287 682 3356 sui
710 3288 870 3378 generalis
894 3289 1086 3356 sententiam
1112 3289 1264 3378 declaret,
1295 3295 1415 3384 pendet

267 3403 308 3470 ab
324 3399 424 3467 altera
439 3417 538 3489 quam
554 3395 640 3462 inira
656 3402 831 3464 tractamus
850 3396 1000 3487 (sectione
1025 3400 1055 3484 5,
1077 3419 1148 3488 cap.
1171 3401 1204 3486 2,
1220 3399 1242 3490 ξ
1260 3403 1292 3486 1,
1311 3425 1344 3492 q.
1365 3403 1413 3492 ²lr

268 3514 380 3575 utrum
400 3525 516 3593 nempe
539 3500 671 3592 querela
693 3500 848 3569 nullitatis
869 3503 1000 3568 tractari
1024 3501 1125 3592 possit
1145 3503 1292 3594 ajudice
1315 3506 1415 3575 Ordi-

267 3613 359 3682 nario
376 3610 433 3702 qui
448 3608 638 3677 sententiam
658 3609 892 3698 pronuntiavit,
915 3631 958 3677 an
980 3631 1058 3677 vero
1075 3609 1116 3678 ad
1135 3609 1280 3700 jndicem
1301 3614 1417 3706 appel-

266 3721 396 3790 lationis
429 3716 610 3786 necessario
640 3714 814 3784 deferenda
849 3715 902 3782 sit.
938 3717 1023 3785 Loco
1056 3727 1164 3785 autem
1194 3718 1338 3788 indicato
1372 3723 1418 3789 ita

267 3826 491 3897 concludimus
513 3849 520 3891 :
541 3830 662 3891 attento
678 3823 760 3912 jure
779 3823 912 3913 scripto,
936 3821 1068 3914 querela
1088 3822 1257 3912 nullitatis‚
1282 3835 1352 3895 tum
1375 3827 1419 3895 ab

268 3931 441 4004 Ordinario
456 3930 515 4024 qui
538 3929 727 3998 sententiam
750 3929 837 4016 tulit,
862 3937 932 3998 tum
951 3930 1090 4021 ajudice
1110 3931 1340 4022 appellationis
1361 3959 1421 4005 co·

266 4039 379 4133 gnossi
393 4045 539 4129 potestat
551 4035 674 4116 dirimi.
693 4037 742 4104 Ex
754 4035 920 4106 hodiernis
932 4059 1006 4104 vero
1018 4037 1163 4105 muudus
1173 4037 1418 4128 introductum,

267 4157 305 4217 ut
320 4146 360 4215 de
377 4168 416 4213 ea
434 4145 522 4213 solus
543 4141 645 4236 judex
669 4143 893 4235 appellationis
917 4145 1114 4234 pronuntiet.
1139 4145 1236 4232 Hinc,
1264 4149 1308 4216 ad
1334 4173 1421 4241 snp-

266 4253 471 4348 plicationem
499 4249 587 4341 quod
608 4250 732 4339 attinet,
760 4249 787 4318 si
811 4273 831 4318 a
852 4248 1007 4341 praedicta
1028 4250 1265 4322 consuetudine
1287 4255 1420 4325 abstra-
