3032 4976
561 471 635 518 raas
658 469 804 520 sununs.
1188 453 1250 520 343

111 612 323 682 personarum
348 614 422 684 qun
445 615 498 662 res
520 591 761 679 ecclesiastices,
785 593 989 685 politicasve,
1007 617 1044 664 uc
1062 595 1251 686 judiciarias

110 708 229 789 regunt
252 707 283 766 et
308 697 551 770 administrant.
578 703 612 768 2⁰
637 698 800 772 Strictiori
820 723 918 770 seusu
944 701 987 770 ed
1017 701 1251 792 designandam

110 805 329 876 collectionem
347 827 462 880 earum
484 829 712 899 personarum,
738 829 838 898 penes
858 830 939 899 qnae
955 807 1075 880 residet
1097 811 1144 886 roi
1162 811 1253 903 judi.

109 912 219 984 ciariae
234 912 500 986 administrando
522 921 674 1006 potestas.
694 917 727 982 3·
741 914 794 983 Ad
809 914 1059 1006 significandam
1071 917 1169 988 etiem
1183 917 1252 988 dic-

109 1029 218 1090 torum
241 1043 454 1114 personarum
477 1021 697 1110 residentiam,
714 1021 811 1095 idest
832 1021 941 1092 locum
962 1023 998 1094 in
1018 1046 1084 1116 quo
1099 1025 1132 1092 id
1152 1025 1251 1096 officii

109 1127 241 1223 explere
263 1128 378 1200 solent.
395 1129 463 1200 Nos
487 1129 539 1200 hic
562 1150 675 1199 vocem
695 1127 787 1198 illam
808 1129 844 1197 in
865 1131 1007 1203 soeundo
1030 1153 1139 1214 sensu,
1157 1134 1253 1204 strio-

110 1236 185 1306 ticri
204 1257 332 1328 nempe,
349 1235 574 1327 intelligimus,
592 1243 624 1306 et
644 1257 857 1328 usurpamus.
879 1237 1006 1308 Dicitur
1027 1245 1136 1309 autem
1159 1240 1252 1310 cuma

108 1365 127 1410 a
143 1364 222 1411 voce
236 1363 364 1424 curare,
381 1365 419 1411 eo
434 1341 524 1435 quod
539 1340 634 1411 dicto
651 1363 799 1433 personne
816 1342 969 1435 praefatas
984 1365 1036 1412 res
1050 1351 1177 1434 curent,
1194 1368 1252 1418 seu

108 1472 221 1520 eurum
244 1471 356 1520 curam
373 1457 497 1540 gerant.

152 1557 290 1641 Quando
304 1565 495 1628 cutemvox
513 1558 605 1628 curia
624 1556 660 1624 in
684 1579 785 1648 supra
807 1557 955 1649 exposito
977 1559 1130 1630 strictiori
1153 1581 1251 1632 seusu

107 1675 297 1757 usurpatur,
323 1665 651 1756 contradictinguitur
679 1663 721 1734 ab
739 1665 832 1734 aula.
862 1665 945 1736 Nam
975 1667 1050 1736 sula
1076 1667 1195 1736 dicitur
1210 1669 1250 1738 de

107 1795 221 1844 mum
250 1795 463 1866 personarum
490 1771 691 1858 collectione,
727 1794 803 1864 qum
840 1793 916 1841 cum
951 1773 1098 1865 principe
1124 1784 1157 1844 et
1188 1777 1251 1844 sub

105 1881 251 1974 principe
281 1902 350 1949 rem
380 1879 543 1972 politicam
571 1879 815 1967 administrent,
841 1878 1167 1974 jurisdictionemque
1190 1905 1251 1954 vo-

105 1987 284 2058 luntariam
313 1994 478 2073 exercent,
509 1986 563 2055 vel
588 1987 700 2056 saltem
736 2009 812 2056 cum
843 1987 989 2080 principe
1015 1988 1056 2057 ad
1083 1997 1250 2081 preosten-

106 2096 186 2164 dum
207 2094 236 2164 ei
257 2094 417 2166 honorem
439 2105 473 2164 et
494 2094 688 2186 obsequium
714 2101 904 2184 versentur;
926 2119 1001 2189 quae
1023 2119 1170 2189 persone
1190 2122 1250 2176 vo-

106 2209 221 2272 centur
236 2201 347 2271 culici.
366 2202 441 2272 Vox
457 2208 566 2270 eutem
582 2200 687 2288 curin,
698 2211 860 2292 quatenus
875 2201 916 2270 ab
931 2202 1006 2271 arula
1021 2201 1249 2294 distinguitur,

105 2332 159 2378 eas
173 2307 345 2380 dumtaxat
358 2331 513 2404 personas
528 2307 663 2395 indicat,
679 2329 755 2399 quae
771 2307 985 2399 expediendo
999 2309 1047 2379 rei
1064 2309 1248 2401 judiciarie

105 2416 311 2486 incumbunt.

149 2525 187 2593 ln
207 2523 315 2592 italico
339 2523 494 2592 idiomate
516 2521 583 2592 duo
600 2521 721 2614 puriter
743 2528 920 2590 occurrunt
940 2521 1098 2592 vocabule
1112 2536 1200 2594 corte
1218 2532 1250 2594 et

105 2631 212 2713 cumn,
232 2653 308 2722 qne
325 2630 434 2700 latinis
453 2630 542 2700 aule
561 2636 593 2699 et
612 2629 713 2698 uria
733 2636 844 2700 exerte
863 2627 1126 2720 correspondent.
1151 2629 1249 2722 (Vide

104 2737 310 2808 Cardinalem
327 2737 366 2807 de
381 2739 482 2824 Luce,
499 2738 531 2806 ll
548 2741 684 2809 Dottore
699 2737 843 2828 culpare,
861 2734 918 2804 lib.
940 2739 993 2824 lt,
1010 2759 1081 2828 ccp.
1100 2741 1130 2824 1,
1146 2760 1179 2806 n.
1199 2739 1244 2828 l.)

104 2845 234 2936 Lingua
263 2867 341 2915 voro
368 2845 496 2934 gellius,
528 2845 632 2934 magis
656 2865 772 2934 egena,
798 2842 927 2912 unicam
955 2863 1070 2912 uocem
1092 2845 1127 2912 ln
1153 2867 1244 2928 cour,

105 2963 175 3024 tum
191 2976 251 3045 pro
264 2954 352 3042 aula,
366 2961 436 3021 tum
451 2975 512 3046 pro
527 2950 650 3022 forensi
667 2951 761 3020 curia
775 2973 935 3042 usurpare
948 2951 1089 3040 cogitur,
1105 2959 1137 3020 et
1150 2975 1247 3030 voce-

104 3061 219 3131 bnlum
241 3060 423 3130 courtisans
446 3060 583 3152 (aulici),
605 3058 645 3128 ad
665 3079 804 3150 prorum
825 3080 957 3129 sensum
981 3057 1174 3150 detractum,
1200 3061 1248 3134 nil

104 3168 194 3238 eliud
207 3168 276 3260 jam
292 3191 390 3260 quam
406 3167 593 3239 aduutoros
605 3165 767 3256 designat.

147 3277 186 3344 ln
200 3277 352 3369 praesenti
366 3297 445 3366 ergo
460 3274 576 3367 capite,
593 3273 674 3344 dum
690 3272 890 3364 inquirimus
905 3271 946 3342 de
962 3274 1104 3368 antiquis
1118 3275 1246 3368 episco-

103 3384 187 3475 palis
202 3384 302 3453 curiae
323 3383 450 3469 formis,
470 3381 626 3472 indagare
648 3380 866 3468 intendimus,
888 3381 1054 3474 quomodo
1072 3384 1248 3456 constituta

104 3493 202 3562 luerit
226 3511 438 3583 personarum
467 3489 625 3578 collectio,
651 3511 727 3582 quse
754 3510 829 3564 cum
858 3488 1030 3581 Episcopo,
1062 3491 1115 3559 vel
1144 3491 1247 3582 ipsius

103 3599 294 3668 auctoritate
317 3605 350 3666 et
375 3599 521 3684 nomine,
544 3596 613 3688 juri
638 3596 780 3666 dicundo
807 3597 1051 3686 incumbebant,
1076 3620 1133 3666 seu
1158 3601 1245 3691 quod

103 3707 189 3775 idem
217 3712 277 3789 est,
291 3703 455 3797 quomodo
478 3704 629 3796 Episcopi
651 3703 795 3776 tribuual
819 3703 871 3774 vel
897 3703 1109 3774 tribunalium
1130 3705 1247 3776 collec-

104 3815 162 3902 tio,
179 3811 328 3882 ordinetc
345 3811 481 3880 luerint.

146 3924 188 3992 ll.
206 3959 247 3972 -
263 3923 384 3989 Fumea
400 3919 589 4012 epbcopalu
602 3921 702 3992 curce
711 3943 775 4012 per
785 3921 1048 4014 quinquepsioru
1063 3923 1248 3995 semla.-

102 4031 167 4114 Qui
185 4027 384 4120 antiquitatis
406 4033 616 4096 monumenta
636 4027 845 4120 pervolverit,
867 4027 934 4096 due
956 4031 1095 4119 reperiet
1113 4033 1248 4107 omnino

103 4146 212 4206 certa:
242 4141 275 4203 1⁰
297 4133 554 4226 Presbyterium,
582 4157 639 4204 ssu
666 4133 766 4226 (quod
792 4134 879 4204 idem
905 4137 963 4224 est)
990 4136 1174 4208 cathedrale
1189 4163 1247 4208 ce·-

104 4243 258 4336 pitulum,
287 4243 326 4312 de
351 4243 435 4312 lacto
462 4249 493 4312 et
519 4239 560 4310 de
581 4241 655 4333 jure
685 4241 787 4312 lubae
815 4242 987 4317 consilium
1013 4243 1187 4338 Episcopi;
1215 4254 1249 4316 et
