3030 4980
523 477 597 524 rans
619 477 764 524 amount.
1168 459 1229 523 l67

137 598 280 680 Quasrrc
295 602 342 668 2⁸.
357 637 402 654 -
416 601 466 668 Aa
482 601 625 668 Assacor
634 599 900 690 jurisdictiones
911 598 1054 668 habat?
1067 637 1110 651 -
1125 601 1163 668 ln
1173 597 1234 669 hoc

94 705 248 776 solvendo
286 707 424 798 quasito
461 729 528 775 non
558 707 621 774 sibi
648 715 799 775 constans
826 714 873 774 est
902 705 1118 795 Pellegriuus.
1149 708 1233 775 Nam

95 822 184 904 parte
206 817 239 900 2,
256 814 428 905 praemisso
452 818 484 902 3,
502 836 536 882 u.
566 818 620 900 26,
644 815 689 882 sio
705 813 825 882 habet:
849 815 944 881 «late
960 822 1067 882 autam
1083 816 1236 884 Assessor

98 941 196 988 esau
224 921 429 990 consiliarius
451 943 516 990 uon
540 921 636 989 habet
660 919 922 1011 jurisdictionem
950 921 1073 1010 (legcl
1102 921 1233 1005 codicis,

98 1053 115 1090 a
137 1024 178 1094 dc
190 1026 415 1111 assessoribus,
429 1038 460 1096 ct
471 1028 634 1113 Caravita,
646 1049 743 1119 super
755 1027 871 1096 ritibus
885 1049 1014 1118 magna
1029 1030 1128 1097 curiae
1137 1028 1235 1098 Vica-

98 1160 114 1200 o
138 1135 209 1222 riae,
226 1136 292 1204 ritu
308 1139 386 1223 295,
403 1158 436 1204 n.
456 1137 501 1226 2).
527 1162 544 1200 a
575 1135 670 1204 Parte
695 1141 806 1203 autem
834 1139 867 1221 l,
883 1133 1023 1203 sectione
1041 1137 1094 1222 lb,
1112 1158 1145 1203 n.
1165 1139 1203 1203 21
1226 1163 1233 1205 ε

96 1267 115 1310 a
137 1245 191 1310 Aa
207 1263 349 1312 assessor
362 1243 504 1334 aliquam
526 1243 642 1312 babeat
660 1241 919 1333 jurisdictionem
937 1241 1136 1334 aliquando?
1154 1243 1235 1312 Res-

98 1375 115 1414 «
138 1349 301 1440 pandatur
315 1349 531 1430 affirmative3
545 1350 715 1441 participat
730 1350 817 1418 enim
828 1349 869 1418 dc
882 1349 1108 1440 jurisdictione
1119 1349 1239 1442 judicia

98 1483 115 1522 a
141 1456 222 1546 (lege
239 1462 271 1544 1,
295 1457 330 1524 ff.
356 1455 395 1526 dc
414 1458 529 1549 Officio
545 1457 695 1548 Assera.);
724 1457 904 1547 prasertim
927 1456 1059 1549 quando
1072 1459 1175 1550 judex
1192 1469 1240 1528 est

98 1590 116 1629 a
138 1563 313 1656 impeditus
327 1587 370 1633 aa
390 1565 500 1656 aliqua
514 1587 611 1633 causa
623 1563 754 1656 publica
783 1585 900 1632 :secus
926 1565 960 1632 in
976 1587 1072 1634 causa
1096 1567 1240 1660 appella-

98 1697 115 1734 α
138 1671 248 1757 tionis,
266 1672 302 1739 in
316 1693 381 1762 qua
398 1671 522 1740 nullam
539 1669 637 1739 habet
649 1670 922 1761 jurisdictionem.
938 1697 956 1736 a

139 1777 286 1846 Relative
299 1779 341 1846 ad
362 1779 470 1846 curias
486 1779 672 1866 saculares,
701 1778 747 1845 sic
768 1777 902 1846 adnotat
915 1777 1210 1868 Schmalzgrueber
1229 1807 1237 1848 :

99 1909 116 1950 a
139 1883 294 1953 Ollicium
309 1907 425 1954 eorum
441 1895 473 1953 et
485 1885 666 1954 authoritas
682 1884 839 1954 hodierno
851 1886 926 1976 jure
943 1885 1048 1977 major
1063 1896 1123 1974 est,
1142 1911 1240 1978 quam

98 2017 116 2058 a
139 1993 274 2084 antiquo
292 2019 300 2059 ι
317 2015 392 2060 nam
416 1992 550 2082 antiquo
572 1990 833 2085 jurisdictionem
852 1992 978 2060 nullam
994 1993 1168 2082 habebant,
1185 1995 1241 2064 sed

98 2107 267 2167 nantum
280 2099 383 2190 judici
408 2097 624 2187 addebantur,
654 2107 689 2165 ut
719 2098 854 2168 consilio
873 2121 933 2169 suo
959 2099 1054 2170 illum
1067 2100 1238 2191 juvarent;

98 2234 116 2272 a
139 2207 226 2299 quod
236 2206 375 2298 proinde
384 2205 488 2297 judex
502 2206 596 2296 sequi
608 2206 787 2275 necessario
800 2207 1090 2278 contenebatur...
1101 2207 1241 2277 Hodier-

97 2341 116 2378 «
141 2337 182 2383 no
199 2321 308 2384 autem
319 2312 395 2405 jure
408 2314 444 2381 in
461 2313 626 2406 plerisque
641 2313 825 2404 principum
843 2313 1024 2382 dicasteriis
1034 2315 1242 2405 jurisdictio-

97 2449 116 2487 «
139 2443 215 2490 nem
231 2421 328 2490 etiam
341 2431 373 2489 et
388 2441 560 2490 causarum
576 2418 773 2487 decisionem
794 2420 926 2506 habent,
945 2429 980 2489 nt
996 2420 1076 2489 adeo
1092 2423 1157 2488 sint
1172 2423 1242 2490 veri

98 2555 116 2594 c
137 2527 275 2620 judices,
300 2549 337 2596 ac
351 2527 488 2620 proinde
508 2534 546 2596 ut
566 2527 651 2594 inter
676 2527 736 2594 hos
751 2528 875 2595 assumi
890 2529 964 2619 quis
989 2529 1102 2620 possit,
1118 2529 1241 2598 eaedem

97 2662 116 2702 c
140 2643 295 2728 petuntur
308 2634 477 2726 qualitates
492 2656 568 2725 quae
583 2642 737 2725 petuntur
752 2633 786 2701 in
797 2632 906 2725 judice
922 2660 939 2700 a
962 2635 1007 2726 (iu
1023 2635 1155 2704 titulum
1172 2640 1185 2703 l
1203 2635 1242 2705 de

93 2743 243 2824 Iudiciis,
261 2742 337 2810 libri
353 2740 618 2826 inserentium,
634 2763 669 2810 n.
689 2740 757 2830 ll).

140 2851 193 2919 Tu
207 2861 328 2936 uncas,
342 2849 382 2916 de
392 2848 645 2940 jurecommuai
658 2848 825 2935 canonico,
837 2848 961 2916 nullam
973 2850 1140 2918 Asscssori
1154 2873 1242 2918 com-

94 2967 203 3051 petere
216 2957 494 3049 jurisdictionem,
516 2955 683 3046 ipsiusque
696 2965 804 3047 partes
820 2979 888 3024 esse
903 2957 1075 3025 dumtaxat
1091 2967 1124 3024 ut
1136 2957 1240 3048 judici

93 3067 239 3158 praebeat
254 3064 399 3150 consilia,
413 3085 488 3155 quaa
504 3071 612 3132 umen
626 3063 654 3129 is
668 3061 761 3152 sequi
777 3085 842 3130 non
856 3071 994 3131 tenetur.
1012 3063 1094 3132 Nam
1111 3065 1239 3133 admitti

93 3196 161 3241 non
183 3173 277 3241 debet
301 3171 335 3238 iu
350 3173 520 3239 assessore
532 3168 715 3259 jurisdictio
729 3170 791 3237 nisi
806 3169 961 3260 probetur
978 3197 985 3237 ε
1005 3193 1071 3238 uon
1083 3171 1239 3262 probatur

92 3291 204 3349 autcm
218 3278 416 3347 sufficienter
431 3299 472 3344 ex
486 3275 555 3343 ullo
567 3276 651 3366 juris
666 3275 887 3367 dispositione.
911 3276 1006 3358 Quod
1020 3277 1048 3344 si
1062 3277 1180 3345 alicubi
1196 3301 1237 3346 ex

92 3387 328 3456 consuetudine
337 3385 390 3454 vel
401 3392 519 3452 statuto
529 3382 715 3474 particulari
728 3383 851 3474 aliquid
859 3383 1097 3474 jurisdictionis
1108 3385 1235 3474 babeat,

91 3494 203 3587 quoad
219 3493 280 3562 hoo
294 3513 360 3561 uon
374 3513 486 3560 merus
513 3493 665 3559 Assessor
680 3511 737 3558 seu
753 3492 975 3577 consiliarius,
992 3492 1049 3560 scd
1071 3491 1238 3581 delegatus

87 3603 194 3692 judex
211 3599 390 3670 censendus
403 3607 461 3666 est.

139 3709 281 3790 Quasrro
309 3710 353 3774 3⁸.
385 3744 429 3758 -
456 3706 506 3773 An
530 3704 633 3796 possit
657 3704 838 3795 Episcopatu
869 3701 994 3770 Viccrio
1021 3726 1078 3771 suo
1094 3704 1240 3794 pcneral'

91 3819 269 3885 &rasores
284 3814 460 3904 arripuere,
478 3833 516 3880 ea
537 3812 605 3903 lepe
628 3825 667 3880 ut
690 3832 804 3878 eorum
825 3808 999 3878 canalium
1019 3811 1111 3901 sequi
1127 3824 1238 3879 tenec-

93 3929 179 3992 tur?
194 3962 238 3976 -
262 3921 402 3993 Videtur
417 3920 613 3988 affirmative
629 3915 904 4010 respondendum,
933 3916 1039 4008 quoad
1058 3939 1159 3984 rrnarn
1182 3928 1239 3986 aut

90 4032 229 4100 alteram
244 4051 415 4098 causarum
439 4027 597 4120 speciem,
617 4049 707 4095 secus
725 4046 801 4094 vero
816 4025 924 4116 quoad
947 4045 1058 4092 omncs
1073 4026 1237 4114 generali-

92 4149 144 4208 ter
160 4161 283 4208 causas.
302 4137 338 4206 Si
354 4136 440 4205 enim
456 4135 515 4202 bac
529 4134 601 4224 lege
616 4141 780 4202 teneretur
793 4131 944 4201 Vicarius
959 4132 1119 4220 generalis
1131 4133 1238 4223 quoad

92 4269 209 4316 omues
223 4245 416 4339 generalitor
431 4263 556 4328 caum,
576 4242 646 4332 jam
662 4241 693 4310 ei
718 4261 783 4307 non
799 4247 995 4332 competeret
1013 4238 1241 4308 uniuersaliter
