3030 4980
556 509 631 554 ress
654 507 797 555 sacuam.
1182 489 1242 552 lot

109 657 126 696 a
148 637 327 720 suspectus.
351 655 368 693 r
390 627 589 720 (Pellegrini,
616 636 706 721 parte
722 633 755 717 2,
772 629 943 721 praemisso
960 633 993 713 3,
1020 652 1052 696 u.
1072 633 1125 714 26,
1143 629 1245 697 citans

101 737 262 804 Abbatem
289 735 583 824 Panormitanum.)
617 736 711 806 Ratio
742 744 801 821 est,
831 736 908 827 qnia
936 735 1043 804 dando
1073 735 1246 803 consilium

101 843 220 934 judici,
237 849 340 934 potest
354 843 389 910 in
400 842 472 933 ejus
487 841 678 910 sententiam
692 842 840 930 influere,
858 851 890 910 et
902 842 948 910 sic
962 863 1140 932 gravamen
1155 843 1248 910 alteri

104 950 312 1041 expertibus
335 949 467 1017 inferre.
486 948 580 1018 Unde
605 949 703 1040 parti,
719 972 794 1040 quse
819 971 996 1040 gravamen
1010 949 1114 1035 timet,
1132 950 1247 1018 merito

104 1055 305 1143 conceditur,
333 1063 372 1124 nt
384 1055 486 1147 possit
500 1075 610 1123 arcere
623 1056 841 1143 Assessorcm,
856 1055 914 1147 qui
929 1056 991 1147 ipsi
1007 1077 1049 1123 ex
1064 1076 1161 1123 causo
1176 1077 1249 1125 sus·

106 1171 220 1254 pectus
233 1171 291 1232 est.

149 1283 249 1350 Noto.
268 1279 382 1361 Quoad
395 1279 566 1372 qualitates
579 1278 613 1346 in
628 1279 799 1348 assessore
809 1278 993 1370 requisitas,
1012 1285 1120 1346 tenent
1136 1278 1246 1348 docto-

105 1409 158 1456 res
174 1409 239 1456 non
254 1387 378 1479 requiri
391 1395 428 1455 ut
441 1386 482 1454 sit
497 1387 531 1453 in
544 1387 619 1477 jure
632 1385 788 1454 canonico
800 1386 963 1455 laureatus
980 1413 987 1454 :
1006 1385 1122 1454 debere
1138 1395 1245 1454 tamen

105 1515 175 1562 esse
204 1494 363 1584 peritum3
398 1492 453 1560 sed
478 1492 639 1584 judicium
675 1491 715 1559 de
752 1491 812 1559 hac
849 1492 964 1584 peritia
996 1491 1100 1583 judici
1137 1493 1246 1583 ipsum

105 1599 283 1668 assumenti
312 1596 464 1690 relinqui.
494 1596 591 1689 (Vide
621 1596 864 1687 Pellegrinum,
894 1606 985 1690 parte
1016 1601 1053 1686 l,
1083 1608 1158 1667 sect.
1191 1601 1244 1686 16,

105 1729 141 1774 n.
161 1705 231 1797 23.)

548 1959 690 2030 CAPUT
714 1958 803 2027 XIII.

106 2181 146 2228 DE
158 2181 262 2228 EORMA
277 2180 455 2228 recusamur
473 2181 653 2228 ramundus
678 2179 819 2245 eviscovi,
840 2181 894 2227 SEU
910 2181 951 2226 ΔΝ
971 2181 1071 2228 Possm
1094 2183 1247 2230 EPISGOPUS

274 2297 426 2344 Tamum
448 2298 529 2346 SUUM
551 2297 694 2343 rodomus
714 2295 865 2344 sumemus
887 2297 1076 2345 COMPONERE.

154 2559 187 2624 1ο
201 2553 297 2638 Quod
311 2554 412 2646 possit
425 2553 560 2645 quilibet
572 2552 766 2622 Ordinarius
777 2553 929 2644 pluribus
948 2555 1103 2644 delegatis
1118 2578 1246 2626 causam

107 2662 254 2754 aliquam
266 2659 479 2752 judicandam
493 2659 708 2746 committere,
725 2660 770 2728 ite
790 2667 828 2728 ut
848 2683 889 2728 ex
905 2661 1040 2752 majoris
1052 2685 1166 2732 eorum
1181 2687 1248 2733 nu-

108 2771 192 2838 meri
221 2767 376 2857 suffragio
401 2766 511 2835 dirimi
540 2766 664 2852 debeat,
701 2767 936 2856 ambigendum
964 2791 1030 2836 non
1059 2781 1117 2838 est.
1147 2772 1249 2863 quue

106 2875 246 2968 proinde
259 2875 376 2966 poterit
390 2873 582 2964 Episcopus,
610 2895 685 2941 cum
714 2874 784 2964 ipse
805 2875 987 2965 presertim
1003 2875 1170 2945 Ordinarii
1185 2902 1250 2948 no-

108 2985 198 3052 mine
213 2980 446 3070 intelligendus
459 2981 579 3048 veniat.

154 3094 189 3156 2⁰
210 3089 282 3158 Nisi
305 3097 412 3156 tamen
435 3088 513 3154 velit
535 3087 715 3178 Episcopus
736 3087 906 3156 Vicarium
934 3109 1031 3158 sunm
1062 3093 1248 3180 generalem

107 3196 214 3288 gradu
230 3217 289 3263 suo
313 3195 463 3286 dejicere,
488 3195 575 3262 etad
591 3195 673 3262 meri
690 3192 829 3282 delegati
847 3194 1064 3265 conditionem
1089 3198 1249 3289 redigere,

107 3326 175 3372 non
201 3309 316 3393 potest,
342 3301 384 3368 ad
406 3323 517 3368 omnes
538 3300 730 3392 qenerolitcr
745 3323 870 3382 causor,
898 3301 1048 3393 pluribus
1070 3305 1248 3394 judicibus,

108 3409 244 3478 Vicario
264 3409 408 3498 generali
432 3408 605 3498 adjunctis,
632 3409 845 3497 compositum
870 3409 1014 3477 tribunal
1036 3413 1251 3491 constituere:

108 3516 201 3608 quia,
224 3524 262 3584 ut
292 3537 392 3606 supra
418 3514 541 3582 dictum
569 3523 628 3601 est,
656 3514 788 3582 Vicario
815 3516 959 3604 generali
984 3539 1061 3585 vere
1086 3529 1164 3587 tunc
1186 3544 1250 3592 non

109 3629 307 3714 competeret
320 3621 544 3690 univeraliter
562 3621 672 3712 (etiam
686 3620 850 3689 moraliter
871 3620 1046 3711 loquendo)
1075 3623 1254 3695 Ordinoria

103 3727 311 3822 jurisdictio.

157 3841 190 3904 3⁰
205 3837 314 3905 Potest
328 3843 436 3903 mmen
450 3834 629 3926 Episcopus
640 3835 747 3927 quoad
757 3855 857 3902 unam
870 3843 927 3903 aut
939 3836 1073 3904 alteram
1082 3860 1253 3910 causarum

110 3944 252 4036 speciem
270 3942 374 4034 (verbi
392 3942 499 4030 gratia
518 3940 626 4033 quoad
641 3941 826 4010 criminales
840 3943 964 4032 causas)
982 3944 1148 4034 collegiale
1162 3949 1255 4040 ejus-

110 4058 202 4129 modi
226 4057 369 4127 tribunal
394 4065 552 4144 statuere3
577 4058 655 4149 quia
677 4057 738 4125 hoc
759 4079 825 4126 non
850 4057 987 4148 impedit
1007 4061 1088 4150 quin
1107 4062 1258 4134 Vicarius

112 4165 275 4258 generalis
289 4164 505 4234 uniomsolem
525 4164 633 4232 adhuc
658 4164 835 4255 (moraliter
855 4163 1030 4256 loquendo)
1050 4167 1256 4258 jurisdictio-

117 4295 195 4342 nem
212 4271 415 4342 ordinsriam
427 4271 574 4340 retineat.
