3046 4962
574 467 647 512 rans
671 467 774 510 esraa.
1198 446 1237 514 23

14 557 15 644 i
114 611 129 648 a
152 585 317 652 versitates
339 586 476 653 scienta
497 585 532 653 S.
556 585 710 653 Pontihce
731 607 921 676 expressum
948 586 1155 677 privilegium
1181 587 1242 654 od-

14 695 15 768 t
114 719 130 755 e
152 691 300 760 mittendi
315 692 447 760 clericos
460 690 500 758 ad
515 691 660 783 publicas
674 691 785 780 legum
804 691 950 760 civilium
970 691 1122 762 lectiones
1138 693 1240 783 impe-

14 813 15 864 }
114 825 129 862 a
150 808 248 866 trare.
273 825 291 864 n

150 913 262 997 Quoad
279 914 556 983 denominationes
570 914 662 1005 juris
676 913 779 982 ciuilr's
794 923 826 983 et
844 915 936 1006 juris
954 917 1106 998 Romani,
1123 917 1242 1008 passim

109 1022 321 1090 acanonistis
344 1021 495 1112 usurpari
519 1021 640 1104 solitas,
661 1021 741 1089 sciat
761 1021 860 1090 laetor
879 1022 919 1089 iis
943 1022 1025 1090 nihil
1044 1023 1133 1092 uliud
1157 1023 1246 1093 desi-

109 1129 199 1216 gnari
213 1149 313 1219 qnam
329 1127 447 1196 editam
468 1127 509 1195 ab
528 1126 721 1220 imperatore
739 1128 922 1197 Justiniano
948 1129 1058 1220 legum
1078 1129 1240 1199 collectio-

109 1257 201 1319 nem3
219 1234 308 1326 qnod
323 1233 379 1325 jus
391 1233 485 1302 ciuile
501 1255 558 1302 scu
573 1237 770 1316 Romanum,
788 1233 829 1302 ad
844 1234 1009 1304 vitandam
1024 1258 1153 1304 omnem
1167 1259 1243 1305 am-

108 1341 311 1430 biguitatem,
329 1363 388 1410 uos
402 1340 437 1408 iu
452 1339 590 1410 decursu
604 1341 711 1432 operis
725 1340 968 1412 lustiniuoeum
983 1341 1180 1412 vocabimus.

520 1990 735 2088 SECTIO
774 1991 830 2086 11.

13 2195 14 2198 ¹
111 2237 249 2289 cauturus
272 2235 406 2288 BOELRSIAE
428 2235 585 2288 murmane
609 2235 724 2288 enorum
746 2235 847 2288 ulurttt
868 2235 1041 2288 tuntuuuuu
1065 2237 1246 2300 coruscum,

275 2345 304 2396 lo
327 2344 387 2407 EST,
407 2343 497 2395 mauu
520 2341 668 2394 EXTERNUM
690 2341 745 2394 CUM
766 2341 918 2394 ammam
941 2342 1077 2395 totunm.

564 2561 793 2572 .,.

12 2879 15 2956 r

152 2825 205 2892 Ad
235 2823 444 2893 evertendum
473 2821 667 2890 catholicum
698 2820 831 2908 dogma,
856 2820 896 2888 da
922 2829 1009 2888 certa
1038 2830 1069 2888 et
1097 2823 1138 2890 ah
1176 2824 1246 2914 ipso

12 2965 14 2968 ·
109 2931 238 2999 Christo
253 2939 382 3021 accepta
401 2928 574 3020 judiciaria
594 2927 746 2996 Ecclesiae
762 2934 927 3017 potestate,
944 2927 1026 2994 nihil
1047 2951 1112 2995 non
1135 2951 1247 2996 move-

108 3047 186 3106 runt
210 3035 411 3104 heterodoxi.
440 3036 597 3126 Apprime
622 3034 740 3102 scilieet
764 3033 995 3101 intellexerunt
1021 3032 1247 3104 damnatarum

110 3142 300 3235 opinionum
323 3142 461 3232 patroni,
480 3141 540 3210 sihi
557 3163 672 3231 porum
693 3138 981 3232 pertimescendam
1005 3139 1073 3208 fore
1096 3140 1246 3210 Ecclesia

108 3251 346 3336 auctoritatem,
373 3249 400 3316 si
427 3249 471 3316 ita
500 3255 727 3332 coarctaretur,
752 3253 787 3313 ut
813 3254 920 3336 posset
948 3254 1073 3314 tuntum
1097 3249 1245 3338 suadere,

12 3297 14 3396 i
109 3357 288 3448 deprecari,
317 3363 347 3423 et
375 3355 415 3422 ad
442 3376 608 3422 summum
634 3351 934 3439 excommunicare;
965 3352 1055 3420 nulla
1082 3364 1189 3424 autem
1213 3359 1248 3426 vi

12 3501 15 3554 4
109 3466 253 3533 coactiva
269 3463 414 3554 polleret,
430 3485 495 3552 qua
515 3483 586 3528 reos
602 3461 698 3529 etiam
720 3459 841 3527 invitos
865 3460 906 3527 ad
924 3463 1177 3551 comparendum
1194 3488 1249 3534 co-

12 3561 14 3620 i
109 3595 180 3640 ram
194 3594 254 3639 suo
269 3569 424 3638 tribunali
439 3567 656 3658 compelleret,
673 3589 728 3636 eos
742 3567 927 3648 discuteret,
945 3575 977 3636 et
992 3569 1100 3638 debita
1119 3579 1250 3640 senten-

109 3682 153 3748 tia
171 3679 334 3770 justisque
348 3684 379 3744 et
392 3675 538 3744 externis
553 3676 659 3764 poenis
680 3681 848 3741 coerceret.
874 3674 970 3762 Hinc,
988 3698 1048 3766 pro
1064 3679 1252 3767 questionis

110 3788 282 3877 gravitate,
299 3806 407 3875 operm
433 3782 573 3872 pretium
599 3779 744 3847 diximus
771 3781 1012 3870 praecipuorum
1039 3783 1133 3852 istius
1160 3787 1250 3854 modi

110 3914 260 3962 errorum
274 3889 446 3960 elenchum
460 3887 659 3980 promittere
683 3913 690 3952 :
711 3896 779 3955 tum
797 3888 976 3977 genuinum
998 3888 1098 3956 thesis
1118 3913 1249 3960 sensum

116 4005 165 4092 (ne
181 3998 250 4070 ulla
265 4004 452 4066 remaneant
472 4017 514 4062 ex
538 3993 793 4085 aequivocatione
813 3994 944 4084 effugia)
962 3994 1074 4064 sedulo
1099 3999 1252 4071 determi-

12 4163 13 4174 ,
111 4127 189 4174 nare
206 4131 214 4172 :
232 4125 269 4170 ac
286 4101 416 4170 tandem
433 4101 524 4168 varia
538 4107 744 4188 argumenta,
762 4099 882 4192 quibus
896 4121 973 4168 vera
986 4099 1047 4168 hac
1068 4101 1101 4169 in
1118 4126 1153 4173 re
1175 4108 1253 4176 dou-

113 4213 199 4280 trina
214 4208 322 4280 fulciri
338 4207 430 4294 solet,
449 4207 608 4276 evolvere.
