3046 4968
540 519 614 564 raas
637 519 741 564 rarus.
1154 497 1213 562 123

115 637 173 706 Vl.
189 639 314 706 Iterum
329 637 487 728 distingui
504 646 639 730 possunt
656 637 781 729 judices
798 637 894 730 juxta
915 639 1133 709 oeconcmiam
1149 663 1214 732 qna

72 743 280 833 reperiuntur
304 744 338 810 in
361 743 502 812 Ecclesia
528 743 705 830 constituti,
722 743 754 812 id
780 752 840 831 est,
853 745 949 836 juxta
972 746 1079 814 varios
1104 755 1209 836 potes-

72 850 143 916 tatis
166 849 332 941 judicialis
354 850 477 940 gradus
498 852 555 942 qui
573 850 652 942 ipsis
674 861 874 942 mnrpetunt.
901 853 942 920 Et
963 852 1008 920 sic
1028 855 1059 919 l⁰
1076 852 1216 922 occurrit

72 957 232 1028 Summus
257 957 411 1030 Pontifex
441 959 660 1028 universalem
686 958 794 1052 quoad
818 947 970 1028 materias
992 969 1023 1029 et
1047 983 1214 1052 personas,

72 1087 128 1132 sen
142 1065 251 1156 quoad
267 1088 381 1134 causas
405 1065 632 1134 ecclesiasticas
653 1089 780 1153 omnes,
795 1066 1055 1159 jurisdictionem
1071 1067 1211 1152 habens3

74 1175 104 1236 2·
119 1171 309 1242 Patriarcha
331 1193 391 1263 pro
411 1172 517 1240 causis
531 1195 606 1262 quae
623 1173 725 1265 ipsius
741 1173 949 1266 patriarchali
972 1174 1121 1266 potestati
1136 1175 1215 1244 suh-

70 1277 160 1365 jectae
176 1287 271 1365 sunt;
293 1281 326 1346 ³⁰
341 1279 469 1348 Primas
490 1279 569 1348 item
591 1279 698 1372 quoad
722 1301 835 1348 causas
858 1280 1037 1373 primatiali
1060 1281 1215 1350 tribunali

72 1385 260 1472 attributas,
280 1391 313 1456 t⁰
327 1385 608 1479 Metropolitanus,
621 1388 657 1456 iu
673 1387 714 1454 iis
727 1409 836 1478 quma
853 1387 1101 1481 metropolitana
1113 1389 1215 1481 juris-

73 1491 210 1560 dictione
227 1492 387 1585 pendent;
408 1497 439 1559 5⁰
456 1493 636 1584 Episcopus
658 1515 718 1585 pro
733 1493 838 1562 causis
860 1494 900 1563 ad
921 1518 1002 1587 quas
1018 1518 1087 1568 sese
1100 1504 1216 1564 exten-

71 1597 116 1666 dit
136 1599 329 1690 episcopalis
351 1600 553 1693 jurisdictio,
580 1605 612 1668 6⁰
636 1600 795 1670 Praelatus
815 1601 1078 1694 jurisdictionem
1106 1602 1216 1694 quasi-

72 1705 287 1798 episcopalem
304 1707 440 1794 habens,
456 1707 534 1776 item
550 1707 584 1776 in
599 1707 729 1798 sphaera
743 1730 818 1799 quaa
835 1707 897 1801 ipsi
913 1709 1081 1801 competit.

114 1812 241 1882 Praetcr
268 1813 426 1904 praedicta
455 1813 629 1882 tribunalia
668 1814 897 1902 ecclesiastica,
926 1815 988 1883 alia
1023 1815 1218 1884 intermedia

72 1919 266 2009 regulariter
292 1943 349 1990 seu
376 1919 474 1989 modo
498 1921 606 1990 stabili
629 1921 801 1990 constituta
830 1929 918 2008 sunt,
940 1931 971 1989 et
995 1923 1058 1990 alia
1082 1931 1219 2014 possunt

72 2027 328 2096 extraordinarie
344 2029 507 2096 constitui.
526 2029 651 2118 Nempe
671 2031 700 2094 l⁰
713 2030 979 2118 congregationes
1001 2029 1217 2099 cardinalium

72 2143 100 2200 et
115 2134 182 2202 alia
206 2133 359 2225 quaedam
376 2135 550 2203 tribunalia
566 2159 715 2222 romana,
731 2135 851 2227 quibus
868 2135 967 2204 Sedes
983 2136 1169 2228 Apostolica
1182 2135 1216 2204 in

72 2251 174 2309 certas
206 2243 359 2312 materias
385 2240 591 2334 judicialem,
616 2265 755 2334 eamque
788 2243 1002 2330 ordinariam,
1026 2251 1216 2334 potestatem

72 2346 224 2436 contulit,
241 2352 275 2416 2⁰
289 2348 413 2438 Legati,
431 2349 557 2436 Nuntii,
574 2357 605 2416 et
620 2348 813 2417 Visitatores
828 2348 1008 2441 apostolici,
1023 2349 1080 2440 qni
1097 2349 1219 2440 pariter

14 2493 15 2538 5
72 2455 275 2526 ordinariam
295 2455 515 2546 jurisdicundi
537 2463 727 2548 potestatem
752 2455 871 2524 habent
898 2455 932 2523 in
956 2455 1159 2545 regionibus,
1183 2455 1217 2522 in

72 2565 192 2654 quibus
208 2571 246 2632 ut
259 2563 338 2632 tales
354 2563 611 2650 constituuntur,
631 2566 663 2630 3⁰
675 2563 802 2656 judices
815 2561 1000 2654 synodales,
1011 2563 1068 2655 qui
1081 2563 1116 2631 in
1131 2562 1218 2630 hunc

73 2671 171 2740 linem
201 2671 369 2761 eliguntur
394 2671 429 2740 in
455 2670 598 2762 qualibet
619 2669 763 2756 diaecesi,
788 2678 824 2738 ut
845 2670 885 2738 iis
906 2668 1006 2738 Sedes
1032 2668 1218 2762 Apostolica

14 2861 15 2866 ἵ
72 2779 174 2869 possit
187 2801 301 2846 causas
313 2779 347 2846 in
359 2777 506 2870 partibus
520 2775 730 2847 excutiendas
746 2776 973 2864 committere;
988 2777 1086 2846 l⁰alii
1101 2800 1121 2845 a
1134 2776 1219 2846 Sede

73 2885 260 2977 Apostolica
270 2885 310 2954 ad
320 2885 465 2980 aliquam
477 2885 707 2978 particularem
719 2907 852 2954 causam
864 2883 1078 2975 judicandam
1091 2883 1218 2976 jndices

14 3041 15 3088 ;
72 2992 331 3062 extraordinarie
360 2989 525 3085 deputati,
547 2996 579 3060 5⁰
601 2991 753 3062 Virarius
775 2991 939 3082 Episcopi,
961 2991 1018 3081 qui
1041 3013 1082 3058 ex
1108 2989 1217 3058 cilicio

14 3091 15 3142 Ὗ
73 3100 171 3170 habet
184 3100 387 3170 ordinariam
406 3099 625 3191 jurisdicendi
646 3107 852 3192 potestatem,
868 3099 915 3166 ila
932 3106 1042 3166 tamen
1057 3097 1217 3189 Episcopo

14 3211 16 3288 l
73 3209 254 3300 subjectam
271 3216 306 3275 ut
328 3208 428 3299 possit
448 3207 628 3298 Episcopus
649 3207 734 3274 intra
756 3215 859 3275 certos
879 3204 1001 3274 limites
1021 3227 1095 3274 eam
1108 3227 1219 3273 coarc-

14 3329 16 3418 [
73 3325 159 3403 tare3
180 3318 212 3381 6⁰
229 3313 284 3382 alii
302 3313 427 3405 judices
443 3336 525 3404 quos
548 3311 806 3381 extraordinarie
822 3319 854 3380 et
870 3334 929 3404 pro
944 3312 1041 3380 certis
1062 3311 1217 3382 determi-

14 3419 16 3514 l
72 3423 158 3490 natis
173 3421 279 3490 causis
298 3421 492 3488 constituere
512 3427 616 3512 potest
637 3419 832 3510 Episcopus,
846 3419 970 3488 aliusve
986 3419 1147 3488 Praelatus
1161 3420 1218 3488 de·

73 3527 206 3619 legandi
223 3535 375 3618 potestate
395 3525 531 3618 pollens.

14 3633 15 3716 ξ
118 3637 196 3706 VII.
219 3635 364 3705 Relative
390 3633 432 3702 ad
457 3633 699 3728 appellationes,
721 3635 822 3728 judex
848 3636 934 3706 alius
960 3635 1215 3727 melioraque,

14 3737 16 3790 ἕ
74 3745 184 3830 idest,
200 3766 220 3810 a
235 3741 328 3834 cujus
341 3743 499 3812 sententia
513 3742 710 3834 appellatur,
727 3753 759 3812 et
773 3742 857 3812 alius
871 3741 918 3812 ad
931 3767 1039 3836 quem,
1057 3743 1091 3810 id
1106 3750 1165 3829 est,
1177 3740 1218 3810 ad

14 3845 15 3904 ἐ
74 3850 170 3941 cujus
189 3849 332 3919 tribunal
347 3847 384 3918 fit
398 3848 582 3940 appellatio.
