3046 4968
528 486 602 530 erus
631 483 738 530 eurus.
1147 465 1208 528 tao
1244 479 1248 488 '

82 633 96 671 a
118 607 320 699 improbitate
346 605 463 674 merito
483 614 667 697 suspectum
694 629 727 672 se
750 602 856 672 reddit
872 603 911 691 is,
930 605 986 696 qui
998 604 1145 696 judicare
1160 604 1212 673 vel

83 743 96 778 n
115 714 269 804 judicanti
285 714 433 782 assistere
449 714 520 782 vult
535 715 568 780 in
583 735 691 799 causa,
704 712 797 804 cujus
812 721 885 781 ante
899 711 1119 782 defensionem
1136 735 1211 780 sus-

84 851 98 884 «
117 821 196 912 cepit
213 850 222 889 :
240 821 449 913 nequeenim
466 821 624 911 praesumi
648 826 751 908 potest
774 819 1043 910 pronuntiaturus
1063 827 1119 887 aut
1134 842 1212 887 sua-

84 955 98 990 n
119 952 211 996 surus
227 927 384 997 adversus
399 950 450 1014 ea,
465 950 540 1017 qum
556 935 629 995 ante
648 934 803 1017 tanquam
816 926 903 1017 justa
921 925 1076 994 defendit.
1103 951 1119 988 u

117 1034 205 1104 Circa
221 1037 404 1127 expositam
422 1034 571 1125 regulam
587 1032 804 1126 quaerandum
820 1034 973 1119 occurrit,
987 1041 1099 1100 utrum
1116 1034 1157 1100 sit
1172 1035 1212 1102 dc

78 1144 143 1233 jure
157 1142 311 1229 naturali,
327 1165 369 1212 an
385 1165 463 1212 vero
479 1150 604 1212 tanturn
631 1139 670 1208 de
692 1141 766 1232 jure
792 1141 950 1231 positivo;
969 1149 999 1207 et
1021 1142 1155 1232 iusuper
1170 1163 1213 1210 an

81 1249 247 1319 hodiedum
263 1251 373 1339 vigere
395 1247 554 1317 censenda
569 1249 627 1330 sit3
645 1248 689 1314 ita
711 1257 747 1315 ut
769 1247 865 1315 hodic
883 1247 981 1316 etiam
1004 1248 1150 1316 nullitate
1166 1249 1214 1316 lo-

82 1355 161 1424 boret
173 1355 337 1448 judicium
352 1355 616 1439 ecclesiasticum,
634 1355 668 1420 iu
691 1377 756 1444 quo
772 1352 856 1422 dicta
871 1354 984 1443 regula
999 1354 1118 1423 violata
1132 1354 1209 1424 fuit.

120 1466 149 1528 t‘
164 1461 214 1530 Ad
228 1462 283 1553 jus
297 1463 442 1530 naturale
460 1461 575 1530 merito
597 1461 767 1528 referenda
779 1459 910 1530 videtur
929 1460 1066 1552 praelata
1088 1462 1210 1550 regula.

82 1568 154 1636 Nam
175 1567 216 1636 de
234 1569 309 1660 jure
337 1569 475 1637 naturali
498 1578 558 1654 est,
576 1576 612 1636 ut
628 1568 651 1634 ii
672 1591 737 1634 uon
761 1569 998 1650 constituantur
1014 1567 1119 1658 quoad
1140 1591 1217 1636 cer-

83 1685 139 1744 tam
164 1699 339 1745 causarum
367 1676 506 1768 speciem
530 1676 669 1766 judices,
691 1675 760 1766 qui,
785 1683 906 1742 attenta
930 1675 1077 1744 humana
1101 1677 1214 1745 condi-

82 1783 171 1870 tione,
187 1783 346 1875 injustam
369 1806 457 1874 slepe
473 1783 665 1850 sententiam
687 1783 721 1849 in
747 1780 936 1872 hujusmodi
962 1783 1069 1850 carrsis
1084 1783 1215 1874 proler-

83 1899 144 1958 rent
161 1919 169 1959 :
186 1891 275 1982 atqui
296 1891 481 1983 frequentes
506 1899 602 1957 erunt
623 1889 753 1980 injustae
780 1889 960 1974 sententiae,
979 1889 1006 1956 si
1027 1889 1050 1956 ii
1069 1890 1215 1981 judicent

82 1998 132 2086 qui
146 1998 292 2067 advocati
317 2019 439 2065 munus
458 1996 493 2065 iu
508 1996 620 2064 eadem
643 2018 740 2064 causa
762 2004 918 2085 cgeruut3
937 2004 973 2065 ut
988 2005 1074 2086 patet
1094 2021 1134 2066 ex
1161 2021 1216 2066 ra·

82 2103 160 2171 tione
180 2128 199 2172 a
219 2105 314 2172 citato
330 2102 622 2192 Schmalzgrueber
642 2102 739 2170 allata
757 2131 764 2169 :
782 2111 813 2170 et
828 2100 958 2171 aliunde
982 2103 1038 2170 illa
1057 2103 1217 2196 injustitia

83 2209 167 2279 facile
192 2211 371 2304 precaveri
401 2218 516 2303 potest,
543 2232 656 2278 causas
686 2209 877 2300 hujusmodi
906 2210 1112 2278 attribuendo
1142 2212 1217 2281 aliis

78 2317 248 2406 judicibus,
265 2319 322 2410 qui
346 2340 387 2386 ex
412 2317 496 2386 dicta
522 2316 644 2386 ratione.
668 2317 807 2408 suspecti
834 2338 897 2384 nou
925 2316 999 2384 sint.
1019 2318 1106 2407 Ergo
1131 2329 1218 2388 recta

83 2426 155 2494 ratio
170 2425 271 2493 dictat
283 2433 315 2493 et
331 2425 387 2515 jus
407 2423 553 2492 naturale
579 2423 740 2514 praecipit,
758 2433 794 2491 ut
809 2446 829 2489 a
844 2422 1023 2513 judicanda
1042 2447 1139 2492 causa
1158 2447 1214 2494 re-

83 2541 247 2601 moveatur
257 2532 372 2623 judex,
388 2531 445 2622 qui
462 2531 495 2597 in
509 2530 624 2599 eadem
638 2553 734 2598 causa
749 2530 839 2621 prius
854 2529 1048 2598 advocatum
1067 2533 1144 2620 egit.

21 2641 22 2644 ’
121 2645 152 2706 2⁰
167 2641 259 2709 ldem
276 2639 376 2710 simul
395 2662 437 2706 cx
461 2639 531 2728 lega
551 2639 761 2706 ecclesiastica
786 2638 1013 2728 praescriptum
1029 2637 1091 2706 luit
1110 2666 1116 2706 :
1137 2663 1211 2710 uam

82 2746 122 2813 ita
148 2747 270 2814 terebat
295 2747 350 2814 lex
377 2746 495 2816 codicis
525 2745 731 2830 dominicum,
757 2769 775 2812 a
802 2745 898 2812 citato
925 2743 1216 2835 Schmalzgruehcr

82 2853 229 2943 allegam
245 2861 276 2922 et
297 2852 403 2942 legem
428 2853 520 2920 illam
542 2853 636 2943 praxi
659 2874 752 2920 suam
775 2850 851 2918 lecit
875 2851 1026 2920 Ecclesia.
1055 2853 1217 2924 Preterea

21 3041 23 3066 ι
83 2972 208 3029 cautum
225 2961 287 3029 luit
297 2961 371 3051 jure
386 2959 611 3046 ecclesiastico,
630 2967 665 3026 ut
685 2958 771 3027 infra
793 2957 1013 3044 ostendemus,
1028 2982 1068 3029 ue
1083 2983 1215 3030 causam

21 3095 22 3164 p
82 3068 221 3156 judicare
235 3077 342 3159 posset
358 3068 460 3159 judex
482 3075 650 3157 suspectus
672 3065 853 3156 suspicione
869 3087 933 3133 uon
957 3065 1100 3136 frivola:
1094 3091 1216 3159 ·porro

21 4005 23 4050 l

21 3197 135 3304 qut
125 3174 375 3244 ''advocatum
368 3197 403 3242 m
422 3174 537 3243 eadem
554 3196 651 3240 causa
675 3173 754 3261 egit,
772 3171 865 3240 hoc
857 3194 928 3262 1pso
948 3173 1032 3242 inter
1052 3185 1216 3266 suspectos

21 3251 23 3358 l
82 3281 199 3370 judices
222 3282 427 3374 reponendus
442 3289 507 3368 est;
526 3289 557 3348 et
575 3303 780 3372 nequaquam
796 3278 925 3365 frivola,
944 3280 1000 3348 sod
1020 3284 1216 3370 gravissima

21 3359 23 3490 i
87 3390 200 3458 ratione
216 3389 394 3458 laudatur
386 3413 420 3456 in
434 3388 495 3456 hoc
511 3411 586 3456 cusu
608 3387 761 3477 suspicio.
779 3387 867 3474 Ergo
881 3394 1036 3478 tauquam
1061 3392 1217 3460 naturalis

21 3501 23 3594 1
85 3497 224 3565 simulet
247 3495 486 3565 ecclesiastici
475 3495 561 3586 juris
587 3493 757 3584 dispositio
778 3493 926 3561 habenda
945 3504 992 3561 est
1008 3497 1133 3585 regula,
1153 3522 1218 3589 qua

87 3604 263 3674 decernitur
277 3627 317 3672 uc
329 3604 431 3696 judex
446 3603 552 3672 valide
572 3602 782 3695 pronuntiare
805 3602 905 3692 possit
918 3602 952 3669 in
970 3625 1079 3690 causa,
1097 3607 1131 3673 iu
1153 3629 1218 3699 qua

87 3713 274 3780 advocatum
288 3713 366 3802 ogit

128 3819 333 3888 t⁰Praedicta
356 3820 408 3888 lex
434 3819 613 3890 hodiedum
636 3817 796 3890 censenda
811 3832 858 3890 cst
878 3823 913 3892 in
935 3831 1002 3891 toto
1025 3845 1085 3890 suo
1103 3823 1219 3893 robore

90 3949 282 4015 permanere.
313 3927 434 3995 Nam
423 3951 478 4018 Jus
507 3928 651 3996 naturale
682 3952 810 4021 semper
837 3929 925 3998 idem
956 3939 1136 4021 permanet,
1161 3955 1220 4002 nec

21 4085 22 4110 p
89 4043 190 4102 contra
205 4035 314 4124 ipsum
330 4033 397 4102 ulla
409 4033 520 4103 induci
542 4044 646 4127 potest
670 4037 816 4125 legitima
839 4037 1049 4128 praescriptio.
1067 4037 1217 4130 insuper,

21 4227 22 4238 ἵ
89 4141 185 4208 etiam
196 4149 356 4232 quatenus
375 4141 588 4211 ecclesiastica
610 4142 782 4212 dumtaxat
804 4143 1016 4230 considerata,
1033 4144 1084 4213 lex
1102 4146 1141 4213 de
1155 4170 1220 4238 qua

21 4267 22 4320 l
91 4250 213 4338 agium
235 4249 372 4316 minime
396 4249 590 4320 absolevisse
614 4251 753 4320 dicenda
776 4260 842 4338 cst;
861 4252 939 4343 quia
953 4251 1084 4343 probari
1110 4257 1221 4345 nequit
