3030 4980
297 443 361 510 384
673 467 850 517 reserares
874 471 914 518 nr
936 469 1071 518 marcus.

293 587 449 680 Episcopi
458 585 719 680 jurisdictionem
736 591 845 680 babet,
861 591 917 660 sed
934 591 1106 660 dimidiam
1127 592 1199 684 ejus
1216 599 1340 684 partem
1362 601 1431 660 tnn-

294 705 385 782 rum,
411 717 489 784 ergo
514 695 626 786 nequit
652 719 721 766 esse
744 721 856 786 verus,
871 699 908 766 in
928 721 1025 767 sensu
1046 698 1145 789 juris,
1161 697 1326 767 Offirielis.
1352 699 1433 768 Hinc

294 801 447 871 Officialis
462 801 518 894 qui
534 803 575 870 ab
591 803 750 896 Episcopo
765 805 978 896 deputaretur
990 828 1142 898 expresse
1157 815 1189 875 et
1203 806 1382 876 restrictire
1393 807 1432 874 ad

293 909 500 980 contentiose
515 907 749 1000 jurisdictionis
771 911 974 1000 exercitium,
992 935 1198 1004 nequequam
1210 913 1293 982 foret
1306 915 1433 1006 proprie

293 1018 399 1087 dictus
412 1015 578 1101 Officialis,
589 1016 644 1083 sed
659 1039 767 1085 merus
778 1016 962 1108 delegatum
977 1020 1104 1112 ipsique
1117 1019 1320 1112 applicandae
1333 1021 1436 1090 forent

293 1123 519 1216 dispositiones
540 1122 625 1213 juris
648 1145 723 1213 quae
746 1123 943 1214 delegatum,
961 1147 1028 1193 non
1047 1134 1157 1196 eutem
1171 1147 1246 1218 quae
1260 1125 1433 1195 Offirinlem

293 1231 427 1326 proprie
439 1229 563 1298 dictum
576 1228 766 1320 respiciunt.

337 1340 521 1408 Puerosrrro
552 1335 627 1406 ltu.
656 1373 701 1388 -
724 1339 836 1406 Potest
868 1338 1051 1432 Episcopus
1079 1339 1226 1432 aliquem
1255 1340 1434 1432 officialem

293 1470 406 1530 suum,
422 1467 479 1514 seu
498 1443 600 1536 (quod
608 1442 694 1512 idem
707 1443 765 1534 cst)
779 1444 927 1536 aliquem
937 1469 1039 1514 suum
1059 1447 1227 1516 Vicat-ium
1241 1449 1434 1540 qmmalcm,

292 1557 353 1626 sub
360 1576 465 1647 poena
478 1551 702 1634 revocationis,
721 1574 788 1619 nou
802 1565 915 1621 autem
929 1554 1099 1645 subpoeua
1111 1555 1435 1636 nullitatisoctuum,

293 1685 415 1755 cepere,
441 1673 480 1728 ut
500 1659 553 1727 vel
570 1658 806 1727 contentiosam
828 1671 972 1743 tautum,
989 1662 1042 1729 vel
1062 1661 1288 1730 uoluntariam
1305 1673 1438 1730 lautum

286 1768 554 1864 jurisdictionem
574 1778 729 1834 mereat.
751 1767 894 1836 -Nam
909 1775 1035 1836 certum
1051 1776 1100 1837 est
1114 1769 1286 1840 Vicarium
1302 1791 1438 1860 genera

292 1877 357 1946 lem
368 1897 437 1944 esee
452 1873 622 1943 adnutum
637 1872 788 1964 Episcopi
803 1873 1019 1944 revocabilem
1033 1886 1082 1956 ;et
1095 1899 1170 1946 eum
1184 1875 1339 1946 Officialis
1353 1876 1437 1944 idem

292 1984 384 2054 sitin
395 1983 470 2074 jure
480 2003 518 2050 ac
528 1979 688 2070 generalis
700 1980 866 2070 Vicarius,
880 1991 968 2050 certe
979 1991 1027 2051 est
1042 1985 1165 2075 puriter
1176 1983 1331 2053 Officialis
1341 2007 1439 2053 revo-

292 2091 458 2178 cabilites3
475 2111 554 2178 ergo
566 2095 669 2179 potest
681 2088 861 2179 Episcopus
872 2099 1049 2182 utrumque
1068 2113 1235 2179 revocare,
1248 2092 1277 2160 si
1292 2090 1438 2160 officium

292 2223 390 2268 auum
413 2196 508 2266 modo
528 2219 547 2264 a
570 2218 603 2263 se
629 2196 821 2287 praescripto
845 2219 911 2266 nun
933 2199 1072 2289 expleat.
1095 2199 1183 2290 Ergo
1204 2201 1245 2286 si,
1262 2201 1376 2292 jussus
1398 2200 1438 2267 ab

292 2309 452 2400 Episcopo
463 2304 559 2372 talem
576 2303 745 2372 dumtaxat
755 2303 1013 2395 jurisdictionem
1028 2328 1193 2394 exercere,
1207 2308 1343 2376 ulterius
1357 2329 1439 2398 pro-

292 2415 395 2500 cedet,
412 2410 528 2504 poterit
541 2411 582 2479 ob
598 2411 659 2478 boc
673 2410 854 2503 Episcopus
868 2433 944 2480 eum
961 2422 1186 2482 exauctorare.

336 2519 401 2588 Sed
416 2526 588 2609 antequam
603 2527 785 2604 revocetur,
809 2517 967 2586 valebunt
984 2527 1075 2587 actus
1093 2517 1331 2610 jurisdictionis
1353 2541 1439 2586 con-

290 2629 437 2698 tentiusae
447 2625 488 2694 eb
499 2647 538 2693 eo
549 2624 644 2713 gesti,
658 2623 717 2714 qui
731 2622 844 2713 jussus
861 2633 910 2693 est
928 2625 1032 2692 solem
1045 2625 1263 2694 voluntarium
1276 2625 1439 2717 jurisdic-

291 2738 412 2805 tionem
439 2753 604 2816 exercere3
632 2739 663 2798 et
685 2731 757 2798 viee
782 2753 876 2798 verse
900 2733 1056 2800 valebunt
1080 2741 1171 2801 actus
1197 2731 1439 2823 jurisdictionis

289 2839 483 2912 voluntariae
498 2837 599 2922 illius,
616 2837 673 2927 qui
685 2836 796 2928 jussus
811 2848 860 2906 est
883 2837 985 2906 solem
1010 2841 1243 2908 contentiosam
1262 2860 1436 2924 exercere;

290 2972 395 3042 neque
411 2945 528 3039 pendet
541 2933 583 3012 ab
595 2945 755 3035 Episcopo
771 2953 807 3013 ut
821 2953 912 3012 actus
926 2945 974 3012 illi
996 2948 1062 3013 sint
1083 2947 1181 3014 irriti.
1200 2946 1286 3014 Nam
1306 2967 1347 3013 ex
1372 2945 1439 3036 by-

288 3057 427 3151 potbesi,
452 3065 588 3143 uterque
608 3063 655 3119 est
675 3074 773 3120 verus
792 3051 943 3122 Viearius
967 3053 1129 3141 generalis
1152 3076 1210 3121 seu
1233 3074 1332 3122 verus
1352 3051 1440 3121 Offi-

288 3165 378 3234 cialis
393 3191 400 3231 :
418 3162 478 3230 boc
493 3162 564 3252 ipso
577 3168 686 3228 autem
701 3159 798 3226 habet
812 3161 1039 3231 amousoliter
1049 3170 1221 3251 utramque
1231 3157 1441 3250 jurisdictio-

288 3295 364 3340 nem
393 3268 554 3360 Episcopi,
582 3266 800 3335 volunteriem
823 3266 945 3336 scilicet
968 3277 1000 3335 et
1021 3268 1274 3336 contentiosam:
1300 3275 1343 3352 et,
1372 3268 1440 3334 nisi

288 3403 359 3448 eam
376 3379 422 3445 sie
435 3375 627 3466 peneralitcr
642 3373 786 3460 baberet,
802 3383 915 3442 neuter
930 3375 1175 3444 essetVicnrius
1192 3373 1353 3463 generalis
1379 3385 1442 3442 aut

288 3484 455 3569 Officiclis,
473 3481 529 3550 sed
546 3503 655 3549 merus
668 3481 846 3570 delegatus.
863 3481 936 3550 lam
952 3504 1029 3550 vero
1043 3491 1134 3550 actus
1148 3482 1231 3571 gesti
1242 3481 1283 3548 eb
1294 3479 1442 3549 habente

287 3591 546 3685 jurisdictionem
561 3603 637 3656 sunt
652 3587 764 3674 validi,
791 3589 1004 3679 quantumvis
1025 3588 1231 3682 prohibuerit
1253 3587 1443 3679 Episcopus

289 3723 330 3770 ne
346 3699 386 3767 ad
402 3721 457 3767 cos
469 3696 686 3766 deveniretur.

333 3808 515 3874 Peorosmo
537 3803 593 3871 V⁸.
614 3841 658 3854 —
679 3802 861 3871 Discrimeu
883 3803 1066 3894 officialem
1092 3803 1178 3872 iuter
1208 3814 1240 3870 ct
1265 3802 1443 3872 Vicarium

290 3913 483 4003 pectoralem,
502 3911 537 3978 in
552 3910 592 3978 iis
607 3909 791 4000 ropionibus
807 3911 841 3977 in
864 3909 981 4000 quibus
1002 3909 1069 3978 duo
1091 3911 1161 3978 lucc
1178 3910 1287 4002 officia
1310 3907 1443 3979 distica-

290 4031 446 4110 puuotur‚
459 4041 525 4084 uon
533 4016 687 4107 prouenit
702 4039 742 4084 ec
767 4016 1030 4086 diversoriorum
1047 4017 1290 4107 jurisdictione,
1314 4017 1373 4084 scd
1399 4041 1443 4085 ca:

286 4136 449 4217 precepto
476 4123 641 4214 Episcopi,
669 4136 706 4190 ut
732 4145 818 4192 unus
832 4124 1069 4207 salutatoriam,
1089 4124 1173 4191 alter
1194 4125 1442 4194 contentiosam

292 4230 470 4300 dumtaxat
482 4228 748 4320 jurisdictionem
762 4243 918 4300 exerceat.
935 4269 979 4284 -
993 4231 1118 4300 Verum
1139 4241 1188 4299 est
1203 4231 1239 4298 in
1263 4233 1441 4301 nonnullis
