3030 4980
523 521 599 567 rans
622 513 770 570 areauna:
1150 502 1212 569 399

111 641 191 711 Haec
206 644 328 712 cursim
350 642 390 712 de
408 643 571 736 requisitis
584 668 604 713 a
616 645 690 735 jure
710 644 750 712 ad
770 643 943 713 vicariatus
961 643 1121 733 generalis
1134 645 1212 712 offi-

69 752 171 819 cium.
195 751 307 842 Neque
332 751 420 819 enim
445 751 583 820 minutis
605 751 768 843 ejusmodi
793 751 1028 844 quaestionibus
1053 751 1211 820 duximus

69 859 148 926 adeo
171 858 433 946 immorandum,
461 881 502 927 ne
521 859 675 926 lectorem
699 865 818 926 terreat
840 865 994 926 tractatus
1016 861 1119 927 nostri
1139 884 1212 930 mo-

69 965 125 1034 les.
145 967 330 1058 Antequam
346 975 456 1036 umen
475 967 516 1035 ab
534 966 595 1034 hoc
611 967 817 1058 paragrapho
839 989 977 1034 manum
993 968 1211 1056 retrahamus,

68 1073 123 1139 abs
147 1096 181 1142 re
200 1097 266 1143 non
286 1074 346 1141 erit
368 1073 526 1142 nonnulla
549 1073 720 1143 Monacelli
742 1073 843 1142 verba
867 1073 1068 1162 subnectere,
1093 1075 1212 1166 quibus

68 1181 183 1270 probat
194 1189 314 1273 quanta
324 1181 427 1248 sitine
457 1179 585 1269 igendis
599 1179 724 1250 idoneis
739 1179 879 1249 Vicariis
895 1181 1101 1270 generalibus
1117 1182 1212 1250 adhi-

67 1285 173 1355 benda
191 1287 370 1379 diligentia.
391 1313 409 1352 «
427 1287 585 1357 Vicarius
605 1286 698 1355 debet
716 1310 785 1357 asse
805 1287 924 1374 fidelia,
943 1288 1063 1357 scilicet
1080 1289 1115 1357 in
1130 1313 1212 1358 exe-

71 1419 87 1456 «
109 1393 254 1484 quendo,
273 1395 308 1462 in
325 1393 560 1481 referendo‚in
575 1399 696 1462 secreto
717 1391 870 1481 tenendo,
887 1394 921 1462 in
937 1394 1071 1465 consilio
1089 1395 1209 1484 dando,

71 1525 86 1564 a
109 1501 145 1568 in
166 1501 242 1591 jura
267 1501 403 1587 tuendo,
427 1509 459 1568 et
480 1501 517 1568 in
537 1500 801 1569 administrando
822 1501 995 1592 justitiam.
1020 1502 1146 1570 Probus

70 1631 87 1673 u
108 1608 192 1676 alias
207 1609 242 1675 in
256 1607 416 1698 gubernio
432 1607 514 1675 nihil
529 1608 688 1698 proficiet,
705 1607 760 1675 sed
774 1608 881 1699 potius
896 1608 1020 1692 clerum
1035 1616 1066 1676 et
1081 1609 1209 1701 plebem

71 1715 243 1783 «inficiet.
276 1715 377 1784 Debet
406 1737 475 1783 esse
506 1715 640 1783 scientia
668 1723 700 1782 et
728 1715 930 1806 experientia
956 1715 1108 1804 idoneus3
1134 1721 1211 1809 quia

69 1847 84 1886 «
110 1823 286 1914 imperitus
317 1844 383 1890 non
412 1829 517 1913 potest
551 1843 620 1890 esse
648 1821 751 1913 judex
787 1821 1032 1909 ecclesiasticus,
1065 1831 1102 1890 ut
1134 1823 1212 1893 dicit

69 1955 84 1992 «
107 1929 224 1998 Glossa
244 1930 290 2022 (in
315 1929 541 2021 praelationem
571 1929 796 1996 Distinetiom's
818 1932 873 2015 20,
895 1929 996 1996 verbo
1018 1931 1208 2022 Imperitis).

68 2065 84 2101 ιι
107 2035 201 2106 Alias
213 2038 241 2105 si
256 2037 434 2129 Episcopus
449 2035 618 2104 indoctum
641 2045 672 2103 et
687 2034 728 2104 ad
744 2033 889 2104 officium
908 2037 1057 2127 ineptum
1071 2035 1211 2130 deputa-

68 2171 84 2206 «
107 2153 171 2232 ret,
192 2145 335 2234 graviter
353 2151 511 2236 peccaret,
533 2151 569 2212 ut
584 2145 806 2212 communiter
820 2142 954 2212 tradunt
967 2144 1134 2214 Navarrus
1156 2198 1208 2237 ...,

68 2277 85 2316 «
107 2252 240 2320 Riccius
264 2303 315 2339 ...,
336 2251 507 2320 Garoias...
526 2251 567 2318 Et
585 2252 668 2319 ratio
684 2251 880 2320 convincens
899 2261 964 2335 est;
983 2253 1060 2342 quia
1079 2254 1212 2323 scientia

67 2385 84 2422 «
107 2360 151 2427 ad
172 2360 321 2450 regimen
335 2369 382 2428 est
401 2359 591 2450 simpliciter
612 2360 834 2426 necessaria...
857 2357 965 2428 ludex
985 2361 1137 2450 imperite
1153 2363 1211 2453 ju·

66 2492 83 2530 a
107 2465 248 2534 dicando
268 2466 390 2558 injure
408 2474 507 2554 certo,
525 2466 601 2533 facit
616 2465 706 2533 litem
725 2489 833 2554 suam,
855 2475 886 2533 et
903 2474 1030 2534 tenetur
1045 2465 1086 2534 ad
1104 2468 1210 2536 inter-

68 2601 84 2638 «
106 2597 179 2642 esse
198 2573 298 2666 partis
316 2601 374 2660 ...3
392 2573 469 2664 quia
489 2571 654 2663 imperitia
672 2581 910 2640 annumeratur
929 2571 1048 2662 culpae.
1067 2573 1211 2644 Caveant

65 2708 83 2746 «
106 2689 278 2773 propterea
293 2679 457 2772 Episcopi,
475 2701 515 2746 ne
531 2679 648 2770 pretio,
667 2686 724 2747 aut
742 2679 904 2771 precibus,
921 2679 993 2746 sive
1011 2680 1075 2748 alia
1094 2683 1210 2772 quavis

66 2813 83 2854 «
106 2787 263 2856 suadente
281 2787 417 2873 ratione,
433 2785 628 2854 inducantur
643 2785 682 2853 ad
701 2785 937 2853 assumendum
953 2784 1136 2874 Vicarinm,
1152 2791 1209 2882 qui

66 2901 216 2981 «aetatc,
245 2893 392 2963 moribus
417 2900 449 2960 et
474 2891 621 2960 doctrina
647 2893 777 2960 nonsit
804 2892 926 2982 gravis.
953 2893 995 2960 Et
1020 2915 1210 2987 quanquam

66 3029 82 3066 «
106 3011 189 3070 aetas
203 3005 244 3070 25
256 3023 421 3070 annorum
436 2999 602 3070 sufficiens
616 3000 650 3066 in
666 2999 741 3090 jure
755 3008 936 3091 reputetur,
952 3009 1061 3068 tamen
1078 3001 1210 3071 difficile

66 3137 82 3175 a
105 3118 169 3194 est,
188 3108 275 3200 qnod
296 3108 331 3176 iu
351 3109 413 3176 ista
431 3115 524 3176 aetate
539 3107 614 3198 quis
632 3107 673 3174 sit
696 3114 831 3197 aptus...
854 3106 928 3174 Non
951 3106 1079 3176 inficior
1099 3117 1209 3176 tamen

64 3245 82 3284 «
105 3217 197 3310 quod
212 3239 279 3285 non
294 3216 395 3307 possit
406 3215 524 3306 abquis
532 3212 664 3306 juvenis
676 3213 866 3304 hujusmodi
883 3215 988 3281 aetatis
999 3216 1065 3282 acri
1076 3215 1209 3306 ingenio

65 3351 82 3389 «
105 3325 318 3393 idoneitatem
341 3323 555 3392 necessariam
580 3320 714 3406 habere;
735 3319 791 3387 sed
813 3319 885 3387 dico
909 3320 996 3412 quod
1022 3344 1115 3391 casus
1133 3347 1209 3394 raro

65 3459 82 3495 «
106 3430 313 3520 continget...
336 3430 575 3520 Proptereaque
589 3427 742 3494 existimo
757 3425 844 3516 quod
859 3426 968 3494 sinon
984 3430 1084 3518 possit
1097 3429 1208 3499 baberi

64 3564 81 3604 c
107 3537 217 3627 magis
236 3537 394 3629 providus
409 3543 441 3604 et
461 3542 554 3602 aetate
574 3533 771 3625 provectior,
793 3532 907 3601 debeat
926 3555 995 3602 esse
1015 3535 1129 3603 saltem
1146 3538 1210 3604 tri-

63 3671 81 3709 «
104 3647 201 3736 ginta
213 3665 377 3711 annorum
391 3641 672 3732 completorum...
690 3665 707 3702 n
727 3639 834 3730 (Parte
852 3643 883 3725 1,
900 3639 950 3707 tit.
971 3644 1003 3728 1,
1021 3642 1163 3711 formula
1177 3649 1208 3733 1,

59 3775 94 3820 n.
127 3755 171 3818 24
200 3749 338 3841 etseq.)
372 3745 528 3839 nuqua
558 3747 730 3816 doctorum
760 3745 1001 3837 sapientissima
1030 3751 1155 3818 monita
1182 3752 1211 3820 si

59 3879 194 3950 semper
222 3858 454 3942 attenderetur,
490 3876 556 3923 non
592 3853 770 3922 identidem
807 3853 991 3922 acciderent
1029 3855 1210 3945 singulares

58 3965 218 4058 quaedam
233 3964 442 4034 Vicariorum
454 3962 656 4053 generalium
674 3961 925 4048 nominationes,
943 3984 1017 4053 quaa
1034 3963 1209 4056 plusquam

60 4074 274 4141 mirationem
297 4079 449 4159 movent3
475 4069 593 4162 qualis,
616 4067 710 4136 verbi
728 4067 846 4158 gratia,
867 4090 935 4136 non
956 4069 1069 4138 multis
1091 4072 1210 4142 abhinc

58 4181 158 4248 annis
169 4178 317 4268 contigit,
330 4178 412 4246 dum
428 4176 564 4270 quidam
582 4179 725 4270 (parcam
736 4175 841 4266 ipsius
854 4184 886 4244 et
900 4176 1052 4267 Episcopi
1066 4186 1098 4246 et
1110 4180 1208 4248 etiam

58 4283 206 4376 regionis
230 4283 375 4372 nomini)
390 4284 461 4373 qui,
476 4303 496 4350 a
512 4281 662 4350 saeculari
683 4279 724 4347 ad
744 4280 926 4348 clericalem
944 4281 1048 4350 vitam
1066 4285 1208 4372 gradum
