3032 4976
282 500 343 565 300
656 521 832 568 reimarus
853 522 892 568 nn
914 520 1046 568 tunrcrrs.

280 640 448 729 domicilii,
464 650 659 730 contractus,
676 643 723 710 rei
738 643 821 729 sita,
836 651 869 711 et
882 640 945 710 loci
961 642 996 708 in
1014 663 1080 732 quo
1102 646 1248 731 patratur
1262 637 1429 708 delictum

280 749 394 841 (eapite
410 750 498 818 Licet
519 754 574 838 20,
593 751 641 818 tit.
665 753 698 836 t,
715 749 772 818 lib.
792 754 811 817 2
837 748 977 838 Decret.)
999 755 1055 815 :at
1075 745 1191 816 nullibi
1218 754 1428 814 memoretur

279 856 387 925 lorum
404 857 526 926 ratione
541 857 809 949 deprehensionis
831 865 888 925 aut
914 854 1121 924 inventionis.
1141 853 1234 924 Unde
1254 876 1319 922 non
1342 853 1429 921 dari

278 963 375 1032 talem
390 963 498 1032 lorum
514 965 648 1034 omniuo
663 963 840 1034 tenendum
855 971 914 1032 est.
932 963 1015 1031 Rem
1028 962 1134 1031 fusius
1148 961 1325 1052 expositam
1339 959 1428 1028 vide

280 1071 366 1162 apud
388 1071 678 1162 Schmalzgrueber
693 1073 741 1164 (in
762 1072 815 1139 tit.
833 1075 865 1156 2,
881 1070 938 1138 lib.
959 1074 978 1139 2
994 1070 1135 1153 narce,
1152 1091 1185 1136 n.
1210 1071 1251 1135 oo
1270 1075 1301 1136 et
1315 1069 1427 1159 seq.).

322 1176 451 1246 Rnouns
468 1182 513 1248 θ’.
532 1217 576 1230 -
593 1177 731 1262 Quando
745 1178 828 1270 quis,
846 1178 882 1246 iu
907 1199 973 1245 uuo
995 1174 1158 1244 territorio
1176 1187 1276 1256 stans,
1295 1173 1327 1242 t'u
1346 1175 1429 1242 alio

272 1296 392 1374 patret
405 1285 572 1367 delictum,
587 1287 634 1354 ibi
651 1285 741 1354 uerbi
761 1285 873 1375 qratia
895 1283 1060 1352 domitum
1080 1282 1218 1372 sclopeto
1234 1280 1426 1364 occidotdo,

275 1391 478 1480 probabilius
492 1407 674 1484 competens
686 1407 730 1462 est
742 1393 869 1461 ratione
878 1390 988 1460 delicti
1002 1389 1169 1479 utriusque
1184 1387 1339 1456 territorii
1351 1391 1430 1456 Or-

280 1496 437 1566 diuurius.
455 1539 501 1551 -
513 1501 587 1569 Non
601 1499 796 1570 concordare
811 1501 845 1568 in
859 1500 918 1567 hac
933 1520 969 1566 re
984 1496 1141 1582 doctores,
1150 1495 1206 1565 sed
1223 1505 1327 1562 tamen
1339 1517 1427 1586 pro-

282 1604 470 1675 babiliorem
485 1630 553 1676 esse
574 1607 747 1677 indicatam
764 1608 798 1674 in
819 1605 902 1674 thesi
918 1604 1121 1690 sententiam,
1138 1601 1212 1671 vide
1233 1603 1428 1693 expositum

279 1713 367 1802 apud
381 1713 536 1804 Pirrhing
549 1716 595 1805 (in
607 1714 657 1783 tit.
672 1719 706 1801 2,
717 1714 773 1782 lib.
789 1719 809 1781 2
825 1713 966 1797 Darou,
977 1734 1011 1778 n.
1026 1712 1095 1800 28),
1107 1719 1139 1778 et
1149 1707 1236 1802 apud
1252 1707 1428 1778 Schmalz-

280 1820 420 1906 grueber
435 1819 481 1912 (in
505 1821 657 1892 eumdem
683 1821 828 1906 titulum,
845 1842 878 1888 n.
904 1823 944 1887 68
966 1827 997 1887 et
1016 1821 1111 1909 seo).
1134 1816 1271 1886 Discutit
1297 1815 1426 1884 ibidem

281 1923 429 1994 laudatus
456 1927 744 2018 Schmalzgrueber
767 1927 850 1996 duos
879 1927 961 1996 alios
989 1947 1083 1993 casus
1110 1925 1167 2016 qui
1195 1922 1425 1991 difficultatem

281 2031 423 2122 aliquam
444 2033 550 2103 iacere
571 2047 715 2125 possent,
730 2035 814 2102 circa
832 2032 948 2102 delicta
965 2033 1001 2100 in
1016 2031 1157 2100 duorum
1181 2029 1425 2099 territoriorum

280 2139 464 2208 confinibus
485 2150 612 2232 patrate
628 2169 636 2210 :
655 2146 685 2209 l.
702 2139 840 2224 Quando
860 2140 1050 2208 vulneratus
1073 2137 1191 2228 aliquis
1208 2137 1242 2204 in
1265 2159 1331 2204 uno
1352 2144 1425 2204 ter·

282 2244 609 2334 ritorio,inalteru1n
633 2248 739 2340 pergit
758 2258 789 2319 et
808 2246 855 2316 ibi
877 2246 1014 2334 decedit,
1035 2245 1247 2313 «indubitata
1265 2251 1313 2311 est
1328 2266 1424 2312 reso-

285 2377 302 2415 ιι
326 2351 418 2440 lulio,
435 2377 509 2422 eum
535 2356 592 2446 qui
613 2355 731 2425 vulnus
751 2353 887 2440 inflixit,
904 2354 1028 2421 ratione
1049 2349 1216 2422 homicidii
1238 2350 1346 2418 sortiri
1368 2351 1423 2419 io-

284 2481 301 2520 «
325 2480 398 2526 rum
417 2458 451 2527 in
468 2459 523 2528 illo
543 2460 706 2530 territorio
726 2483 791 2552 quo
812 2459 929 2528 lethale
944 2459 1064 2527 vulnus
1078 2456 1238 2526 inllixit...
1256 2456 1350 2525 Ratio
1371 2467 1423 2524 est

285 2565 402 2655 aquia
427 2565 640 2636 homicidium
662 2568 697 2635 in
724 2589 761 2635 eo
786 2567 857 2634 loeo
883 2567 1091 2635 commissum
1116 2587 1185 2632 esse
1209 2573 1368 2650 censetur,
1386 2564 1422 2630 in

284 2697 301 2735 ιι
324 2695 389 2762 quo
404 2671 475 2764 ejus
497 2672 609 2742 efficax
632 2697 670 2742 ac
689 2673 867 2742 necessaria
889 2695 985 2740 causa
1005 2673 1109 2764 posita
1128 2681 1160 2739 et
1181 2673 1216 2738 in
1238 2671 1421 2761 subjectum

284 2805 301 2842 ιι
324 2779 469 2847 derivata
484 2789 543 2848 est.
564 2781 910 2871 c(Sehmalzgrueber,
928 2781 998 2848 loeo
1013 2779 1081 2868 cit.)
1099 2785 1132 2845 2⁰
1146 2779 1209 2860 Qui
1224 2778 1258 2846 in
1274 2802 1339 2846 uno
1356 2787 1421 2846 ter-

281 2885 393 2953 ritorio
415 2885 581 2955 mandavit
602 2887 828 2974 homicidium,
846 2887 933 2978 quod
956 2887 990 2954 in
1012 2887 1112 2954 altero
1137 2893 1295 2978 patratur,
1311 2885 1419 2953 lorum

280 2991 418 3060 sortitur
432 3015 499 3060 non
514 2994 547 3060 in
563 2993 633 3061 loco
657 2992 813 3080 mandati,
831 2993 886 3061 sed
902 2995 937 3060 in
952 2992 1023 3060 loco
1038 2991 1250 3061 executionis.
1265 2993 1314 3060 lta
1327 3015 1420 3060 oom-

282 3099 413 3168 mnnior
427 3099 595 3168 sententia.
613 3097 925 3191 (Scbmalzgrueber,
942 3099 1011 3170 loco
1024 3100 1148 3190 citato.)

326 3207 455 3277 Ριιιιυιι
477 3212 524 3274 7².
549 3210 634 3275 -Α
651 3209 725 3298 soro
749 3205 859 3276 delicti
881 3229 947 3275 non
974 3207 1103 3276 tollitur
1115 3208 1227 3297 sorum
1248 3205 1418 3289 domicilii,

283 3313 339 3381 sed
361 3314 458 3382 umbo
483 3316 684 3383 cumulatior
706 3315 897 3383 coexistunt.
920 3353 963 3365 -
987 3313 1126 3396 Quando
1149 3315 1223 3406 quis
1248 3315 1422 3385 Ordinatio

282 3420 379 3488 alieni
393 3421 547 3490 territorii
563 3422 733 3514 subjicitur
747 3422 870 3490 ratione
892 3421 997 3488 delicti
1014 3419 1102 3512 quod
1120 3421 1165 3488 ibi
1188 3422 1340 3513 patravit,
1356 3446 1421 3491 non

283 3529 355 3596 ideo
372 3529 489 3597 desinit
504 3552 571 3597 esse
587 3529 749 3620 subjectus
766 3529 890 3620 proprii
905 3527 1061 3596 domicilii
1083 3528 1134 3596 sui
1155 3526 1347 3617 Ordinari05
1365 3533 1422 3600 sed

284 3643 385 3724 potest
411 3635 453 3704 ab
477 3635 532 3702 illo
556 3635 652 3702 etiam
679 3635 772 3702 citari
792 3642 823 3702 et
844 3631 996 3725 judicari,
1018 3635 1087 3702 sive
1114 3657 1258 3727 praesens
1283 3636 1336 3722 sit,
1354 3637 1423 3707 sive

283 3741 409 3809 absens.
425 3739 492 3809 Nec
511 3740 579 3808 ulla
596 3749 746 3809 movetur
759 3739 799 3808 de
819 3739 879 3806 hac
902 3762 937 3806 re
960 3740 1044 3808 inter
1068 3739 1213 3809 doctores
1236 3740 1421 3812 difficultas.

283 3847 367 3915 Hinc
382 3849 467 3914 iuter
480 3847 542 3914 loci
566 3846 723 3914 domicilii
742 3856 773 3914 et
790 3846 852 3914 loci
874 3845 981 3914 delicti
1001 3844 1203 3935 Ordinarios,
1221 3846 1319 3917 datur
1332 3873 1424 3942 prae-

283 3955 428 4023 ventioni
440 3955 547 4041 locus;
566 3954 610 4021 ita
637 3963 671 4020 nt
696 3953 804 4020 statim
823 3975 860 4022 ae
882 3953 1049 4040 alteruter,
1062 3954 1168 4023 ileum
1183 3955 1325 4044 citando,
1341 3981 1424 4027 eau-

283 4083 352 4126 sam
378 4061 630 4151 praeoccupavit,
660 4068 796 4150 nequeat
823 4060 904 4127 alter
930 4060 964 4126 in
990 4084 1062 4128 eam
1089 4085 1158 4130 sese
1180 4061 1422 4132 intromittere:

283 4165 371 4256 quod
390 4165 510 4256 pariter
525 4166 632 4233 locum
648 4164 767 4234 habere
785 4167 891 4257 quoad
910 4166 1019 4234 lorum
1041 4177 1223 4236 contractus
1238 4180 1269 4238 et
1287 4170 1335 4238 rei
1355 4171 1425 4242 sitae

284 4295 383 4364 supra
397 4271 552 4340 vidimus.
566 4273 606 4342 Et
620 4272 665 4340 sic
680 4271 873 4363 intelligitur
884 4273 972 4365 quod
987 4273 1100 4344 dicunt
1114 4276 1303 4366 canonista,
1315 4279 1425 4354 forum
