3062 4968
282 433 341 497 tet
651 453 824 500 raacrarns
849 453 885 499 aa
908 451 1041 500 eunicus.

273 575 530 664 praecocitatem
546 596 610 642 rtem
626 577 726 666 fiterit
743 597 837 666 super
856 598 905 642 eo.
924 578 1055 642 Eatunc
1076 575 1161 641 euim
1183 575 1269 666 (eum
1285 573 1420 642 onueirm

272 679 382 770 judee
402 703 465 748 esse
480 681 618 773 desierit)
635 682 740 763 nertio,
758 683 858 750 etiam
876 704 950 749 eum
965 680 1054 749 iliius
1072 703 1211 762 assensu,
1226 692 1335 771 potest
1345 680 1423 770 fieri

278 788 458 855 commissio
469 811 530 878 per
542 789 703 858 eumdem.

325 897 377 962 10.
389 895 500 962 Cessat
514 894 652 983 delegati
664 893 848 987 jurisdictio
864 895 958 986 lapsu
972 895 1115 981 termini,
1129 917 1186 964 sen
1200 894 1368 984 temporis,
1379 891 1421 960 ad

278 1001 447 1068 dicendam
464 1023 593 1070 causam
616 1001 764 1092 preefixi;
781 1001 843 1068 nisi
862 1002 1021 1070 terminus
1040 1001 1093 1069 ille
1108 1002 1149 1070 de
1164 1021 1323 1069 consensu
1339 1020 1422 1090 par-

277 1109 361 1175 tium
379 1116 583 1198 prorogetur.
601 1109 648 1176 lta
663 1107 823 1200 siquidem
836 1131 988 1200 expresse
1002 1107 1147 1176 decrevit
1159 1105 1347 1176 Alexander
1361 1105 1420 1190 111,

277 1214 379 1305 capite
398 1215 437 1283 de
460 1215 573 1284 Caucis
595 1216 639 1304 (t,
661 1215 748 1283 tituli
769 1219 824 1300 29,
847 1216 905 1283 lib.
931 1220 944 1283 1
970 1214 1224 1305 Decretalium):
1247 1213 1287 1282 de
1304 1213 1423 1282 Gousis

277 1343 349 1410 quea
362 1320 451 1388 intro
464 1334 589 1389 certum
601 1322 779 1390 terminum
791 1319 974 1390 decidendae
987 1323 1240 1390 committuntur
1251 1320 1312 1388 hoe
1326 1332 1422 1388 tuom

277 1429 425 1496 volomus
445 1428 661 1518 monitionem
677 1441 795 1510 tmere,
813 1428 978 1519 quodnisi
998 1429 1066 1497 dies
1081 1428 1123 1497 ab
1138 1427 1323 1520 Apostolieo
1338 1426 1423 1496 Sede

272 1536 431 1626 prefixus
448 1534 488 1603 de
507 1537 675 1605 communi
689 1557 843 1604 concensu
856 1537 1007 1627 portium
1020 1549 1229 1628 proruperim,
1251 1559 1287 1604 eo
1309 1547 1421 1602 trem-

276 1654 349 1709 octo
364 1641 562 1710 maredotum
579 1643 720 1735 eapirot.

794 1913 815 2004 ς
841 1914 900 1983 u.

636 2083 671 2132 De
683 2080 814 2146 judicibus
826 2081 1062 2134 conservatoribus.

322 2292 352 2356 1.
372 2289 589 2357 Conservator
600 2288 719 2356 dicitur
728 2288 833 2380 judex
845 2287 1013 2379 delegatus
1025 2313 1080 2359 sen
1095 2288 1267 2381 deputatus
1281 2314 1301 2358 a
1317 2290 1416 2382 Papa,

275 2394 317 2463 ad
339 2395 559 2464 defendendos
575 2395 701 2486 aliquos
720 2397 761 2463 ab
782 2397 923 2487 injuriis,
941 2395 1070 2465 damnis
1084 2406 1116 2465 et
1134 2397 1295 2466 violentiis
1312 2399 1421 2466 mani-

276 2503 378 2584 festis,
390 2501 513 2594 absque
522 2502 669 2593 judiciali
679 2525 785 2571 causae
797 2504 997 2593 cognitione.
1013 2504 1207 2572 Accnratam
1220 2527 1289 2572 esse
1300 2503 1421 2572 defini-

275 2609 395 2678 tionem
417 2608 505 2675 illam
527 2609 603 2676 satis
624 2619 747 2678 constat
767 2633 808 2678 ex
832 2609 982 2678 decretali
1003 2611 1181 2678 Innocentii
1201 2609 1260 2698 tv,
1286 2633 1353 2702 qua
1377 2611 1421 2678 sic

274 2714 462 2806 disponitur
478 2742 485 2782 :
503 2715 693 2783 Statuimus
708 2731 744 2782 ut
758 2729 997 2785 eomerootores
1008 2739 1087 2808 quos
1094 2717 1291 2808 plerumque
1304 2741 1422 2786 eonce-

273 2821 393 2902 dimm,
421 2845 442 2888 o
468 2823 650 2913 manifestis
682 2824 816 2914 injuriis
845 2839 875 2892 et
905 2824 1069 2893 violentiis
1098 2824 1267 2915 defendere
1293 2826 1422 2917 possint

274 2953 353 3020 quos
373 2929 417 2996 eis
437 2931 673 2998 committimus
695 2929 907 3021 defendendos
924 2959 935 2997 :
951 2953 1009 2998 aec
1030 2930 1076 2999 od
1096 2931 1166 2999 olio
1181 2954 1253 3023 qum
1268 2931 1424 3023 judicio-

275 3036 339 3102 lem
359 3035 549 3127 indopiaem
576 3037 724 3126 eaipum,
752 3061 848 3106 strom
866 3039 996 3129 possint
1022 3038 1191 3107 estendere
1209 3051 1419 3130 potestatem.

279 3143 326 3232 (C.
348 3146 378 3226 1,
398 3142 483 3210 tituli
500 3146 555 3229 11,
572 3144 607 3211 in
625 3144 670 3235 6.)
1275 3219 1278 3224 .

320 3251 352 3314 2.
377 3248 564 3340 Praeeipuas
580 3250 620 3317 de
639 3252 922 3342 conservatoribus
936 3253 1021 3344 juris
1044 3253 1272 3343 dispositiones
1289 3253 1425 3322 exhibet

274 3379 412 3446 sequens
433 3357 590 3424 Bonifacii
610 3358 688 3426 vlu
708 3357 878 3426 decretalis
899 3389 906 3426 :
930 3385 947 3424 a
968 3359 1037 3428 Hac
1058 3362 1286 3429 constitutione
1306 3382 1425 3452 perpe-

279 3492 295 3528 1
321 3473 375 3532 tuo
397 3463 537 3532 valitura
555 3465 732 3550 sancimus,
750 3475 787 3533 ut
807 3477 1050 3536 conservatores
1070 3469 1129 3558 qui
1152 3467 1313 3560 aliquibus
1338 3469 1387 3558 (ut
1406 3493 1426 3535 a

279 3599 295 3636 11
322 3569 500 3639 manifestis
517 3571 648 3662 injuriis
668 3581 699 3639 et
718 3572 880 3640 violentiis
896 3583 1049 3644 tueantur
1070 3574 1213 3665 eosdem)
1230 3575 1426 3666 plerumque

279 3705 338 3747 aa
368 3678 451 3746 Sede
483 3680 669 3770 Apostolica
699 3681 932 3766 conceduntur,
964 3681 1004 3750 de
1034 3691 1149 3750 caetero
1181 3683 1329 3773 deputari
1358 3705 1427 3752 non

279 3786 444 3876 «possint
471 3786 533 3852 nisi
559 3785 719 3877 Episcopi,
746 3787 797 3856 vel
819 3811 933 3856 eorum
961 3791 1155 3880 superiores,
1184 3800 1241 3856 aot
1266 3789 1426 3878 Abbates,

280 3923 296 3958 1
321 3917 378 3960 seu
400 3892 574 3980 dignitates
595 3894 645 3960 vel
665 3904 858 3984 personatus
880 3895 915 3962 in
935 3896 1174 3964 cathedralibus
1194 3897 1246 3964 vei
1270 3897 1428 3986 collegia-

280 4029 296 4064 1
321 4003 361 4066 tis
386 3999 537 4068 Ecclesiis
561 4002 744 4070 obtinentes
771 4029 778 4068 :
802 4002 976 4092 nullusque
1000 4001 1146 4093 deputati
1166 4005 1228 4071 sibi
1247 4027 1429 4075 conserva-

280 4134 296 4171 «
323 4107 400 4180 toris
422 4127 491 4174 esse
513 4107 617 4175 valeat
637 4118 847 4177 conservator
870 4137 877 4176 :
902 4131 961 4176 nec
982 4110 1101 4202 aliquis
1124 4111 1267 4199 (regibus
1285 4120 1317 4178 et
1337 4116 1428 4203 regi-

281 4246 298 4287 11
322 4215 373 4284 nis
454 4213 607 4306 exceptis)
638 4216 787 4307 deinceps
813 4225 1072 4288 conservatorem
1104 4219 1218 4286 habeat
1249 4241 1339 4306 eum,
1366 4224 1427 4314 qui
