3090 4964
586 461 660 506 rans
684 461 787 507 reiut.
1213 441 1252 508 69

113 579 186 648 licis
198 577 455 668 delinitionibus,
471 581 526 650 sed
546 581 643 650 etiam
669 582 703 651 in
726 605 783 651 sua
804 583 984 652 universali
999 581 1094 674 praxi
1110 596 1142 650 ct
1154 582 1254 652 disci-

111 687 213 778 plina.
234 687 319 756 Nam
343 687 475 779 quando
494 689 636 758 Ecclesia
657 688 781 782 aliquid
805 689 838 758 iu
858 712 917 758 sua
939 690 1082 780 generali
1104 692 1200 782 praxi
1224 703 1256 760 et

111 793 284 885 disciplina
311 809 459 887 usurpat,
484 795 545 864 hoc
570 795 641 886 ipsc
668 795 702 863 id
725 804 879 887 tanquam
904 797 1040 882 bonum,
1057 820 1094 866 ac
1119 797 1255 889 proinde

110 911 270 994 tanquam
296 926 355 972 noc
379 902 455 972 lidei
480 925 537 972 nec
561 903 656 974 bonis
681 905 827 974 moribus
851 904 1050 973 contrarium
1072 904 1208 996 judicat,
1223 911 1256 974 et

110 1008 241 1099 publice
264 1011 428 1101 proponit,
445 1013 476 1078 et
491 1009 641 1080 declarat.
658 1011 696 1078 ln
712 1034 777 1102 quo
796 1011 920 1102 judicio
935 1011 963 1080 si
982 1020 1115 1098 erraret,
1134 1011 1254 1080 iterum

110 1125 225 1186 contra
250 1117 353 1207 ipsam
374 1125 477 1210 portae
501 1116 598 1186 iuleri
621 1117 850 1210 prevalerent,
867 1141 926 1186 nec
948 1128 1031 1186 esset
1050 1118 1201 1188 columna
1223 1127 1257 1188 et

110 1223 357 1293 firmamentum
374 1224 528 1294 veritatis.
556 1225 630 1295 Non
648 1233 753 1316 potest
770 1247 849 1314 ergo
873 1225 1014 1294 Ecclesia
1038 1248 1097 1316 pro
1112 1225 1256 1315 generali

108 1330 208 1420 praxi
234 1337 265 1398 et
291 1331 462 1422 disciplina
486 1339 625 1400 statuere
650 1332 738 1422 quod
764 1341 847 1400 esset
873 1333 1001 1401 veritati
1024 1331 1074 1402 vel
1095 1333 1255 1401 sanctitati

109 1439 310 1528 oppositum.
336 1438 416 1520 Qun
443 1438 662 1530 prerogativa
681 1447 836 1530 tanquam
859 1437 900 1506 ad
922 1439 1040 1528 dogma
1061 1438 1254 1506 catholicum

109 1545 278 1634 pertinens
299 1545 393 1614 debet
419 1546 520 1614 etiam
548 1545 589 1612 ab
612 1545 764 1613 omnibus
786 1543 924 1612 admitti.
952 1545 1039 1635 Ergo
1063 1567 1117 1612 eas
1142 1568 1255 1614 causas

108 1650 150 1718 ad
174 1651 281 1720 lorum
305 1652 554 1720 ecclesiasticum
577 1651 738 1742 pertinere
761 1651 997 1719 admittendum
1020 1659 1079 1738 est,
1095 1673 1177 1744 quas
1192 1675 1254 1740 ge-

109 1759 216 1828 nerali
232 1759 325 1851 praxi
341 1781 400 1828 sua
411 1767 448 1828 ut
462 1758 524 1826 sibi
541 1757 688 1850 proprias
702 1757 814 1826 tribuit
826 1757 980 1826 Ecclesia.
993 1757 1137 1826 Aliunde
1149 1759 1254 1828 eidem

108 1866 184 1934 foro
199 1866 350 1957 subjectae
366 1866 536 1936 censendas
549 1874 625 1933 sunt
636 1887 742 1934 causae
754 1887 836 1956 quas
847 1885 999 1956 expresse
1013 1865 1073 1934 sibi
1090 1865 1254 1957 subjacere

107 1971 224 2040 endem
250 1973 392 2042 Ecclesia
416 1972 545 2058 delinit;
569 1993 647 2060 ergo
669 1971 737 2040 sive
762 1993 844 2063 quas
870 1993 1024 2063 expressa
1049 1972 1252 2060 delinitione,

109 2079 180 2146 sive
195 2101 277 2171 quas
300 2079 474 2148 sufficienti
497 2101 557 2147 aua
580 2079 675 2170 praxi
697 2078 788 2146 adse
809 2079 970 2168 pertinere
987 2100 1098 2146 causas
1114 2077 1255 2148 declarat

108 2186 326 2271 Ecclesiaste
342 2208 456 2256 revere
470 2186 572 2277 ipsius
588 2185 658 2253 loro
674 2185 862 2276 subjacent:
878 2207 957 2274 ergo
970 2208 1084 2254 verum
1100 2195 1131 2254 et
1145 2193 1253 2255 tutum
1338 2225 1342 2236 ·

108 2291 259 2384 estquod
278 2293 447 2382 posuimus
467 2291 677 2382 principium.

159 2399 312 2489 Objicics.
333 2437 378 2452 ·-
396 2399 515 2468 Nullus
536 2421 605 2468 csse
627 2406 731 2491 potest
745 2399 787 2466 'in
816 2397 947 2490 propria
972 2421 1068 2468 causa
1088 2399 1253 2488 legitimus

103 2507 228 2599 judex3
247 2509 337 2600 atqui
352 2508 494 2576 Ecclesia
508 2517 589 2576 esset
602 2507 768 2597 legitimus
783 2505 885 2597 judex
902 2506 936 2574 in
953 2507 1085 2598 proprie
1099 2531 1208 2595 causa,
1224 2509 1253 2578 si

107 2615 256 2682 mamriee
271 2639 354 2706 quas
378 2615 430 2684 sui
449 2615 512 2683 lori
534 2637 604 2684 esse
630 2611 796 2684 contendit
822 2612 986 2682 saecularis
1012 2621 1162 2703 potestas,
1181 2615 1253 2684 foro

107 2723 323 2796 ecclesiastico
347 2723 553 2792 accensendas
577 2723 695 2808 forent,
721 2720 782 2789 hoc
810 2721 881 2811 ipso
908 2719 996 2811 quod
1016 2720 1063 2788 ita
1083 2742 1141 2812 per
1159 2745 1250 2790 suern

107 2831 303 2901 sententiam
317 2840 373 2898 aut
387 2831 519 2922 praxim
535 2828 746 2898 declaraverit
763 2827 918 2914 Ecclesia3
932 2849 1011 2916 ergo
1023 2837 1059 2895 ut
1072 2850 1177 2896 causae
1193 2829 1253 2898 de-

107 2938 209 3006 beant
231 2937 302 3006 loro
321 2937 531 3005 ecclesiastico
554 2935 703 3020 attribui,
719 2957 784 3003 non
808 2933 928 3002 sufficit
955 2933 999 3002 ita
1022 2933 1179 3003 declarari
1195 2960 1253 3028 per

107 3043 262 3114 Ecclesia
288 3043 508 3112 definitionem
536 3052 593 3112 eut
616 3043 759 3133 praxim.
776 3079 818 3092 -
839 3040 1031 3131 Respondeo
1055 3067 1063 3106 ι
1086 3041 1252 3132 distinguo

109 3149 267 3240 majorem
286 3177 293 3217 :
311 3150 422 3220 nullus
436 3173 477 3218 eu
491 3150 543 3236 iis,
561 3149 617 3240 qui
634 3147 861 3216 infallibilitate
875 3148 909 3215 iu
931 3146 1111 3239 judicando
1126 3160 1249 3240 carent,

109 3267 297 3348 potestesse
320 3257 486 3347 legitimus
507 3257 542 3324 in
566 3256 698 3348 propria
722 3277 819 3324 causa
838 3253 954 3345 judex,
969 3257 1110 3326 concedo
1127 3285 1134 3325 :
1152 3259 1249 3328 eliam

108 3365 178 3448 ille,
194 3365 249 3454 qui
267 3364 377 3432 divina
395 3363 581 3432 inerrantiae
600 3361 817 3454 praerogativa
839 3359 949 3450 pollet,
968 3382 1034 3428 non
1057 3369 1160 3452 potest
1183 3385 1252 3432 esse

105 3471 211 3563 judex
233 3470 419 3562 inproprie
439 3492 659 3559 causa,uego.
678 3467 814 3538 Nullum
836 3466 956 3534 scilicet
979 3467 1070 3535 adest
1094 3469 1252 3540 inconve-

109 3580 217 3666 niens,
235 3577 412 3648 Ecclesiam
425 3576 572 3667 judicare
588 3577 622 3644 in
637 3576 768 3667 propria
783 3597 892 3660 causa,
906 3575 1010 3665 posito
1024 3577 1112 3666 quod
1127 3587 1252 3648 certum

109 3689 239 3754 sileam
256 3707 424 3774 nunquam
438 3683 501 3750 sibi
519 3706 613 3775 posse
626 3682 772 3751 tribuere
787 3703 862 3772 quae
879 3703 939 3749 sua
953 3703 1018 3749 non
1035 3693 1112 3750 sunt
1131 3712 1139 3751 ι
1155 3707 1252 3776 porro

110 3793 184 3862 talis
199 3801 259 3880 est,
277 3791 319 3859 ob
340 3814 434 3859 suam
457 3791 491 3858 in
509 3789 685 3882 judicando
700 3787 978 3876 infallibilitatem,
997 3788 1148 3859 Ecclesiae
1170 3813 1252 3860 con-

109 3898 201 3968 ditio.
218 3900 300 3982 Iuro,
317 3921 391 3968 cum
408 3897 490 3967 duas
504 3920 672 3990 supremas
688 3903 859 3989 potestates
879 3895 966 3964 Deus
985 3895 1020 3962 in
1037 3895 1159 3966 mundo
1173 3921 1253 3967 con·

109 4008 265 4094 stituerit,
282 4028 411 4074 necesse
432 4015 480 4073 est
502 4004 691 4072 alterutram
714 4028 807 4096 posse
832 4004 1000 4074 conflictus
1019 4003 1252 4096 jurisdictionis

109 4119 197 4185 inter
211 4123 386 4204 utramque
401 4111 566 4198 dirimere,
582 4133 657 4180 cum
673 4135 737 4180 non
758 4111 904 4180 instituta
923 4111 1020 4178 luerit
1035 4111 1129 4178 tertia
1145 4112 1254 4204 eliqua

109 4230 265 4316 potestas,
292 4218 421 4288 duobus
450 4217 523 4288 aliis
552 4217 712 4310 superior,
741 4239 815 4310 quae
843 4215 985 4307 judicem
1015 4237 1110 4304 agere
1140 4219 1250 4310 possit.
