<?xml version="1.0" encoding="UTF-8"?>
<!DOCTYPE html PUBLIC "-//W3C//DTD XHTML 1.0 Transitional//EN"
    "http://www.w3.org/TR/xhtml1/DTD/xhtml1-transitional.dtd">
<html xmlns="http://www.w3.org/1999/xhtml" xml:lang="en" lang="en">
 <head>
  <title>
</title>
<meta http-equiv="Content-Type" content="text/html;charset=utf-8" />
  <meta name='ocr-system' content='tesseract 3.04.00' />
  <meta name='ocr-capabilities' content='ocr_page ocr_carea ocr_par ocr_line ocrx_word'/>
</head>
<body>
  <div class='ocr_page' id='page_1' title='image "./tractatusdejudi01goog_0479.png"; bbox 0 0 3030 4980; ppageno 0'>
   <div class='ocr_carea' id='block_1_1' title="bbox 295 470 1062 556">
    <p class='ocr_par' dir='ltr' id='par_1_1' title="bbox 295 470 1062 556">
     <span class='ocr_line' id='line_1_1' title="bbox 295 470 1062 556; baseline 0.003 -20"><span class='ocrx_word' id='word_1_1' title='bbox 295 470 357 536; x_wconf 73' lang='grc'>168</span> <span class='ocrx_word' id='word_1_2' title='bbox 669 490 844 556; x_wconf 78' lang='lat' dir='ltr'>rmcrsrus</span> <span class='ocrx_word' id='word_1_3' title='bbox 866 491 905 538; x_wconf 83' lang='lat' dir='ltr'>or</span> <span class='ocrx_word' id='word_1_4' title='bbox 927 493 1062 542; x_wconf 76' lang='lat' dir='ltr'>snorum.</span> 
     </span>
    </p>
   </div>
   <div class='ocr_carea' id='block_1_2' title="bbox 291 610 1423 708">
    <p class='ocr_par' dir='ltr' id='par_1_2' title="bbox 291 610 1423 708">
     <span class='ocr_line' id='line_1_2' title="bbox 291 610 1423 708; baseline 0.001 -28"><span class='ocrx_word' id='word_1_5' title='bbox 291 611 463 680; x_wconf 80' lang='lat' dir='ltr'>ordinaria</span> <span class='ocrx_word' id='word_1_6' title='bbox 474 610 676 704; x_wconf 83' lang='lat' dir='ltr'>jurisdicti03</span> <span class='ocrx_word' id='word_1_7' title='bbox 694 612 794 700; x_wconf 90' lang='lat' dir='ltr'>unde,</span> <span class='ocrx_word' id='word_1_8' title='bbox 809 635 852 682; x_wconf 87' lang='lat' dir='ltr'>cx</span> <span class='ocrx_word' id='word_1_9' title='bbox 874 637 975 708; x_wconf 88' lang='lat' dir='ltr'>supra</span> <span class='ocrx_word' id='word_1_10' title='bbox 993 612 1157 700; x_wconf 85' lang='lat' dir='ltr'>stabilitis,</span> <span class='ocrx_word' id='word_1_11' title='bbox 1171 614 1241 705; x_wconf 84' lang='lat' dir='ltr'>jam</span> <span class='ocrx_word' id='word_1_12' title='bbox 1260 635 1329 683; x_wconf 86' lang='lat' dir='ltr'>non</span> <span class='ocrx_word' id='word_1_13' title='bbox 1350 621 1423 682; x_wconf 82' lang='lat' dir='ltr'>osset</span> 
     </span>
    </p>
   </div>
   <div class='ocr_carea' id='block_1_3' title="bbox 284 719 1433 4358">
    <p class='ocr_par' dir='ltr' id='par_1_3' title="bbox 288 719 1426 1220">
     <span class='ocr_line' id='line_1_3' title="bbox 292 719 1423 812; baseline 0.003 -25"><span class='ocrx_word' id='word_1_14' title='bbox 292 743 389 790; x_wconf 88' lang='lat' dir='ltr'>verus</span> <span class='ocrx_word' id='word_1_15' title='bbox 414 719 565 790; x_wconf 85' lang='lat' dir='ltr'>Vicarius</span> <span class='ocrx_word' id='word_1_16' title='bbox 588 719 762 810; x_wconf 84' lang='lat' dir='ltr'>generalis,</span> <span class='ocrx_word' id='word_1_17' title='bbox 779 721 837 792; x_wconf 82' lang='lat' dir='ltr'>secl</span> <span class='ocrx_word' id='word_1_18' title='bbox 861 744 974 792; x_wconf 83' lang='lat' dir='ltr'>mamm</span> <span class='ocrx_word' id='word_1_19' title='bbox 995 721 1175 812; x_wconf 81' lang='lat' dir='ltr'>delegatus.</span> <span class='ocrx_word' id='word_1_20' title='bbox 1201 721 1297 803; x_wconf 86' lang='lat' dir='ltr'>Quod</span> <span class='ocrx_word' id='word_1_21' title='bbox 1323 731 1423 790; x_wconf 83' lang='lat' dir='ltr'>autem</span> 
     </span>
     <span class='ocr_line' id='line_1_4' title="bbox 290 826 1424 920; baseline 0.002 -26"><span class='ocrx_word' id='word_1_22' title='bbox 290 835 409 896; x_wconf 86' lang='lat' dir='ltr'>statuat</span> <span class='ocrx_word' id='word_1_23' title='bbox 432 826 623 918; x_wconf 78' lang='lat' dir='ltr'>Episcopus,</span> <span class='ocrx_word' id='word_1_24' title='bbox 649 835 686 896; x_wconf 92' lang='lat' dir='ltr'>ut</span> <span class='ocrx_word' id='word_1_25' title='bbox 707 849 775 898; x_wconf 91' lang='lat' dir='ltr'>una</span> <span class='ocrx_word' id='word_1_26' title='bbox 789 828 931 899; x_wconf 86' lang='lat' dir='ltr'>altemve</span> <span class='ocrx_word' id='word_1_27' title='bbox 945 850 1119 900; x_wconf 65' lang='lat' dir='ltr'>calumum</span> <span class='ocrx_word' id='word_1_28' title='bbox 1145 828 1267 920; x_wconf 87' lang='lat' dir='ltr'>species</span> <span class='ocrx_word' id='word_1_29' title='bbox 1290 827 1424 920; x_wconf 83' lang='lat' dir='ltr'>judicari</span> 
     </span>
     <span class='ocr_line' id='line_1_5' title="bbox 289 934 1424 1029; baseline 0 -28"><span class='ocrx_word' id='word_1_30' title='bbox 289 942 429 1024; x_wconf 80' lang='lat' dir='ltr'><strong>nequeat</strong></span> <span class='ocrx_word' id='word_1_31' title='bbox 442 957 462 1002; x_wconf 89' lang='lat' dir='ltr'>a</span> <span class='ocrx_word' id='word_1_32' title='bbox 476 934 607 1005; x_wconf 88' lang='lat' dir='ltr'>Vicario</span> <span class='ocrx_word' id='word_1_33' title='bbox 622 935 778 1024; x_wconf 82' lang='lat' dir='ltr'>generali,</span> <span class='ocrx_word' id='word_1_34' title='bbox 793 937 859 1005; x_wconf 87' lang='lat' dir='ltr'>nisi</span> <span class='ocrx_word' id='word_1_35' title='bbox 865 935 962 1029; x_wconf 84' lang='lat' dir='ltr'>juxta</span> <span class='ocrx_word' id='word_1_36' title='bbox 975 939 1185 1007; x_wconf 82' lang='lat' dir='ltr'>Assersomm</span> <span class='ocrx_word' id='word_1_37' title='bbox 1200 935 1383 1019; x_wconf 84' lang='lat' dir='ltr'>consilium,</span> <span class='ocrx_word' id='word_1_38' title='bbox 1394 935 1424 1002; x_wconf 90' lang='lat' dir='ltr'>id</span> 
     </span>
     <span class='ocr_line' id='line_1_6' title="bbox 289 1040 1426 1136; baseline 0.003 -28"><span class='ocrx_word' id='word_1_39' title='bbox 289 1063 356 1110; x_wconf 93' lang='lat' dir='ltr'>non</span> <span class='ocrx_word' id='word_1_40' title='bbox 371 1040 506 1133; x_wconf 84' lang='lat' dir='ltr'>impedit</span> <span class='ocrx_word' id='word_1_41' title='bbox 521 1042 605 1134; x_wconf 91' lang='lat' dir='ltr'>quin</span> <span class='ocrx_word' id='word_1_42' title='bbox 624 1041 732 1112; x_wconf 87' lang='lat' dir='ltr'>adhuc</span> <span class='ocrx_word' id='word_1_43' title='bbox 748 1042 965 1114; x_wconf 81' lang='lat' dir='ltr'>universalem</span> <span class='ocrx_word' id='word_1_44' title='bbox 987 1043 1165 1136; x_wconf 76' lang='lat' dir='ltr'>(moraliter</span> <span class='ocrx_word' id='word_1_45' title='bbox 1178 1041 1354 1136; x_wconf 87' lang='lat' dir='ltr'>loquendo)</span> <span class='ocrx_word' id='word_1_46' title='bbox 1371 1043 1426 1136; x_wconf 87' lang='lat' dir='ltr'>ju-</span> 
     </span>
     <span class='ocr_line' id='line_1_7' title="bbox 288 1147 885 1220; baseline 0.005 -3"><span class='ocrx_word' id='word_1_47' title='bbox 288 1147 512 1218; x_wconf 82' lang='lat' dir='ltr'>risdictionem</span> <span class='ocrx_word' id='word_1_48' title='bbox 525 1149 553 1216; x_wconf 88' lang='lat' dir='ltr'>is</span> <span class='ocrx_word' id='word_1_49' title='bbox 568 1148 688 1220; x_wconf 86' lang='lat' dir='ltr'>habere</span> <span class='ocrx_word' id='word_1_50' title='bbox 703 1159 885 1220; x_wconf 86' lang='lat' dir='ltr'>censeatur.</span> 
     </span>
    </p>

    <p class='ocr_par' dir='ltr' id='par_1_4' title="bbox 285 1255 1427 1992">
     <span class='ocr_line' id='line_1_8' title="bbox 333 1255 1426 1351; baseline 0.001 -26"><span class='ocrx_word' id='word_1_51' title='bbox 333 1255 477 1338; x_wconf 77' lang='lat' dir='ltr'>Qunsmo</span> <span class='ocrx_word' id='word_1_52' title='bbox 491 1261 538 1326; x_wconf 73' lang='lat'>4⁸.</span> <span class='ocrx_word' id='word_1_53' title='bbox 549 1295 594 1310; x_wconf 93' lang='lat'>—</span> <span class='ocrx_word' id='word_1_54' title='bbox 609 1258 714 1350; x_wconf 82' lang='lat' dir='ltr'>Aque</span> <span class='ocrx_word' id='word_1_55' title='bbox 725 1258 851 1326; x_wconf 77' lang='lat' dir='ltr'><strong><em>assumi</em></strong></span> <span class='ocrx_word' id='word_1_56' title='bbox 864 1281 921 1328; x_wconf 83' lang='lat' dir='ltr'>seu</span> <span class='ocrx_word' id='word_1_57' title='bbox 934 1258 1200 1351; x_wconf 73' lang='lat' dir='ltr'>comtitaiporsit</span> <span class='ocrx_word' id='word_1_58' title='bbox 1213 1261 1355 1328; x_wconf 71' lang='lat' dir='ltr'>leesor</span> <span class='ocrx_word' id='word_1_59' title='bbox 1363 1263 1378 1326; x_wconf 78' lang='lat' dir='ltr'>l</span> <span class='ocrx_word' id='word_1_60' title='bbox 1386 1295 1426 1310; x_wconf 91' lang='grc'>-</span> 
     </span>
     <span class='ocr_line' id='line_1_9' title="bbox 291 1363 1426 1458; baseline 0.004 -28"><span class='ocrx_word' id='word_1_61' title='bbox 291 1389 309 1430; x_wconf 83' lang='lat' dir='ltr'>a</span> <span class='ocrx_word' id='word_1_62' title='bbox 331 1364 413 1434; x_wconf 89' lang='lat' dir='ltr'>Tam</span> <span class='ocrx_word' id='word_1_63' title='bbox 428 1365 464 1434; x_wconf 90' lang='lat' dir='ltr'>iu</span> <span class='ocrx_word' id='word_1_64' title='bbox 478 1365 584 1434; x_wconf 88' lang='lat' dir='ltr'>causis</span> <span class='ocrx_word' id='word_1_65' title='bbox 599 1363 753 1436; x_wconf 82' lang='lat' dir='ltr'>civilibus</span> <span class='ocrx_word' id='word_1_66' title='bbox 780 1387 880 1458; x_wconf 90' lang='lat' dir='ltr'>quam</span> <span class='ocrx_word' id='word_1_67' title='bbox 905 1366 942 1435; x_wconf 90' lang='lat' dir='ltr'>in</span> <span class='ocrx_word' id='word_1_68' title='bbox 954 1367 1196 1452; x_wconf 85' lang='lat' dir='ltr'>criminalibus,</span> <span class='ocrx_word' id='word_1_69' title='bbox 1221 1366 1426 1458; x_wconf 83' lang='lat' dir='ltr'>jurisperitus</span> 
     </span>
     <span class='ocr_line' id='line_1_10' title="bbox 291 1471 1426 1565; baseline 0.004 -28"><span class='ocrx_word' id='word_1_70' title='bbox 291 1497 309 1538; x_wconf 80' lang='lat' dir='ltr'>a</span> <span class='ocrx_word' id='word_1_71' title='bbox 331 1471 455 1541; x_wconf 78' lang='lat' dir='ltr'>assumi</span> <span class='ocrx_word' id='word_1_72' title='bbox 469 1481 574 1564; x_wconf 91' lang='lat' dir='ltr'>potest</span> <span class='ocrx_word' id='word_1_73' title='bbox 596 1495 654 1564; x_wconf 90' lang='lat' dir='ltr'>per</span> <span class='ocrx_word' id='word_1_74' title='bbox 667 1471 812 1564; x_wconf 87' lang='lat' dir='ltr'>judicem</span> <span class='ocrx_word' id='word_1_75' title='bbox 836 1473 895 1565; x_wconf 90' lang='lat' dir='ltr'>qui</span> <span class='ocrx_word' id='word_1_76' title='bbox 919 1474 1030 1564; x_wconf 78' lang='lat' dir='ltr'>legum</span> <span class='ocrx_word' id='word_1_77' title='bbox 1057 1473 1169 1544; x_wconf 89' lang='lat' dir='ltr'>doctor</span> <span class='ocrx_word' id='word_1_78' title='bbox 1192 1496 1257 1543; x_wconf 94' lang='lat' dir='ltr'>non</span> <span class='ocrx_word' id='word_1_79' title='bbox 1282 1475 1335 1562; x_wconf 89' lang='lat' dir='ltr'>sit,</span> <span class='ocrx_word' id='word_1_80' title='bbox 1352 1484 1386 1543; x_wconf 93' lang='lat' dir='ltr'>ut</span> <span class='ocrx_word' id='word_1_81' title='bbox 1399 1475 1426 1542; x_wconf 88' lang='lat' dir='ltr'>ci</span> 
     </span>
     <span class='ocr_line' id='line_1_11' title="bbox 291 1579 1423 1670; baseline 0.003 -24"><span class='ocrx_word' id='word_1_82' title='bbox 291 1579 477 1660; x_wconf 59' lang='lat' dir='ltr'>«asena</span> <span class='ocrx_word' id='word_1_83' title='bbox 501 1587 537 1649; x_wconf 90' lang='lat' dir='ltr'>ut</span> <span class='ocrx_word' id='word_1_84' title='bbox 558 1579 722 1670; x_wconf 82' lang='lat' dir='ltr'>colligitur</span> <span class='ocrx_word' id='word_1_85' title='bbox 749 1603 791 1650; x_wconf 84' lang='lat' dir='ltr'>cx</span> <span class='ocrx_word' id='word_1_86' title='bbox 815 1580 888 1670; x_wconf 82' lang='lat' dir='ltr'>lege</span> <span class='ocrx_word' id='word_1_87' title='bbox 910 1583 929 1648; x_wconf 82' lang='lat'><strong>2</strong></span> <span class='ocrx_word' id='word_1_88' title='bbox 954 1579 1086 1670; x_wconf 82' lang='lat' dir='ltr'>codicis,</span> <span class='ocrx_word' id='word_1_89' title='bbox 1111 1580 1151 1650; x_wconf 85' lang='lat' dir='ltr'>dc</span> <span class='ocrx_word' id='word_1_90' title='bbox 1175 1581 1423 1650; x_wconf 67' lang='lat' dir='ltr'>caesariae...</span> 
     </span>
     <span class='ocr_line' id='line_1_12' title="bbox 290 1687 1427 1780; baseline 0.003 -27"><span class='ocrx_word' id='word_1_91' title='bbox 290 1687 416 1776; x_wconf 78' lang='lat' dir='ltr'>«Eligi</span> <span class='ocrx_word' id='word_1_92' title='bbox 440 1694 542 1777; x_wconf 86' lang='lat' dir='ltr'>potest</span> <span class='ocrx_word' id='word_1_93' title='bbox 565 1689 718 1757; x_wconf 84' lang='lat' dir='ltr'>Assessor</span> <span class='ocrx_word' id='word_1_94' title='bbox 743 1688 783 1757; x_wconf 88' lang='lat' dir='ltr'>de</span> <span class='ocrx_word' id='word_1_95' title='bbox 807 1687 1041 1758; x_wconf 87' lang='lat' dir='ltr'>consuetudine</span> <span class='ocrx_word' id='word_1_96' title='bbox 1064 1688 1105 1756; x_wconf 86' lang='lat' dir='ltr'>ab</span> <span class='ocrx_word' id='word_1_97' title='bbox 1129 1691 1200 1780; x_wconf 91' lang='lat' dir='ltr'>ipso</span> <span class='ocrx_word' id='word_1_98' title='bbox 1221 1688 1345 1779; x_wconf 86' lang='lat' dir='ltr'>judice,</span> <span class='ocrx_word' id='word_1_99' title='bbox 1367 1689 1427 1756; x_wconf 91' lang='lat' dir='ltr'>nisi</span> 
     </span>
     <span class='ocr_line' id='line_1_13' title="bbox 289 1793 1425 1886; baseline 0.005 -28"><span class='ocrx_word' id='word_1_100' title='bbox 289 1820 307 1859; x_wconf 80' lang='lat' dir='ltr'>a</span> <span class='ocrx_word' id='word_1_101' title='bbox 328 1793 422 1862; x_wconf 85' lang='lat' dir='ltr'>aliter</span> <span class='ocrx_word' id='word_1_102' title='bbox 442 1817 482 1862; x_wconf 82' lang='lat' dir='ltr'>ex</span> <span class='ocrx_word' id='word_1_103' title='bbox 497 1801 617 1864; x_wconf 88' lang='lat' dir='ltr'>statuto</span> <span class='ocrx_word' id='word_1_104' title='bbox 632 1794 823 1886; x_wconf 75' lang='lat' dir='ltr'>particulari</span> <span class='ocrx_word' id='word_1_105' title='bbox 840 1804 999 1864; x_wconf 88' lang='lat' dir='ltr'>servetur.</span> <span class='ocrx_word' id='word_1_106' title='bbox 1017 1821 1034 1860; x_wconf 79' lang='lat' dir='ltr'>a</span> <span class='ocrx_word' id='word_1_107' title='bbox 1060 1794 1260 1885; x_wconf 82' lang='lat' dir='ltr'>(Pellegrini,</span> <span class='ocrx_word' id='word_1_108' title='bbox 1277 1804 1370 1886; x_wconf 89' lang='lat' dir='ltr'>parta</span> <span class='ocrx_word' id='word_1_109' title='bbox 1395 1801 1425 1881; x_wconf 82' lang='lat' dir='ltr'>l,</span> 
     </span>
     <span class='ocr_line' id='line_1_14' title="bbox 285 1901 677 1992; baseline 0.005 -24"><span class='ocrx_word' id='word_1_110' title='bbox 285 1909 361 1970; x_wconf 88' lang='lat' dir='ltr'>sect.</span> <span class='ocrx_word' id='word_1_111' title='bbox 383 1905 437 1988; x_wconf 80' lang='lat' dir='ltr'>tt,</span> <span class='ocrx_word' id='word_1_112' title='bbox 454 1923 488 1969; x_wconf 93' lang='lat' dir='ltr'>n.</span> <span class='ocrx_word' id='word_1_113' title='bbox 508 1904 547 1969; x_wconf 80' lang='lat'>19</span> <span class='ocrx_word' id='word_1_114' title='bbox 560 1910 593 1969; x_wconf 89' lang='lat' dir='ltr'>et</span> <span class='ocrx_word' id='word_1_115' title='bbox 608 1901 677 1992; x_wconf 81' lang='lat'>22.)</span> 
     </span>
    </p>

    <p class='ocr_par' dir='ltr' id='par_1_5' title="bbox 284 2007 1429 2850">
     <span class='ocr_line' id='line_1_15' title="bbox 327 2007 1428 2101; baseline 0.002 -25"><span class='ocrx_word' id='word_1_116' title='bbox 327 2007 547 2097; x_wconf 78' lang='lat' dir='ltr'>Regulariter,</span> <span class='ocrx_word' id='word_1_117' title='bbox 565 2018 596 2076; x_wconf 89' lang='lat' dir='ltr'>ct</span> <span class='ocrx_word' id='word_1_118' title='bbox 609 2009 672 2076; x_wconf 90' lang='lat' dir='ltr'>uisi</span> <span class='ocrx_word' id='word_1_119' title='bbox 687 2009 773 2078; x_wconf 91' lang='lat' dir='ltr'>obsit</span> <span class='ocrx_word' id='word_1_120' title='bbox 784 2009 950 2080; x_wconf 89' lang='lat' dir='ltr'>contraria</span> <span class='ocrx_word' id='word_1_121' title='bbox 960 2008 1171 2096; x_wconf 87' lang='lat' dir='ltr'>consuetudo,</span> <span class='ocrx_word' id='word_1_122' title='bbox 1187 2009 1241 2078; x_wconf 87' lang='lat' dir='ltr'>vel</span> <span class='ocrx_word' id='word_1_123' title='bbox 1252 2010 1428 2101; x_wconf 88' lang='lat' dir='ltr'>superioris</span> 
     </span>
     <span class='ocr_line' id='line_1_16' title="bbox 284 2115 1429 2208; baseline 0.002 -24"><span class='ocrx_word' id='word_1_124' title='bbox 284 2115 472 2207; x_wconf 88' lang='lat' dir='ltr'>prohibitio,</span> <span class='ocrx_word' id='word_1_125' title='bbox 500 2116 540 2184; x_wconf 79' lang='lat' dir='ltr'>acl</span> <span class='ocrx_word' id='word_1_126' title='bbox 557 2115 734 2206; x_wconf 86' lang='lat' dir='ltr'>quemlibet</span> <span class='ocrx_word' id='word_1_127' title='bbox 754 2115 898 2206; x_wconf 84' lang='lat' dir='ltr'>judicem</span> <span class='ocrx_word' id='word_1_128' title='bbox 920 2117 1061 2208; x_wconf 77' lang='lat' dir='ltr'>pertinet</span> <span class='ocrx_word' id='word_1_129' title='bbox 1083 2115 1147 2184; x_wconf 92' lang='lat' dir='ltr'>sibi</span> <span class='ocrx_word' id='word_1_130' title='bbox 1172 2118 1362 2186; x_wconf 83' lang='lat' dir='ltr'>Assessores</span> <span class='ocrx_word' id='word_1_131' title='bbox 1375 2141 1429 2186; x_wconf 91' lang='lat' dir='ltr'>seu</span> 
     </span>
     <span class='ocr_line' id='line_1_17' title="bbox 284 2222 1429 2316; baseline 0.003 -25"><span class='ocrx_word' id='word_1_132' title='bbox 284 2222 487 2291; x_wconf 78' lang='lat' dir='ltr'>consiliarios</span> <span class='ocrx_word' id='word_1_133' title='bbox 500 2245 682 2301; x_wconf 89' lang='lat' dir='ltr'>assumare;</span> <span class='ocrx_word' id='word_1_134' title='bbox 700 2223 777 2312; x_wconf 89' lang='lat' dir='ltr'>quia</span> <span class='ocrx_word' id='word_1_135' title='bbox 790 2223 926 2292; x_wconf 82' lang='lat' dir='ltr'>oonsilio</span> <span class='ocrx_word' id='word_1_136' title='bbox 941 2223 990 2291; x_wconf 92' lang='lat' dir='ltr'>uti</span> <span class='ocrx_word' id='word_1_137' title='bbox 1007 2232 1055 2294; x_wconf 88' lang='lat' dir='ltr'>eat</span> <span class='ocrx_word' id='word_1_138' title='bbox 1064 2224 1145 2315; x_wconf 88' lang='lat' dir='ltr'>quid</span> <span class='ocrx_word' id='word_1_139' title='bbox 1159 2247 1217 2316; x_wconf 90' lang='lat' dir='ltr'>per</span> <span class='ocrx_word' id='word_1_140' title='bbox 1232 2247 1267 2293; x_wconf 88' lang='lat' dir='ltr'>sc</span> <span class='ocrx_word' id='word_1_141' title='bbox 1276 2226 1429 2294; x_wconf 89' lang='lat' dir='ltr'>omnibns</span> 
     </span>
     <span class='ocr_line' id='line_1_18' title="bbox 285 2329 1428 2423; baseline 0.001 -24"><span class='ocrx_word' id='word_1_142' title='bbox 285 2330 472 2399; x_wconf 90' lang='lat' dir='ltr'>hominibus</span> <span class='ocrx_word' id='word_1_143' title='bbox 498 2329 640 2416; x_wconf 90' lang='lat' dir='ltr'>licitum;</span> <span class='ocrx_word' id='word_1_144' title='bbox 659 2329 746 2398; x_wconf 91' lang='lat' dir='ltr'>unde</span> <span class='ocrx_word' id='word_1_145' title='bbox 762 2352 828 2398; x_wconf 90' lang='lat' dir='ltr'>uon</span> <span class='ocrx_word' id='word_1_146' title='bbox 843 2330 939 2399; x_wconf 88' lang='lat' dir='ltr'>debet</span> <span class='ocrx_word' id='word_1_147' title='bbox 953 2330 1076 2400; x_wconf 87' lang='lat' dir='ltr'>censeri</span> <span class='ocrx_word' id='word_1_148' title='bbox 1092 2331 1243 2417; x_wconf 89' lang='lat' dir='ltr'>vetitum,</span> <span class='ocrx_word' id='word_1_149' title='bbox 1262 2331 1327 2400; x_wconf 89' lang='lat' dir='ltr'>nisi</span> <span class='ocrx_word' id='word_1_150' title='bbox 1355 2355 1428 2423; x_wconf 90' lang='lat' dir='ltr'>pro-</span> 
     </span>
     <span class='ocr_line' id='line_1_19' title="bbox 284 2437 1429 2530; baseline 0.002 -26"><span class='ocrx_word' id='word_1_151' title='bbox 284 2438 399 2506; x_wconf 91' lang='lat' dir='ltr'>hibitio</span> <span class='ocrx_word' id='word_1_152' title='bbox 414 2438 448 2505; x_wconf 90' lang='lat' dir='ltr'>in</span> <span class='ocrx_word' id='word_1_153' title='bbox 459 2437 533 2527; x_wconf 88' lang='lat' dir='ltr'>jure</span> <span class='ocrx_word' id='word_1_154' title='bbox 544 2439 761 2527; x_wconf 78' lang='lat' dir='ltr'>exprimatur.</span> <span class='ocrx_word' id='word_1_155' title='bbox 775 2437 874 2505; x_wconf 90' lang='lat' dir='ltr'>Nulla</span> <span class='ocrx_word' id='word_1_156' title='bbox 887 2445 997 2506; x_wconf 88' lang='lat' dir='ltr'>autem</span> <span class='ocrx_word' id='word_1_157' title='bbox 1011 2440 1082 2528; x_wconf 80' lang='lat' dir='ltr'>lege</span> <span class='ocrx_word' id='word_1_158' title='bbox 1097 2438 1131 2505; x_wconf 93' lang='lat' dir='ltr'>id</span> <span class='ocrx_word' id='word_1_159' title='bbox 1141 2437 1312 2528; x_wconf 87' lang='lat' dir='ltr'>judicibus</span> <span class='ocrx_word' id='word_1_160' title='bbox 1323 2439 1429 2530; x_wconf 88' lang='lat' dir='ltr'>prohi-</span> 
     </span>
     <span class='ocr_line' id='line_1_20' title="bbox 284 2543 1428 2637; baseline 0.001 -24"><span class='ocrx_word' id='word_1_161' title='bbox 284 2547 389 2613; x_wconf 83' lang='lat' dir='ltr'>betur.</span> <span class='ocrx_word' id='word_1_162' title='bbox 409 2545 493 2615; x_wconf 88' lang='lat' dir='ltr'>Hinc</span> <span class='ocrx_word' id='word_1_163' title='bbox 506 2545 569 2612; x_wconf 87' lang='lat' dir='ltr'>nisi</span> <span class='ocrx_word' id='word_1_164' title='bbox 584 2544 676 2612; x_wconf 85' lang='lat' dir='ltr'>aliter</span> <span class='ocrx_word' id='word_1_165' title='bbox 691 2543 732 2612; x_wconf 88' lang='lat' dir='ltr'>ab</span> <span class='ocrx_word' id='word_1_166' title='bbox 746 2543 905 2636; x_wconf 84' lang='lat' dir='ltr'>Episcopo</span> <span class='ocrx_word' id='word_1_167' title='bbox 921 2554 1055 2614; x_wconf 91' lang='lat' dir='ltr'>cautum</span> <span class='ocrx_word' id='word_1_168' title='bbox 1071 2544 1182 2632; x_wconf 86' lang='lat' dir='ltr'>luerit,</span> <span class='ocrx_word' id='word_1_169' title='bbox 1200 2547 1321 2637; x_wconf 83' lang='lat' dir='ltr'>poterit</span> <span class='ocrx_word' id='word_1_170' title='bbox 1331 2547 1428 2617; x_wconf 81' lang='lat' dir='ltr'>Vica-</span> 
     </span>
     <span class='ocr_line' id='line_1_21' title="bbox 284 2651 1429 2742; baseline 0 -21"><span class='ocrx_word' id='word_1_171' title='bbox 284 2654 354 2721; x_wconf 90' lang='lat' dir='ltr'>rius</span> <span class='ocrx_word' id='word_1_172' title='bbox 366 2653 469 2742; x_wconf 92' lang='lat' dir='ltr'>ipsius</span> <span class='ocrx_word' id='word_1_173' title='bbox 481 2651 641 2740; x_wconf 83' lang='lat' dir='ltr'>generalis</span> <span class='ocrx_word' id='word_1_174' title='bbox 654 2673 730 2720; x_wconf 91' lang='lat' dir='ltr'>suos</span> <span class='ocrx_word' id='word_1_175' title='bbox 742 2651 804 2720; x_wconf 87' lang='lat' dir='ltr'>sibi</span> <span class='ocrx_word' id='word_1_176' title='bbox 818 2653 1004 2720; x_wconf 86' lang='lat' dir='ltr'>Assessores</span> <span class='ocrx_word' id='word_1_177' title='bbox 1017 2675 1193 2722; x_wconf 86' lang='lat' dir='ltr'>assumere.</span> <span class='ocrx_word' id='word_1_178' title='bbox 1207 2653 1310 2722; x_wconf 89' lang='lat' dir='ltr'>Secus</span> <span class='ocrx_word' id='word_1_179' title='bbox 1323 2665 1429 2723; x_wconf 89' lang='lat' dir='ltr'>autem</span> 
     </span>
     <span class='ocr_line' id='line_1_22' title="bbox 284 2759 1131 2850; baseline 0.001 -23"><span class='ocrx_word' id='word_1_180' title='bbox 284 2761 311 2826; x_wconf 91' lang='lat' dir='ltr'>si</span> <span class='ocrx_word' id='word_1_181' title='bbox 328 2760 411 2827; x_wconf 92' lang='lat' dir='ltr'>hanc</span> <span class='ocrx_word' id='word_1_182' title='bbox 426 2760 613 2827; x_wconf 89' lang='lat' dir='ltr'>electionem</span> <span class='ocrx_word' id='word_1_183' title='bbox 628 2759 689 2826; x_wconf 90' lang='lat' dir='ltr'>sibi</span> <span class='ocrx_word' id='word_1_184' title='bbox 704 2759 887 2850; x_wconf 76' lang='lat' dir='ltr'>Episcopus</span> <span class='ocrx_word' id='word_1_185' title='bbox 902 2763 1131 2830; x_wconf 85' lang='lat' dir='ltr'>reservaverit.</span> 
     </span>
    </p>

    <p class='ocr_par' dir='ltr' id='par_1_6' title="bbox 285 2867 1433 4027">
     <span class='ocr_line' id='line_1_23' title="bbox 330 2867 1429 2960; baseline 0.003 -26"><span class='ocrx_word' id='word_1_186' title='bbox 330 2867 474 2948; x_wconf 76' lang='lat' dir='ltr'>Quasrro</span> <span class='ocrx_word' id='word_1_187' title='bbox 491 2871 535 2934; x_wconf 72' lang='lat'>5².</span> <span class='ocrx_word' id='word_1_188' title='bbox 559 2904 605 2918; x_wconf 93' lang='lat'>-</span> <span class='ocrx_word' id='word_1_189' title='bbox 627 2867 678 2934; x_wconf 79' lang='lat' dir='ltr'>Aa</span> <span class='ocrx_word' id='word_1_190' title='bbox 698 2869 873 2934; x_wconf 83' lang='lat' dir='ltr'>Assessores</span> <span class='ocrx_word' id='word_1_191' title='bbox 892 2867 992 2935; x_wconf 61' lang='lat' dir='ltr'>cuma</span> <span class='ocrx_word' id='word_1_192' title='bbox 1007 2867 1196 2958; x_wconf 79' lang='lat' dir='ltr'>epa&#39;scopolr&#39;s</span> <span class='ocrx_word' id='word_1_193' title='bbox 1219 2868 1347 2960; x_wconf 74' lang='lat' dir='ltr'>possim</span> <span class='ocrx_word' id='word_1_194' title='bbox 1371 2891 1429 2936; x_wconf 83' lang='lat' dir='ltr'>csse</span> 
     </span>
     <span class='ocr_line' id='line_1_24' title="bbox 285 2972 1429 3066; baseline 0.002 -24"><span class='ocrx_word' id='word_1_195' title='bbox 285 2974 385 3042; x_wconf 79' lang='lat' dir='ltr'>laici?</span> <span class='ocrx_word' id='word_1_196' title='bbox 399 3013 444 3026; x_wconf 90' lang='lat'><em>-</em></span> <span class='ocrx_word' id='word_1_197' title='bbox 457 2972 681 3064; x_wconf 89' lang='lat' dir='ltr'>Respondetur</span> <span class='ocrx_word' id='word_1_198' title='bbox 693 2973 908 3060; x_wconf 80' lang='lat' dir='ltr'>affirmative3</span> <span class='ocrx_word' id='word_1_199' title='bbox 925 2997 1002 3043; x_wconf 91' lang='lat' dir='ltr'>cum</span> <span class='ocrx_word' id='word_1_200' title='bbox 1016 2974 1143 3042; x_wconf 87' lang='lat' dir='ltr'>Abbate</span> <span class='ocrx_word' id='word_1_201' title='bbox 1162 2975 1213 3064; x_wconf 80' lang='lat' dir='ltr'>(in</span> <span class='ocrx_word' id='word_1_202' title='bbox 1234 2998 1306 3066; x_wconf 90' lang='lat' dir='ltr'>cap.</span> <span class='ocrx_word' id='word_1_203' title='bbox 1325 2979 1429 3066; x_wconf 79' lang='lat' dir='ltr'>Super</span> 
     </span>
     <span class='ocr_line' id='line_1_25' title="bbox 285 3079 1428 3174; baseline -0.002 -24"><span class='ocrx_word' id='word_1_204' title='bbox 285 3081 513 3172; x_wconf 68' lang='lat' dir='ltr'>questionum,</span> <span class='ocrx_word' id='word_1_205' title='bbox 532 3079 572 3149; x_wconf 85' lang='lat' dir='ltr'>de</span> <span class='ocrx_word' id='word_1_206' title='bbox 589 3080 704 3171; x_wconf 74' lang='lat' dir='ltr'>Officio</span> <span class='ocrx_word' id='word_1_207' title='bbox 727 3079 846 3172; x_wconf 68' lang='lat' dir='ltr'>dalaq„</span> <span class='ocrx_word' id='word_1_208' title='bbox 875 3103 909 3148; x_wconf 92' lang='lat' dir='ltr'>n.</span> <span class='ocrx_word' id='word_1_209' title='bbox 933 3083 1001 3171; x_wconf 86' lang='grc'>16),</span> <span class='ocrx_word' id='word_1_210' title='bbox 1019 3091 1050 3150; x_wconf 87' lang='lat' dir='ltr'>et</span> <span class='ocrx_word' id='word_1_211' title='bbox 1063 3081 1250 3171; x_wconf 82' lang='lat' dir='ltr'>Pellegrino</span> <span class='ocrx_word' id='word_1_212' title='bbox 1279 3083 1384 3174; x_wconf 84' lang='lat' dir='ltr'>(parta</span> <span class='ocrx_word' id='word_1_213' title='bbox 1398 3087 1428 3168; x_wconf 79' lang='lat'>2,</span> 
     </span>
     <span class='ocr_line' id='line_1_26' title="bbox 286 3187 1431 3279; baseline 0.001 -24"><span class='ocrx_word' id='word_1_214' title='bbox 286 3187 457 3279; x_wconf 84' lang='lat' dir='ltr'>praemisso</span> <span class='ocrx_word' id='word_1_215' title='bbox 476 3191 506 3273; x_wconf 85' lang='grc'>8,</span> <span class='ocrx_word' id='word_1_216' title='bbox 532 3209 565 3254; x_wconf 94' lang='lat' dir='ltr'>n.</span> <span class='ocrx_word' id='word_1_217' title='bbox 584 3189 658 3276; x_wconf 76' lang='lat'>26);</span> <span class='ocrx_word' id='word_1_218' title='bbox 683 3187 877 3278; x_wconf 88' lang='lat' dir='ltr'>videturque</span> <span class='ocrx_word' id='word_1_219' title='bbox 903 3189 1061 3256; x_wconf 87' lang='lat' dir='ltr'>sententia</span> <span class='ocrx_word' id='word_1_220' title='bbox 1076 3189 1146 3256; x_wconf 81' lang='lat' dir='ltr'>haec</span> <span class='ocrx_word' id='word_1_221' title='bbox 1171 3189 1393 3258; x_wconf 89' lang='lat' dir='ltr'>communiter</span> <span class='ocrx_word' id='word_1_222' title='bbox 1412 3211 1431 3256; x_wconf 89' lang='lat' dir='ltr'>a</span> 
     </span>
     <span class='ocr_line' id='line_1_27' title="bbox 287 3294 1428 3386; baseline 0.005 -28"><span class='ocrx_word' id='word_1_223' title='bbox 287 3295 473 3364; x_wconf 87' lang='lat' dir='ltr'>doctoribus</span> <span class='ocrx_word' id='word_1_224' title='bbox 496 3294 609 3384; x_wconf 88' lang='lat' dir='ltr'>recipi.</span> <span class='ocrx_word' id='word_1_225' title='bbox 637 3295 689 3364; x_wconf 84' lang='lat' dir='ltr'>Ex</span> <span class='ocrx_word' id='word_1_226' title='bbox 709 3315 747 3362; x_wconf 91' lang='lat' dir='ltr'>ea</span> <span class='ocrx_word' id='word_1_227' title='bbox 763 3316 841 3363; x_wconf 86' lang='lat' dir='ltr'>vero</span> <span class='ocrx_word' id='word_1_228' title='bbox 866 3297 1080 3364; x_wconf 87' lang='lat' dir='ltr'>confirmatur</span> <span class='ocrx_word' id='word_1_229' title='bbox 1103 3295 1191 3386; x_wconf 92' lang='lat' dir='ltr'>quod</span> <span class='ocrx_word' id='word_1_230' title='bbox 1218 3297 1428 3380; x_wconf 86' lang='lat' dir='ltr'>asseruimus,</span> 
     </span>
     <span class='ocr_line' id='line_1_28' title="bbox 288 3401 1431 3493; baseline 0 -23"><span class='ocrx_word' id='word_1_231' title='bbox 288 3403 410 3470; x_wconf 90' lang='lat' dir='ltr'>nullam</span> <span class='ocrx_word' id='word_1_232' title='bbox 427 3401 594 3470; x_wconf 84' lang='lat' dir='ltr'>Assessori</span> <span class='ocrx_word' id='word_1_233' title='bbox 609 3408 791 3492; x_wconf 89' lang='lat' dir='ltr'>competere</span> <span class='ocrx_word' id='word_1_234' title='bbox 803 3401 1066 3491; x_wconf 87' lang='lat' dir='ltr'>jurisdictionem</span> <span class='ocrx_word' id='word_1_235' title='bbox 1094 3428 1102 3469; x_wconf 76' lang='grc' dir='ltr'>ι</span> <span class='ocrx_word' id='word_1_236' title='bbox 1130 3401 1259 3470; x_wconf 90' lang='lat' dir='ltr'>sienim</span> <span class='ocrx_word' id='word_1_237' title='bbox 1273 3402 1431 3493; x_wconf 86' lang='lat' dir='ltr'>jurisdic-</span> 
     </span>
     <span class='ocr_line' id='line_1_29' title="bbox 287 3507 1432 3594; baseline 0.001 -16"><span class='ocrx_word' id='word_1_238' title='bbox 287 3511 409 3579; x_wconf 88' lang='lat' dir='ltr'>tionem</span> <span class='ocrx_word' id='word_1_239' title='bbox 427 3510 571 3594; x_wconf 86' lang='lat' dir='ltr'>haberet,</span> <span class='ocrx_word' id='word_1_240' title='bbox 589 3507 724 3577; x_wconf 90' lang='lat' dir='ltr'>clericus</span> <span class='ocrx_word' id='word_1_241' title='bbox 740 3508 922 3577; x_wconf 88' lang='lat' dir='ltr'>necessario</span> <span class='ocrx_word' id='word_1_242' title='bbox 940 3530 1009 3576; x_wconf 90' lang='lat' dir='ltr'>esse</span> <span class='ocrx_word' id='word_1_243' title='bbox 1033 3508 1180 3594; x_wconf 89' lang='lat' dir='ltr'>deberet;</span> <span class='ocrx_word' id='word_1_244' title='bbox 1197 3532 1273 3578; x_wconf 91' lang='lat' dir='ltr'>cum</span> <span class='ocrx_word' id='word_1_245' title='bbox 1286 3511 1365 3580; x_wconf 90' lang='lat' dir='ltr'>laici</span> <span class='ocrx_word' id='word_1_246' title='bbox 1381 3533 1432 3579; x_wconf 90' lang='lat' dir='ltr'>ec-</span> 
     </span>
     <span class='ocr_line' id='line_1_30' title="bbox 287 3616 1430 3710; baseline 0.001 -24"><span class='ocrx_word' id='word_1_247' title='bbox 287 3618 495 3686; x_wconf 85' lang='lat' dir='ltr'>clesiasticam</span> <span class='ocrx_word' id='word_1_248' title='bbox 507 3616 766 3706; x_wconf 86' lang='lat' dir='ltr'>jurisdictionem</span> <span class='ocrx_word' id='word_1_249' title='bbox 783 3638 933 3686; x_wconf 85' lang='lat' dir='ltr'>exercere</span> <span class='ocrx_word' id='word_1_250' title='bbox 949 3617 1195 3707; x_wconf 87' lang='lat' dir='ltr'>prohibeantur.</span> <span class='ocrx_word' id='word_1_251' title='bbox 1223 3617 1430 3710; x_wconf 85' lang='lat' dir='ltr'>Quamquam</span> 
     </span>
     <span class='ocr_line' id='line_1_31' title="bbox 287 3723 1432 3816; baseline 0 -22"><span class='ocrx_word' id='word_1_252' title='bbox 287 3734 394 3794; x_wconf 88' lang='lat' dir='ltr'>autem</span> <span class='ocrx_word' id='word_1_253' title='bbox 409 3725 441 3792; x_wconf 87' lang='lat' dir='ltr'>id</span> <span class='ocrx_word' id='word_1_254' title='bbox 456 3726 491 3792; x_wconf 91' lang='lat' dir='ltr'>in</span> <span class='ocrx_word' id='word_1_255' title='bbox 506 3723 615 3812; x_wconf 82' lang='lat' dir='ltr'>rigore</span> <span class='ocrx_word' id='word_1_256' title='bbox 628 3723 713 3815; x_wconf 87' lang='lat' dir='ltr'>juris</span> <span class='ocrx_word' id='word_1_257' title='bbox 725 3745 841 3792; x_wconf 87' lang='lat' dir='ltr'>verum</span> <span class='ocrx_word' id='word_1_258' title='bbox 858 3724 912 3812; x_wconf 87' lang='lat' dir='ltr'>sit,</span> <span class='ocrx_word' id='word_1_259' title='bbox 928 3745 1026 3792; x_wconf 88' lang='lat' dir='ltr'>nemo</span> <span class='ocrx_word' id='word_1_260' title='bbox 1038 3746 1104 3793; x_wconf 91' lang='lat' dir='ltr'>non</span> <span class='ocrx_word' id='word_1_261' title='bbox 1118 3723 1206 3793; x_wconf 86' lang='lat' dir='ltr'>videt</span> <span class='ocrx_word' id='word_1_262' title='bbox 1219 3735 1300 3816; x_wconf 91' lang='lat' dir='ltr'>quot</span> <span class='ocrx_word' id='word_1_263' title='bbox 1308 3725 1432 3794; x_wconf 91' lang='lat' dir='ltr'>incom-</span> 
     </span>
     <span class='ocr_line' id='line_1_32' title="bbox 287 3830 1433 3923; baseline -0.003 -20"><span class='ocrx_word' id='word_1_264' title='bbox 287 3833 384 3903; x_wconf 90' lang='lat' dir='ltr'>moda</span> <span class='ocrx_word' id='word_1_265' title='bbox 399 3831 510 3900; x_wconf 90' lang='lat' dir='ltr'>multis</span> <span class='ocrx_word' id='word_1_266' title='bbox 525 3832 560 3898; x_wconf 92' lang='lat' dir='ltr'>in</span> <span class='ocrx_word' id='word_1_267' title='bbox 574 3830 825 3898; x_wconf 82' lang='lat' dir='ltr'>circumstantiis</span> <span class='ocrx_word' id='word_1_268' title='bbox 840 3830 919 3899; x_wconf 93' lang='lat' dir='ltr'>oriri</span> <span class='ocrx_word' id='word_1_269' title='bbox 937 3840 1079 3923; x_wconf 89' lang='lat' dir='ltr'>possent,</span> <span class='ocrx_word' id='word_1_270' title='bbox 1095 3833 1126 3900; x_wconf 85' lang='lat' dir='ltr'>si</span> <span class='ocrx_word' id='word_1_271' title='bbox 1139 3831 1213 3900; x_wconf 89' lang='lat' dir='ltr'>laici</span> <span class='ocrx_word' id='word_1_272' title='bbox 1229 3835 1264 3900; x_wconf 91' lang='lat' dir='ltr'>in</span> <span class='ocrx_word' id='word_1_273' title='bbox 1280 3834 1433 3902; x_wconf 83' lang='lat' dir='ltr'>consilia-</span> 
     </span>
     <span class='ocr_line' id='line_1_33' title="bbox 286 3936 1017 4027; baseline 0 -19"><span class='ocrx_word' id='word_1_274' title='bbox 286 3941 352 4009; x_wconf 92' lang='lat' dir='ltr'>rios</span> <span class='ocrx_word' id='word_1_275' title='bbox 363 3940 404 4008; x_wconf 90' lang='lat' dir='ltr'>ab</span> <span class='ocrx_word' id='word_1_276' title='bbox 417 3937 628 4007; x_wconf 85' lang='lat' dir='ltr'>ecclesiastico</span> <span class='ocrx_word' id='word_1_277' title='bbox 639 3936 749 4027; x_wconf 86' lang='lat' dir='ltr'>judice</span> <span class='ocrx_word' id='word_1_278' title='bbox 761 3948 1017 4008; x_wconf 88' lang='lat' dir='ltr'>assumerentur.</span> 
     </span>
    </p>

    <p class='ocr_par' dir='ltr' id='par_1_7' title="bbox 286 4045 1432 4358">
     <span class='ocr_line' id='line_1_34' title="bbox 330 4045 1431 4142; baseline 0.004 -28"><span class='ocrx_word' id='word_1_279' title='bbox 330 4049 473 4127; x_wconf 74' lang='lat' dir='ltr'>Quaerro</span> <span class='ocrx_word' id='word_1_280' title='bbox 487 4049 534 4114; x_wconf 66' lang='grc' dir='ltr'>θ’.</span> <span class='ocrx_word' id='word_1_281' title='bbox 551 4083 595 4100; x_wconf 91' lang='lat'><em>-</em></span> <span class='ocrx_word' id='word_1_282' title='bbox 609 4047 659 4114; x_wconf 76' lang='lat' dir='ltr'>Aa</span> <span class='ocrx_word' id='word_1_283' title='bbox 673 4047 816 4113; x_wconf 83' lang='lat' dir='ltr'>Asscssor</span> <span class='ocrx_word' id='word_1_284' title='bbox 836 4045 981 4114; x_wconf 75' lang='lat' dir='ltr'>recusari</span> <span class='ocrx_word' id='word_1_285' title='bbox 996 4047 1100 4137; x_wconf 81' lang='lat' dir='ltr'>possit</span> <span class='ocrx_word' id='word_1_286' title='bbox 1123 4059 1288 4139; x_wconf 81' lang='lat' dir='ltr'>tauquam</span> <span class='ocrx_word' id='word_1_287' title='bbox 1305 4071 1431 4142; x_wconf 83' lang='lat' dir='ltr'>suspec-</span> 
     </span>
     <span class='ocr_line' id='line_1_35' title="bbox 286 4151 1432 4243; baseline -0.001 -20"><span class='ocrx_word' id='word_1_288' title='bbox 286 4157 417 4223; x_wconf 62' lang='grc'>11111-</span> <span class='ocrx_word' id='word_1_289' title='bbox 435 4153 575 4220; x_wconf 75' lang='lat' dir='ltr'>«Potest</span> <span class='ocrx_word' id='word_1_290' title='bbox 589 4151 724 4240; x_wconf 79' lang='lat' dir='ltr'>allegari</span> <span class='ocrx_word' id='word_1_291' title='bbox 738 4161 906 4243; x_wconf 85' lang='lat' dir='ltr'>suspectus</span> <span class='ocrx_word' id='word_1_292' title='bbox 931 4175 972 4222; x_wconf 85' lang='lat' dir='ltr'>ex</span> <span class='ocrx_word' id='word_1_293' title='bbox 999 4175 1109 4242; x_wconf 89' lang='lat' dir='ltr'>causa,</span> <span class='ocrx_word' id='word_1_294' title='bbox 1129 4155 1205 4223; x_wconf 91' lang='lat' dir='ltr'>licet</span> <span class='ocrx_word' id='word_1_295' title='bbox 1231 4179 1301 4226; x_wconf 91' lang='lat' dir='ltr'>non</span> <span class='ocrx_word' id='word_1_296' title='bbox 1316 4157 1432 4226; x_wconf 85' lang='lat' dir='ltr'>habeat</span> 
     </span>
     <span class='ocr_line' id='line_1_36' title="bbox 290 4257 1432 4358; baseline 0.002 -28"><span class='ocrx_word' id='word_1_297' title='bbox 290 4287 307 4330; x_wconf 83' lang='lat' dir='ltr'>a</span> <span class='ocrx_word' id='word_1_298' title='bbox 326 4258 588 4356; x_wconf 85' lang='lat' dir='ltr'>jurisdictionem</span> <span class='ocrx_word' id='word_1_299' title='bbox 607 4266 662 4327; x_wconf 87' lang='lat' dir='ltr'>:et</span> <span class='ocrx_word' id='word_1_300' title='bbox 676 4257 703 4326; x_wconf 88' lang='lat' dir='ltr'>si</span> <span class='ocrx_word' id='word_1_301' title='bbox 715 4257 818 4348; x_wconf 85' lang='lat' dir='ltr'>judex</span> <span class='ocrx_word' id='word_1_302' title='bbox 830 4281 897 4328; x_wconf 91' lang='lat' dir='ltr'>non</span> <span class='ocrx_word' id='word_1_303' title='bbox 907 4259 1049 4330; x_wconf 88' lang='lat' dir='ltr'>admittit</span> <span class='ocrx_word' id='word_1_304' title='bbox 1062 4262 1297 4354; x_wconf 86' lang='lat' dir='ltr'>suspicionem,</span> <span class='ocrx_word' id='word_1_305' title='bbox 1310 4264 1349 4333; x_wconf 90' lang='lat' dir='ltr'>fit</span> <span class='ocrx_word' id='word_1_306' title='bbox 1365 4266 1432 4358; x_wconf 90' lang='lat' dir='ltr'>ipse</span> 
     </span>
    </p>
   </div>
   <div class='ocr_carea' id='block_1_4' title="bbox 0 0 1528 4980">
    <p class='ocr_par' dir='ltr' id='par_1_8' title="bbox 0 0 1528 4980">
     <span class='ocr_line' id='line_1_37' title="bbox 0 0 1528 4980; baseline 0 0"><span class='ocrx_word' id='word_1_307' title='bbox 0 0 1528 4980; x_wconf 95' lang='lat' dir='ltr'> </span> 
     </span>
    </p>
   </div>
  </div>
 </body>
</html>
