<?xml version="1.0" encoding="UTF-8"?>
<!DOCTYPE html PUBLIC "-//W3C//DTD XHTML 1.0 Transitional//EN"
    "http://www.w3.org/TR/xhtml1/DTD/xhtml1-transitional.dtd">
<html xmlns="http://www.w3.org/1999/xhtml" xml:lang="en" lang="en">
 <head>
  <title>
</title>
<meta http-equiv="Content-Type" content="text/html;charset=utf-8" />
  <meta name='ocr-system' content='tesseract 3.04.00' />
  <meta name='ocr-capabilities' content='ocr_page ocr_carea ocr_par ocr_line ocrx_word'/>
</head>
<body>
  <div class='ocr_page' id='page_1' title='image "./tractatusdejudi01goog_0424.png"; bbox 0 0 3030 4980; ppageno 0'>
   <div class='ocr_carea' id='block_1_1' title="bbox 549 489 1234 557">
    <p class='ocr_par' dir='ltr' id='par_1_1' title="bbox 549 489 1234 557">
     <span class='ocr_line' id='line_1_1' title="bbox 549 489 1234 557; baseline 0.006 -5"><span class='ocrx_word' id='word_1_1' title='bbox 549 505 624 554; x_wconf 79' lang='lat' dir='ltr'><strong>raas</strong></span> <span class='ocrx_word' id='word_1_2' title='bbox 647 499 797 556; x_wconf 67' lang='grc' dir='ltr'><strong>1111111111.ι</strong></span> <span class='ocrx_word' id='word_1_3' title='bbox 1173 489 1234 557; x_wconf 80' lang='lat' dir='ltr'><strong>ua</strong></span> 
     </span>
    </p>
   </div>
   <div class='ocr_carea' id='block_1_2' title="bbox 98 624 1236 1042">
    <p class='ocr_par' dir='ltr' id='par_1_2' title="bbox 98 624 1236 1042">
     <span class='ocr_line' id='line_1_2' title="bbox 98 624 1236 722; baseline 0.01 -31"><span class='ocrx_word' id='word_1_4' title='bbox 98 649 116 690; x_wconf 82' lang='grc'><strong>1</strong></span> <span class='ocrx_word' id='word_1_5' title='bbox 139 624 234 695; x_wconf 90' lang='lat' dir='ltr'><strong>betur</strong></span> <span class='ocrx_word' id='word_1_6' title='bbox 256 626 458 714; x_wconf 85' lang='lat' dir='ltr'><strong>commissi03</strong></span> <span class='ocrx_word' id='word_1_7' title='bbox 478 649 578 720; x_wconf 88' lang='lat' dir='ltr'><strong>quam</strong></span> <span class='ocrx_word' id='word_1_8' title='bbox 601 630 738 720; x_wconf 86' lang='lat' dir='ltr'><strong>probare</strong></span> <span class='ocrx_word' id='word_1_9' title='bbox 761 635 889 698; x_wconf 88' lang='lat' dir='ltr'><strong>tenetur</strong></span> <span class='ocrx_word' id='word_1_10' title='bbox 910 629 978 722; x_wconf 89' lang='lat' dir='ltr'><strong>ipse</strong></span> <span class='ocrx_word' id='word_1_11' title='bbox 999 629 1164 720; x_wconf 85' lang='lat' dir='ltr'><strong>Vicarins,</strong></span> <span class='ocrx_word' id='word_1_12' title='bbox 1184 635 1236 702; x_wconf 89' lang='lat' dir='ltr'><strong>vel</strong></span> 
     </span>
     <span class='ocr_line' id='line_1_3' title="bbox 99 735 1236 830; baseline 0.009 -32"><span class='ocrx_word' id='word_1_13' title='bbox 99 760 116 798; x_wconf 80' lang='grc'><strong>1</strong></span> <span class='ocrx_word' id='word_1_14' title='bbox 139 735 223 802; x_wconf 88' lang='lat' dir='ltr'><strong>alius</strong></span> <span class='ocrx_word' id='word_1_15' title='bbox 237 735 295 826; x_wconf 90' lang='lat' dir='ltr'><strong>qui</strong></span> <span class='ocrx_word' id='word_1_16' title='bbox 309 759 382 804; x_wconf 89' lang='lat' dir='ltr'><strong>eam</strong></span> <span class='ocrx_word' id='word_1_17' title='bbox 399 737 593 828; x_wconf 83' lang='lat' dir='ltr'><strong>supponit...</strong></span> <span class='ocrx_word' id='word_1_18' title='bbox 611 737 728 806; x_wconf 81' lang='lat' dir='ltr'><strong>Tutior</strong></span> <span class='ocrx_word' id='word_1_19' title='bbox 742 759 823 826; x_wconf 89' lang='lat' dir='ltr'><strong>ergo</strong></span> <span class='ocrx_word' id='word_1_20' title='bbox 839 737 893 805; x_wconf 91' lang='lat' dir='ltr'><strong>via</strong></span> <span class='ocrx_word' id='word_1_21' title='bbox 906 747 965 824; x_wconf 89' lang='lat' dir='ltr'><strong>est,</strong></span> <span class='ocrx_word' id='word_1_22' title='bbox 983 739 1070 830; x_wconf 89' lang='lat' dir='ltr'><strong>quod</strong></span> <span class='ocrx_word' id='word_1_23' title='bbox 1084 740 1236 808; x_wconf 88' lang='lat' dir='ltr'><strong>Vicarius</strong></span> 
     </span>
     <span class='ocr_line' id='line_1_4' title="bbox 100 841 1236 937; baseline 0.01 -32"><span class='ocrx_word' id='word_1_24' title='bbox 100 867 117 904; x_wconf 79' lang='grc'><strong>1</strong></span> <span class='ocrx_word' id='word_1_25' title='bbox 141 841 176 909; x_wconf 92' lang='lat' dir='ltr'><strong>in</strong></span> <span class='ocrx_word' id='word_1_26' title='bbox 190 843 351 933; x_wconf 89' lang='lat' dir='ltr'><strong>principio</strong></span> <span class='ocrx_word' id='word_1_27' title='bbox 366 844 418 912; x_wconf 93' lang='lat' dir='ltr'><strong>sui</strong></span> <span class='ocrx_word' id='word_1_28' title='bbox 429 843 529 912; x_wconf 85' lang='lat' dir='ltr'><strong>officii</strong></span> <span class='ocrx_word' id='word_1_29' title='bbox 543 865 654 912; x_wconf 89' lang='lat' dir='ltr'><strong>coram</strong></span> <span class='ocrx_word' id='word_1_30' title='bbox 668 844 818 934; x_wconf 87' lang='lat' dir='ltr'><strong>Capitulo</strong></span> <span class='ocrx_word' id='word_1_31' title='bbox 831 844 1023 914; x_wconf 88' lang='lat' dir='ltr'><strong>cathedralis</strong></span> <span class='ocrx_word' id='word_1_32' title='bbox 1038 869 1097 937; x_wconf 90' lang='lat' dir='ltr'><strong>per</strong></span> <span class='ocrx_word' id='word_1_33' title='bbox 1110 848 1236 915; x_wconf 90' lang='lat' dir='ltr'><strong>cancel-</strong></span> 
     </span>
     <span class='ocr_line' id='line_1_5' title="bbox 100 946 1235 1042; baseline 0.008 -29"><span class='ocrx_word' id='word_1_34' title='bbox 100 973 117 1011; x_wconf 84' lang='grc'><strong>1</strong></span> <span class='ocrx_word' id='word_1_35' title='bbox 140 946 261 1015; x_wconf 90' lang='lat' dir='ltr'><strong>larium</strong></span> <span class='ocrx_word' id='word_1_36' title='bbox 279 947 402 1016; x_wconf 78' lang='lat' dir='ltr'><strong>litteras</strong></span> <span class='ocrx_word' id='word_1_37' title='bbox 423 971 492 1018; x_wconf 83' lang='lat' dir='ltr'><strong>suae</strong></span> <span class='ocrx_word' id='word_1_38' title='bbox 517 949 734 1042; x_wconf 89' lang='lat' dir='ltr'><strong>deputationis</strong></span> <span class='ocrx_word' id='word_1_39' title='bbox 759 951 923 1042; x_wconf 78' lang='lat' dir='ltr'>publicare</span> <span class='ocrx_word' id='word_1_40' title='bbox 942 953 1049 1040; x_wconf 83' lang='lat' dir='ltr'><strong>iaciat,</strong></span> <span class='ocrx_word' id='word_1_41' title='bbox 1067 962 1098 1022; x_wconf 87' lang='lat' dir='ltr'><strong>et</strong></span> <span class='ocrx_word' id='word_1_42' title='bbox 1120 953 1235 1022; x_wconf 90' lang='lat' dir='ltr'><strong>deinde</strong></span> 
     </span>
    </p>
   </div>
   <div class='ocr_carea' id='block_1_3' title="bbox 98 1055 1232 1254">
    <p class='ocr_par' dir='ltr' id='par_1_3' title="bbox 98 1055 1232 1254">
     <span class='ocr_line' id='line_1_6' title="bbox 101 1055 1232 1149; baseline 0.006 -31"><span class='ocrx_word' id='word_1_43' title='bbox 101 1075 240 1144; x_wconf 77' lang='lat' dir='ltr'><strong>«penes</strong></span> <span class='ocrx_word' id='word_1_44' title='bbox 269 1063 339 1122; x_wconf 84' lang='lat' dir='ltr'><strong>acta</strong></span> <span class='ocrx_word' id='word_1_45' title='bbox 365 1055 572 1125; x_wconf 77' lang='lat' dir='ltr'><strong>cancellariae</strong></span> <span class='ocrx_word' id='word_1_46' title='bbox 601 1078 659 1148; x_wconf 86' lang='lat' dir='ltr'><strong>per</strong></span> <span class='ocrx_word' id='word_1_47' title='bbox 687 1065 859 1126; x_wconf 87' lang='lat' dir='ltr'><strong>extensum</strong></span> <span class='ocrx_word' id='word_1_48' title='bbox 891 1060 1057 1149; x_wconf 79' lang='lat' dir='ltr'><strong>registrari</strong></span> <span class='ocrx_word' id='word_1_49' title='bbox 1087 1068 1232 1129; x_wconf 82' lang='lat' dir='ltr'><strong>curet.»</strong></span> 
     </span>
     <span class='ocr_line' id='line_1_7' title="bbox 98 1161 711 1254; baseline 0.003 -24"><span class='ocrx_word' id='word_1_50' title='bbox 98 1161 247 1251; x_wconf 77' lang='lat' dir='ltr'><strong>(Parti,</strong></span> <span class='ocrx_word' id='word_1_51' title='bbox 264 1162 312 1229; x_wconf 89' lang='lat' dir='ltr'><strong>tit.</strong></span> <span class='ocrx_word' id='word_1_52' title='bbox 331 1165 363 1250; x_wconf 89' lang='lat'><strong>1,</strong></span> <span class='ocrx_word' id='word_1_53' title='bbox 381 1163 524 1232; x_wconf 88' lang='lat' dir='ltr'><strong>lormula</strong></span> <span class='ocrx_word' id='word_1_54' title='bbox 541 1167 572 1252; x_wconf 94' lang='grc'><strong>1,</strong></span> <span class='ocrx_word' id='word_1_55' title='bbox 588 1185 623 1232; x_wconf 92' lang='lat' dir='ltr'><strong>n.</strong></span> <span class='ocrx_word' id='word_1_56' title='bbox 643 1163 711 1254; x_wconf 81' lang='lat'><strong>30.)</strong></span> 
     </span>
    </p>
   </div>
   <div class='ocr_carea' id='block_1_4' title="bbox 551 1464 775 1535">
    <p class='ocr_par' dir='ltr' id='par_1_4' title="bbox 551 1464 775 1535">
     <span class='ocr_line' id='line_1_8' title="bbox 551 1464 775 1535; baseline 0 -1"><span class='ocrx_word' id='word_1_57' title='bbox 551 1465 694 1534; x_wconf 84' lang='lat' dir='ltr'>CAPUT</span> <span class='ocrx_word' id='word_1_58' title='bbox 717 1464 775 1535; x_wconf 85' lang='lat' dir='ltr'><strong>IV.</strong></span> 
     </span>
    </p>
   </div>
   <div class='ocr_carea' id='block_1_5' title="bbox 379 1658 948 1706">
    <p class='ocr_par' dir='ltr' id='par_1_5' title="bbox 379 1658 948 1706">
     <span class='ocr_line' id='line_1_9' title="bbox 379 1658 948 1706; baseline -0.002 0"><span class='ocrx_word' id='word_1_59' title='bbox 379 1661 417 1706; x_wconf 74' lang='lat' dir='ltr'><strong>nn</strong></span> <span class='ocrx_word' id='word_1_60' title='bbox 439 1659 554 1706; x_wconf 70' lang='lat' dir='ltr'><strong>vicum</strong></span> <span class='ocrx_word' id='word_1_61' title='bbox 576 1658 743 1706; x_wconf 68' lang='lat' dir='ltr'><strong>emensus</strong></span> <span class='ocrx_word' id='word_1_62' title='bbox 768 1658 948 1706; x_wconf 71' lang='lat' dir='ltr'><strong>POTRSTATE·</strong></span> 
     </span>
    </p>
   </div>
   <div class='ocr_carea' id='block_1_6' title="bbox 93 1833 1236 2356">
    <p class='ocr_par' dir='ltr' id='par_1_6' title="bbox 93 1833 1236 2356">
     <span class='ocr_line' id='line_1_10' title="bbox 141 1833 1234 1928; baseline 0.004 -26"><span class='ocrx_word' id='word_1_63' title='bbox 141 1835 193 1902; x_wconf 79' lang='lat' dir='ltr'><strong>Ad</strong></span> <span class='ocrx_word' id='word_1_64' title='bbox 215 1833 500 1903; x_wconf 86' lang='lat' dir='ltr'><strong>determinandum</strong></span> <span class='ocrx_word' id='word_1_65' title='bbox 519 1856 688 1928; x_wconf 83' lang='lat' dir='ltr'><strong>quousque</strong></span> <span class='ocrx_word' id='word_1_66' title='bbox 708 1857 742 1903; x_wconf 91' lang='lat' dir='ltr'><strong>se</strong></span> <span class='ocrx_word' id='word_1_67' title='bbox 764 1833 915 1903; x_wconf 83' lang='lat' dir='ltr'><strong>extendat</strong></span> <span class='ocrx_word' id='word_1_68' title='bbox 937 1833 1059 1904; x_wconf 87' lang='lat' dir='ltr'><strong>Vicarii</strong></span> <span class='ocrx_word' id='word_1_69' title='bbox 1075 1837 1234 1926; x_wconf 85' lang='lat' dir='ltr'><strong>generalis</strong></span> 
     </span>
     <span class='ocr_line' id='line_1_11' title="bbox 93 1939 1233 2033; baseline 0.004 -24"><span class='ocrx_word' id='word_1_70' title='bbox 93 1939 275 2033; x_wconf 86' lang='lat' dir='ltr'><strong>jurisdictio</strong></span> <span class='ocrx_word' id='word_1_71' title='bbox 298 1965 354 2010; x_wconf 91' lang='lat' dir='ltr'><strong>seu</strong></span> <span class='ocrx_word' id='word_1_72' title='bbox 378 1947 529 2032; x_wconf 86' lang='lat' dir='ltr'><strong>potestas,</strong></span> <span class='ocrx_word' id='word_1_73' title='bbox 553 1941 614 2009; x_wconf 91' lang='lat' dir='ltr'><strong>hoc</strong></span> <span class='ocrx_word' id='word_1_74' title='bbox 636 1939 733 2009; x_wconf 89' lang='lat' dir='ltr'><strong>modo</strong></span> <span class='ocrx_word' id='word_1_75' title='bbox 758 1939 1000 2032; x_wconf 89' lang='lat' dir='ltr'><strong>procedemus:</strong></span> <span class='ocrx_word' id='word_1_76' title='bbox 1024 1943 1054 2008; x_wconf 79' lang='grc' dir='ltr'><strong>1ο</strong></span> <span class='ocrx_word' id='word_1_77' title='bbox 1082 1942 1233 2013; x_wconf 86' lang='lat' dir='ltr'><strong>Stabilie-</strong></span> 
     </span>
     <span class='ocr_line' id='line_1_12' title="bbox 96 2047 1234 2142; baseline 0.004 -26"><span class='ocrx_word' id='word_1_78' title='bbox 96 2073 173 2118; x_wconf 89' lang='lat' dir='ltr'><strong>mus</strong></span> <span class='ocrx_word' id='word_1_79' title='bbox 185 2049 331 2140; x_wconf 81' lang='lat' dir='ltr'><strong>regulam</strong></span> <span class='ocrx_word' id='word_1_80' title='bbox 344 2049 530 2140; x_wconf 82' lang='lat' dir='ltr'><strong>generalem</strong></span> <span class='ocrx_word' id='word_1_81' title='bbox 542 2072 584 2118; x_wconf 82' lang='lat' dir='ltr'><strong>ex</strong></span> <span class='ocrx_word' id='word_1_82' title='bbox 593 2072 658 2142; x_wconf 87' lang='lat' dir='ltr'><strong>qua</strong></span> <span class='ocrx_word' id='word_1_83' title='bbox 669 2047 754 2117; x_wconf 89' lang='lat' dir='ltr'><strong>dicta</strong></span> <span class='ocrx_word' id='word_1_84' title='bbox 766 2048 995 2118; x_wconf 84' lang='lat' dir='ltr'><strong>determinatio</strong></span> <span class='ocrx_word' id='word_1_85' title='bbox 1006 2048 1122 2119; x_wconf 89' lang='lat' dir='ltr'><strong>deduci</strong></span> <span class='ocrx_word' id='word_1_86' title='bbox 1133 2054 1234 2142; x_wconf 86' lang='lat' dir='ltr'><strong>possit</strong></span> 
     </span>
     <span class='ocr_line' id='line_1_13' title="bbox 95 2155 1234 2249; baseline 0.004 -26"><span class='ocrx_word' id='word_1_87' title='bbox 95 2165 127 2224; x_wconf 93' lang='lat' dir='ltr'><strong>et</strong></span> <span class='ocrx_word' id='word_1_88' title='bbox 149 2157 262 2225; x_wconf 88' lang='lat' dir='ltr'><strong>debeat</strong></span> <span class='ocrx_word' id='word_1_89' title='bbox 282 2185 290 2224; x_wconf 76' lang='grc' dir='ltr'>ε</span> <span class='ocrx_word' id='word_1_90' title='bbox 308 2155 519 2249; x_wconf 89' lang='lat' dir='ltr'><strong>probabimus</strong></span> <span class='ocrx_word' id='word_1_91' title='bbox 543 2179 673 2248; x_wconf 91' lang='lat' dir='ltr'><strong>nempe,</strong></span> <span class='ocrx_word' id='word_1_92' title='bbox 699 2155 736 2224; x_wconf 86' lang='lat' dir='ltr'><strong>id</strong></span> <span class='ocrx_word' id='word_1_93' title='bbox 749 2178 844 2248; x_wconf 88' lang='lat' dir='ltr'><strong>posse</strong></span> <span class='ocrx_word' id='word_1_94' title='bbox 866 2157 1048 2247; x_wconf 77' lang='lat' dir='ltr'><strong>pecoralem</strong></span> <span class='ocrx_word' id='word_1_95' title='bbox 1070 2157 1234 2227; x_wconf 66' lang='lat' dir='ltr'><strong>Vicorium</strong></span> 
     </span>
     <span class='ocr_line' id='line_1_14' title="bbox 95 2262 1236 2356; baseline 0.003 -25"><span class='ocrx_word' id='word_1_96' title='bbox 95 2286 167 2354; x_wconf 75' lang='lat' dir='ltr'><strong>puer</strong></span> <span class='ocrx_word' id='word_1_97' title='bbox 177 2275 286 2354; x_wconf 86' lang='lat' dir='ltr'><strong>potest</strong></span> <span class='ocrx_word' id='word_1_98' title='bbox 304 2263 494 2356; x_wconf 84' lang='lat' dir='ltr'><strong>Episcopus,</strong></span> <span class='ocrx_word' id='word_1_99' title='bbox 513 2263 651 2354; x_wconf 78' lang='lat' dir='ltr'><strong>exceptis</strong></span> <span class='ocrx_word' id='word_1_100' title='bbox 673 2262 713 2331; x_wconf 85' lang='lat' dir='ltr'><strong>iis</strong></span> <span class='ocrx_word' id='word_1_101' title='bbox 734 2286 806 2354; x_wconf 72' lang='lat' dir='ltr'><strong>que</strong></span> <span class='ocrx_word' id='word_1_102' title='bbox 820 2263 881 2354; x_wconf 84' lang='lat' dir='ltr'><strong>jus</strong></span> <span class='ocrx_word' id='word_1_103' title='bbox 901 2277 1034 2354; x_wconf 80' lang='lat' dir='ltr'><strong>eccepto</strong></span> <span class='ocrx_word' id='word_1_104' title='bbox 1053 2264 1167 2348; x_wconf 84' lang='lat' dir='ltr'><strong>voluit,</strong></span> <span class='ocrx_word' id='word_1_105' title='bbox 1183 2267 1236 2334; x_wconf 87' lang='lat' dir='ltr'><strong>vel</strong></span> 
     </span>
    </p>
   </div>
   <div class='ocr_carea' id='block_1_7' title="bbox 95 2368 1232 2464">
    <p class='ocr_par' dir='ltr' id='par_1_7' title="bbox 95 2368 1232 2464">
     <span class='ocr_line' id='line_1_15' title="bbox 95 2368 1232 2464; baseline 0 -24"><span class='ocrx_word' id='word_1_106' title='bbox 95 2393 168 2462; x_wconf 75' lang='lat' dir='ltr'><strong>quer</strong></span> <span class='ocrx_word' id='word_1_107' title='bbox 187 2373 367 2464; x_wconf 83' lang='lat' dir='ltr'><strong>Episcopus</strong></span> <span class='ocrx_word' id='word_1_108' title='bbox 382 2372 444 2440; x_wconf 77' lang='lat' dir='ltr'><strong>sici</strong></span> <span class='ocrx_word' id='word_1_109' title='bbox 460 2393 603 2464; x_wconf 73' lang='lat' dir='ltr'><strong>cupresso</strong></span> <span class='ocrx_word' id='word_1_110' title='bbox 618 2370 812 2453; x_wconf 81' lang='lat' dir='ltr'><strong>reservavit;</strong></span> <span class='ocrx_word' id='word_1_111' title='bbox 828 2373 860 2436; x_wconf 87' lang='lat'><strong>2·</strong></span> <span class='ocrx_word' id='word_1_112' title='bbox 875 2368 910 2436; x_wconf 96' lang='lat' dir='ltr'><strong>in</strong></span> <span class='ocrx_word' id='word_1_113' title='bbox 929 2371 1116 2462; x_wconf 84' lang='lat' dir='ltr'><strong>particulari</strong></span> <span class='ocrx_word' id='word_1_114' title='bbox 1131 2395 1232 2463; x_wconf 85' lang='lat' dir='ltr'><strong>expo-</strong></span> 
     </span>
    </p>
   </div>
   <div class='ocr_carea' id='block_1_8' title="bbox 90 2475 1234 3294">
    <p class='ocr_par' dir='ltr' id='par_1_8' title="bbox 90 2475 1234 3294">
     <span class='ocr_line' id='line_1_16' title="bbox 93 2475 1234 2570; baseline 0.002 -26"><span class='ocrx_word' id='word_1_115' title='bbox 93 2499 213 2545; x_wconf 90' lang='lat' dir='ltr'><strong>nemus</strong></span> <span class='ocrx_word' id='word_1_116' title='bbox 227 2500 379 2570; x_wconf 82' lang='lat' dir='ltr'><strong>quaeuam</strong></span> <span class='ocrx_word' id='word_1_117' title='bbox 394 2477 435 2545; x_wconf 92' lang='lat' dir='ltr'><strong>sit</strong></span> <span class='ocrx_word' id='word_1_118' title='bbox 449 2499 525 2570; x_wconf 93' lang='lat' dir='ltr'><strong>pars</strong></span> <span class='ocrx_word' id='word_1_119' title='bbox 536 2476 772 2568; x_wconf 88' lang='lat' dir='ltr'><strong>jurisdictionis</strong></span> <span class='ocrx_word' id='word_1_120' title='bbox 791 2475 992 2568; x_wconf 88' lang='lat' dir='ltr'><strong>episcopalis,</strong></span> <span class='ocrx_word' id='word_1_121' title='bbox 1015 2500 1114 2568; x_wconf 92' lang='lat' dir='ltr'><strong>quam</strong></span> <span class='ocrx_word' id='word_1_122' title='bbox 1129 2479 1234 2548; x_wconf 90' lang='lat' dir='ltr'><strong>noluit</strong></span> 
     </span>
     <span class='ocr_line' id='line_1_17' title="bbox 90 2583 1232 2676; baseline 0.001 -25"><span class='ocrx_word' id='word_1_123' title='bbox 90 2583 146 2673; x_wconf 90' lang='lat' dir='ltr'><strong>jus</strong></span> <span class='ocrx_word' id='word_1_124' title='bbox 161 2607 336 2652; x_wconf 89' lang='lat' dir='ltr'><strong>commune</strong></span> <span class='ocrx_word' id='word_1_125' title='bbox 350 2608 368 2651; x_wconf 87' lang='lat' dir='ltr'><strong>a</strong></span> <span class='ocrx_word' id='word_1_126' title='bbox 383 2585 515 2653; x_wconf 89' lang='lat' dir='ltr'><strong>Vicario</strong></span> <span class='ocrx_word' id='word_1_127' title='bbox 531 2583 673 2674; x_wconf 87' lang='lat' dir='ltr'><strong>generali</strong></span> <span class='ocrx_word' id='word_1_128' title='bbox 689 2605 782 2674; x_wconf 87' lang='lat' dir='ltr'><strong>posse</strong></span> <span class='ocrx_word' id='word_1_129' title='bbox 796 2583 952 2669; x_wconf 85' lang='lat' dir='ltr'><strong>exerceri,</strong></span> <span class='ocrx_word' id='word_1_130' title='bbox 970 2583 1090 2676; x_wconf 87' lang='lat' dir='ltr'><strong>absque</strong></span> <span class='ocrx_word' id='word_1_131' title='bbox 1104 2585 1232 2676; x_wconf 83' lang='lat' dir='ltr'><strong>speciali</strong></span> 
     </span>
     <span class='ocr_line' id='line_1_18' title="bbox 95 2689 1233 2784; baseline 0.002 -26"><span class='ocrx_word' id='word_1_132' title='bbox 95 2690 249 2759; x_wconf 89' lang='lat' dir='ltr'><strong>mandato</strong></span> <span class='ocrx_word' id='word_1_133' title='bbox 268 2691 434 2784; x_wconf 89' lang='lat' dir='ltr'><strong>Episcopi;</strong></span> <span class='ocrx_word' id='word_1_134' title='bbox 454 2694 486 2758; x_wconf 74' lang='grc' dir='ltr'><strong>3ο</strong></span> <span class='ocrx_word' id='word_1_135' title='bbox 499 2691 578 2759; x_wconf 88' lang='lat' dir='ltr'><strong>item</strong></span> <span class='ocrx_word' id='word_1_136' title='bbox 601 2713 638 2758; x_wconf 86' lang='lat' dir='ltr'><strong>ca</strong></span> <span class='ocrx_word' id='word_1_137' title='bbox 657 2689 876 2758; x_wconf 88' lang='lat' dir='ltr'><strong>indicabimus</strong></span> <span class='ocrx_word' id='word_1_138' title='bbox 894 2712 968 2781; x_wconf 81' lang='lat' dir='ltr'><strong>quae</strong></span> <span class='ocrx_word' id='word_1_139' title='bbox 987 2689 1041 2758; x_wconf 85' lang='lat' dir='ltr'><strong>lex</strong></span> <span class='ocrx_word' id='word_1_140' title='bbox 1063 2691 1233 2760; x_wconf 91' lang='lat' dir='ltr'><strong>ecclesias-</strong></span> 
     </span>
     <span class='ocr_line' id='line_1_19' title="bbox 95 2795 1231 2890; baseline 0.004 -26"><span class='ocrx_word' id='word_1_141' title='bbox 95 2797 157 2866; x_wconf 90' lang='lat' dir='ltr'><strong>tica</strong></span> <span class='ocrx_word' id='word_1_142' title='bbox 176 2799 281 2868; x_wconf 85' lang='lat' dir='ltr'><strong>noluit</strong></span> <span class='ocrx_word' id='word_1_143' title='bbox 298 2822 317 2866; x_wconf 87' lang='lat' dir='ltr'><strong>a</strong></span> <span class='ocrx_word' id='word_1_144' title='bbox 335 2797 466 2867; x_wconf 87' lang='lat' dir='ltr'><strong>Vicario</strong></span> <span class='ocrx_word' id='word_1_145' title='bbox 488 2797 631 2888; x_wconf 88' lang='lat' dir='ltr'><strong>generali</strong></span> <span class='ocrx_word' id='word_1_146' title='bbox 651 2796 801 2888; x_wconf 89' lang='lat' dir='ltr'><strong>expediri</strong></span> <span class='ocrx_word' id='word_1_147' title='bbox 822 2818 929 2886; x_wconf 90' lang='lat' dir='ltr'><strong>posse,</strong></span> <span class='ocrx_word' id='word_1_148' title='bbox 950 2795 1077 2864; x_wconf 88' lang='lat' dir='ltr'><strong>etiamsi</strong></span> <span class='ocrx_word' id='word_1_149' title='bbox 1097 2798 1231 2890; x_wconf 85' lang='lat' dir='ltr'><strong>Episco-</strong></span> 
     </span>
     <span class='ocr_line' id='line_1_20' title="bbox 93 2903 1229 2998; baseline 0.003 -26"><span class='ocrx_word' id='word_1_150' title='bbox 93 2927 155 2995; x_wconf 91' lang='lat' dir='ltr'><strong>pus</strong></span> <span class='ocrx_word' id='word_1_151' title='bbox 171 2906 205 2973; x_wconf 92' lang='lat' dir='ltr'><strong>in</strong></span> <span class='ocrx_word' id='word_1_152' title='bbox 221 2906 253 2973; x_wconf 89' lang='lat' dir='ltr'><strong>id</strong></span> <span class='ocrx_word' id='word_1_153' title='bbox 274 2905 453 2998; x_wconf 87' lang='lat' dir='ltr'><strong>specialiter</strong></span> <span class='ocrx_word' id='word_1_154' title='bbox 472 2903 681 2991; x_wconf 83' lang='lat' dir='ltr'><strong>consentiret3</strong></span> <span class='ocrx_word' id='word_1_155' title='bbox 707 2908 739 2971; x_wconf 75' lang='lat'><strong>4·</strong></span> <span class='ocrx_word' id='word_1_156' title='bbox 755 2903 997 2995; x_wconf 74' lang='lat' dir='ltr'><strong>precipuarurn</strong></span> <span class='ocrx_word' id='word_1_157' title='bbox 1018 2905 1229 2974; x_wconf 83' lang='lat' dir='ltr'><strong>materiarum</strong></span> 
     </span>
     <span class='ocr_line' id='line_1_21' title="bbox 92 3009 1229 3103; baseline 0.001 -24"><span class='ocrx_word' id='word_1_158' title='bbox 92 3035 168 3103; x_wconf 79' lang='lat' dir='ltr'><strong>quse</strong></span> <span class='ocrx_word' id='word_1_159' title='bbox 184 3012 219 3079; x_wconf 93' lang='lat' dir='ltr'><strong>vi</strong></span> <span class='ocrx_word' id='word_1_160' title='bbox 236 3012 382 3080; x_wconf 87' lang='lat' dir='ltr'><strong>mandati</strong></span> <span class='ocrx_word' id='word_1_161' title='bbox 397 3011 556 3102; x_wconf 90' lang='lat' dir='ltr'><strong>generalis</strong></span> <span class='ocrx_word' id='word_1_162' title='bbox 576 3009 707 3079; x_wconf 88' lang='lat' dir='ltr'><strong>Vicario</strong></span> <span class='ocrx_word' id='word_1_163' title='bbox 721 3009 865 3099; x_wconf 90' lang='lat' dir='ltr'><strong>generali</strong></span> <span class='ocrx_word' id='word_1_164' title='bbox 882 3009 1032 3096; x_wconf 87' lang='lat' dir='ltr'><strong>subsunt,</strong></span> <span class='ocrx_word' id='word_1_165' title='bbox 1049 3011 1111 3079; x_wconf 91' lang='lat' dir='ltr'><strong>nisi</strong></span> <span class='ocrx_word' id='word_1_166' title='bbox 1129 3035 1229 3103; x_wconf 85' lang='lat' dir='ltr'><strong>quam</strong></span> 
     </span>
     <span class='ocr_line' id='line_1_22' title="bbox 92 3115 1230 3210; baseline 0.004 -26"><span class='ocrx_word' id='word_1_167' title='bbox 92 3118 156 3185; x_wconf 86' lang='lat' dir='ltr'><strong>sihi</strong></span> <span class='ocrx_word' id='word_1_168' title='bbox 188 3141 338 3210; x_wconf 85' lang='lat' dir='ltr'><strong>expresse</strong></span> <span class='ocrx_word' id='word_1_169' title='bbox 368 3119 546 3210; x_wconf 87' lang='lat' dir='ltr'><strong>Episcopus</strong></span> <span class='ocrx_word' id='word_1_170' title='bbox 577 3116 801 3204; x_wconf 83' lang='lat' dir='ltr'><strong>reservaverit,</strong></span> <span class='ocrx_word' id='word_1_171' title='bbox 833 3115 1016 3205; x_wconf 79' lang='lat' dir='ltr'><strong>catalogum</strong></span> <span class='ocrx_word' id='word_1_172' title='bbox 1051 3117 1230 3209; x_wconf 87' lang='lat' dir='ltr'><strong>subjunge-</strong></span> 
     </span>
     <span class='ocr_line' id='line_1_23' title="bbox 94 3247 180 3294; baseline 0.023 -2"><span class='ocrx_word' id='word_1_173' title='bbox 94 3247 180 3294; x_wconf 89' lang='lat' dir='ltr'><strong>mus.</strong></span> 
     </span>
    </p>
   </div>
   <div class='ocr_carea' id='block_1_9' title="bbox 91 3501 1230 3726">
    <p class='ocr_par' dir='ltr' id='par_1_9' title="bbox 91 3501 1230 3726">
     <span class='ocr_line' id='line_1_24' title="bbox 91 3501 1230 3569; baseline 0.002 -16"><span class='ocrx_word' id='word_1_174' title='bbox 91 3503 222 3567; x_wconf 81' lang='lat' dir='ltr'><strong>Tanquam</strong></span> <span class='ocrx_word' id='word_1_175' title='bbox 232 3504 321 3568; x_wconf 84' lang='lat' dir='ltr'><strong>regola</strong></span> <span class='ocrx_word' id='word_1_176' title='bbox 331 3503 459 3568; x_wconf 86' lang='lat' dir='ltr'><strong>generalis</strong></span> <span class='ocrx_word' id='word_1_177' title='bbox 469 3501 656 3554; x_wconf 84' lang='lat' dir='ltr'><strong>admittendum</strong></span> <span class='ocrx_word' id='word_1_178' title='bbox 667 3505 714 3562; x_wconf 85' lang='grc'><strong>111,</strong></span> <span class='ocrx_word' id='word_1_179' title='bbox 723 3515 799 3565; x_wconf 88' lang='lat' dir='ltr'><strong>posse</strong></span> <span class='ocrx_word' id='word_1_180' title='bbox 808 3501 940 3554; x_wconf 85' lang='lat' dir='ltr'><strong>Vicsrinrn</strong></span> <span class='ocrx_word' id='word_1_181' title='bbox 950 3503 1097 3567; x_wconf 82' lang='lat' dir='ltr'><strong>generalem</strong></span> <span class='ocrx_word' id='word_1_182' title='bbox 1106 3503 1230 3569; x_wconf 82' lang='lat' dir='ltr'><strong>quidquid</strong></span> 
     </span>
     <span class='ocr_line' id='line_1_25' title="bbox 124 3580 1230 3648; baseline 0.003 -16"><span class='ocrx_word' id='word_1_183' title='bbox 124 3585 209 3647; x_wconf 82' lang='lat' dir='ltr'><strong>potest</strong></span> <span class='ocrx_word' id='word_1_184' title='bbox 227 3582 379 3647; x_wconf 80' lang='lat' dir='ltr'><strong>Episcopus,</strong></span> <span class='ocrx_word' id='word_1_185' title='bbox 398 3582 513 3646; x_wconf 85' lang='lat' dir='ltr'><strong>exceptis</strong></span> <span class='ocrx_word' id='word_1_186' title='bbox 529 3580 639 3646; x_wconf 78' lang='lat' dir='ltr'><strong>quaejus</strong></span> <span class='ocrx_word' id='word_1_187' title='bbox 657 3584 765 3646; x_wconf 85' lang='lat' dir='ltr'><strong>excepta</strong></span> <span class='ocrx_word' id='word_1_188' title='bbox 784 3581 875 3644; x_wconf 85' lang='lat' dir='ltr'><strong>voluit,</strong></span> <span class='ocrx_word' id='word_1_189' title='bbox 892 3582 934 3632; x_wconf 87' lang='lat' dir='ltr'><strong>vel</strong></span> <span class='ocrx_word' id='word_1_190' title='bbox 948 3595 1006 3646; x_wconf 85' lang='lat' dir='ltr'><strong>quae</strong></span> <span class='ocrx_word' id='word_1_191' title='bbox 1025 3582 1168 3648; x_wconf 80' lang='lat' dir='ltr'><strong>Episcopus</strong></span> <span class='ocrx_word' id='word_1_192' title='bbox 1181 3584 1230 3635; x_wconf 85' lang='lat' dir='ltr'><strong>sihi</strong></span> 
     </span>
     <span class='ocr_line' id='line_1_26' title="bbox 124 3661 411 3726; baseline 0 -14"><span class='ocrx_word' id='word_1_193' title='bbox 124 3676 244 3726; x_wconf 82' lang='lat' dir='ltr'><strong>expresse</strong></span> <span class='ocrx_word' id='word_1_194' title='bbox 262 3661 411 3713; x_wconf 80' lang='lat' dir='ltr'><strong>reservavit.</strong></span> 
     </span>
    </p>
   </div>
   <div class='ocr_carea' id='block_1_10' title="bbox 88 3831 1229 4356">
    <p class='ocr_par' dir='ltr' id='par_1_10' title="bbox 88 3831 1229 4356">
     <span class='ocr_line' id='line_1_27' title="bbox 135 3831 1229 3924; baseline 0.002 -23"><span class='ocrx_word' id='word_1_195' title='bbox 135 3833 290 3924; x_wconf 86' lang='lat' dir='ltr'><strong>Sequitur</strong></span> <span class='ocrx_word' id='word_1_196' title='bbox 303 3831 466 3901; x_wconf 88' lang='lat' dir='ltr'><strong>conclusio</strong></span> <span class='ocrx_word' id='word_1_197' title='bbox 484 3832 553 3901; x_wconf 82' lang='lat' dir='ltr'><strong>baec</strong></span> <span class='ocrx_word' id='word_1_198' title='bbox 569 3855 610 3900; x_wconf 85' lang='lat' dir='ltr'><strong>ex</strong></span> <span class='ocrx_word' id='word_1_199' title='bbox 631 3854 730 3924; x_wconf 90' lang='lat' dir='ltr'><strong>supra</strong></span> <span class='ocrx_word' id='word_1_200' title='bbox 745 3833 886 3902; x_wconf 89' lang='lat' dir='ltr'><strong>stabilita</strong></span> <span class='ocrx_word' id='word_1_201' title='bbox 904 3833 1076 3902; x_wconf 82' lang='lat' dir='ltr'><strong>vicariatus</strong></span> <span class='ocrx_word' id='word_1_202' title='bbox 1095 3854 1229 3923; x_wconf 88' lang='lat' dir='ltr'><strong>genera-</strong></span> 
     </span>
     <span class='ocr_line' id='line_1_28' title="bbox 90 3939 1229 4030; baseline 0 -22"><span class='ocrx_word' id='word_1_203' title='bbox 90 3940 131 4008; x_wconf 87' lang='lat' dir='ltr'><strong>lis</strong></span> <span class='ocrx_word' id='word_1_204' title='bbox 158 3949 274 4008; x_wconf 85' lang='lat' dir='ltr'><strong>natura</strong></span> <span class='ocrx_word' id='word_1_205' title='bbox 294 3961 352 4008; x_wconf 89' lang='lat' dir='ltr'><strong>seu</strong></span> <span class='ocrx_word' id='word_1_206' title='bbox 374 3941 522 4008; x_wconf 86' lang='lat' dir='ltr'><strong>essentia.</strong></span> <span class='ocrx_word' id='word_1_207' title='bbox 547 3939 764 4009; x_wconf 87' lang='lat' dir='ltr'><strong>Probavimus</strong></span> <span class='ocrx_word' id='word_1_208' title='bbox 785 3961 903 4030; x_wconf 90' lang='lat' dir='ltr'><strong>nempe</strong></span> <span class='ocrx_word' id='word_1_209' title='bbox 923 3939 1048 4009; x_wconf 88' lang='lat' dir='ltr'><strong>Vicarii</strong></span> <span class='ocrx_word' id='word_1_210' title='bbox 1069 3942 1229 4029; x_wconf 90' lang='lat' dir='ltr'><strong>generalis</strong></span> 
     </span>
     <span class='ocr_line' id='line_1_29' title="bbox 88 4046 1228 4140; baseline 0.001 -23"><span class='ocrx_word' id='word_1_211' title='bbox 88 4048 353 4139; x_wconf 88' lang='lat' dir='ltr'><strong>jurisdictionem</strong></span> <span class='ocrx_word' id='word_1_212' title='bbox 370 4070 435 4115; x_wconf 93' lang='lat' dir='ltr'><strong>non</strong></span> <span class='ocrx_word' id='word_1_213' title='bbox 451 4069 519 4116; x_wconf 89' lang='lat' dir='ltr'><strong>esse</strong></span> <span class='ocrx_word' id='word_1_214' title='bbox 535 4046 676 4115; x_wconf 89' lang='lat' dir='ltr'><strong>divisam</strong></span> <span class='ocrx_word' id='word_1_215' title='bbox 692 4071 711 4114; x_wconf 92' lang='grc'><strong>1</strong></span> <span class='ocrx_word' id='word_1_216' title='bbox 728 4047 953 4138; x_wconf 85' lang='lat' dir='ltr'><strong>jurisdictione</strong></span> <span class='ocrx_word' id='word_1_217' title='bbox 968 4048 1152 4140; x_wconf 90' lang='lat' dir='ltr'><strong>episcopali,</strong></span> <span class='ocrx_word' id='word_1_218' title='bbox 1173 4050 1228 4118; x_wconf 90' lang='lat' dir='ltr'><strong>sed</strong></span> 
     </span>
     <span class='ocr_line' id='line_1_30' title="bbox 90 4153 1229 4246; baseline 0 -22"><span class='ocrx_word' id='word_1_219' title='bbox 90 4156 242 4226; x_wconf 88' lang='lat' dir='ltr'><strong>eamdem</strong></span> <span class='ocrx_word' id='word_1_220' title='bbox 255 4178 330 4223; x_wconf 91' lang='lat' dir='ltr'><strong>cum</strong></span> <span class='ocrx_word' id='word_1_221' title='bbox 346 4156 416 4246; x_wconf 89' lang='lat' dir='ltr'><strong>ipsa</strong></span> <span class='ocrx_word' id='word_1_222' title='bbox 425 4181 434 4241; x_wconf 91' lang='lat'>;</span> <span class='ocrx_word' id='word_1_223' title='bbox 453 4163 484 4221; x_wconf 90' lang='lat' dir='ltr'><strong>et</strong></span> <span class='ocrx_word' id='word_1_224' title='bbox 497 4155 755 4244; x_wconf 86' lang='lat' dir='ltr'><strong>jurisdictionem</strong></span> <span class='ocrx_word' id='word_1_225' title='bbox 775 4153 859 4222; x_wconf 90' lang='lat' dir='ltr'><strong>hanc</strong></span> <span class='ocrx_word' id='word_1_226' title='bbox 874 4154 935 4245; x_wconf 90' lang='lat' dir='ltr'><strong>ipsi</strong></span> <span class='ocrx_word' id='word_1_227' title='bbox 951 4155 1050 4222; x_wconf 90' lang='lat' dir='ltr'><strong>tribui</strong></span> <span class='ocrx_word' id='word_1_228' title='bbox 1064 4177 1123 4224; x_wconf 92' lang='lat' dir='ltr'><strong>seu</strong></span> <span class='ocrx_word' id='word_1_229' title='bbox 1136 4179 1229 4224; x_wconf 57' lang='lat' dir='ltr'><strong>com*</strong></span> 
     </span>
     <span class='ocr_line' id='line_1_31' title="bbox 90 4261 1209 4356; baseline 0 -26"><span class='ocrx_word' id='word_1_230' title='bbox 90 4273 199 4356; x_wconf 87' lang='lat' dir='ltr'><strong>petere</strong></span> <span class='ocrx_word' id='word_1_231' title='bbox 214 4263 419 4353; x_wconf 77' lang='lat' dir='ltr'><strong>peneraliter,</strong></span> <span class='ocrx_word' id='word_1_232' title='bbox 431 4261 463 4328; x_wconf 90' lang='lat' dir='ltr'><strong>id</strong></span> <span class='ocrx_word' id='word_1_233' title='bbox 479 4270 539 4346; x_wconf 89' lang='lat' dir='ltr'><strong>est,</strong></span> <span class='ocrx_word' id='word_1_234' title='bbox 552 4261 789 4341; x_wconf 59' lang='lat' dir='ltr'><strong>univeraliter,</strong></span> <span class='ocrx_word' id='word_1_235' title='bbox 801 4261 914 4328; x_wconf 84' lang='lat' dir='ltr'><strong>saltem</strong></span> <span class='ocrx_word' id='word_1_236' title='bbox 931 4261 965 4328; x_wconf 92' lang='lat' dir='ltr'><strong>in</strong></span> <span class='ocrx_word' id='word_1_237' title='bbox 982 4262 1100 4330; x_wconf 91' lang='lat' dir='ltr'><strong>morali</strong></span> <span class='ocrx_word' id='word_1_238' title='bbox 1112 4285 1209 4330; x_wconf 90' lang='lat' dir='ltr'><strong>sensu</strong></span> 
     </span>
    </p>
   </div>
   <div class='ocr_carea' id='block_1_11' title="bbox 0 0 1520 4980">
    <p class='ocr_par' dir='ltr' id='par_1_11' title="bbox 0 0 1520 4980">
     <span class='ocr_line' id='line_1_32' title="bbox 0 0 1520 4980; baseline 0 2"><span class='ocrx_word' id='word_1_239' title='bbox 0 0 1520 4980; x_wconf 95' lang='lat' dir='ltr'><strong> </strong></span> 
     </span>
    </p>
   </div>
  </div>
 </body>
</html>
