3030 4980
295 453 357 521 372
663 471 840 521 mersans
860 471 900 520 or
921 471 1056 520 rannus.

292 596 450 689 Episcopo
472 593 634 682 tribunal;
660 597 796 688 ejusque
822 603 914 666 actos
938 605 1132 664 censeantur
1156 590 1327 684 ipsiusmet
1352 585 1417 679 Epi·

292 727 392 795 scopa.

335 814 432 882 Facta
453 836 532 903 ergo
552 813 611 882 bac
631 821 814 904 temporum
839 811 1058 898 distinctione,
1075 809 1122 879 sic
1142 807 1307 902 proposita
1325 825 1418 896 quas

293 921 338 990 tio
359 921 443 990 solvi
462 929 581 1012 potest;
600 921 628 988 si
643 929 761 1010 agatur
778 919 819 988 de
842 918 1093 988 Archidiaconis
1122 925 1297 1008 antequam
1320 932 1418 980 eoram

292 1027 469 1096 tribunale
491 1027 646 1096 tribunali
665 1027 816 1120 Episcopi
831 1027 1071 1120 sejungeretur,
1096 1024 1227 1094 nullum
1247 1021 1310 1090 erit
1332 1041 1422 1088 enen-

293 1135 371 1203 tiale
390 1133 567 1203 discrimen
589 1134 866 1204 Archidiaeonnm
888 1133 974 1202 inter
992 1143 1024 1202 et
1046 1131 1243 1202 hodiernum
1266 1127 1423 1199 Vicarium

293 1242 478 1333 generalem
501 1269 508 1308 :
533 1243 595 1310 erit
612 1250 721 1311 tamen
744 1241 928 1312 differentia
949 1239 1168 1326 accidentalis,
1191 1237 1234 1306 oh
1257 1235 1375 1328 prioris
1396 1233 1423 1299 in

291 1347 397 1417 officio
418 1349 679 1440 perpetuitatem,
695 1349 882 1441 posterioris
897 1371 977 1418 vero
995 1347 1283 1417 ravocahilitntem.
1308 1341 1344 1411 Si
1359 1363 1425 1430 aga·

293 1465 348 1526 tur
365 1455 405 1524 de
419 1454 667 1526 Archidiaconis
678 1455 746 1548 jam
769 1465 950 1549 separatam
973 1457 1015 1526 ab
1037 1453 1212 1547 episcopali
1231 1449 1426 1542 jurisdictio·

292 1585 368 1632 nem
387 1564 626 1650 exercentibus,
648 1564 815 1632 essentiale
831 1565 866 1632 in
889 1587 927 1632 ao
954 1563 1118 1655 reperitur
1137 1560 1329 1644 discrimen,
1351 1554 1426 1648 qnod

291 1671 341 1740 illi
361 1671 539 1758 diversum,
567 1672 693 1741 Vicarii
717 1693 796 1740 vero
819 1673 988 1762 generales
1020 1670 1106 1740 idem
1135 1669 1277 1737 habeant
1295 1662 1426 1734 tribunal

292 1800 367 1846 cum
383 1777 542 1870 Episcopo
557 1803 567 1865 ;
585 1778 629 1845 ita
644 1784 681 1846 ut
695 1779 894 1869 aptioribus
908 1785 1032 1870 pateret
1051 1778 1093 1846 ad
1115 1777 1314 1868 Episcopum
1329 1769 1426 1864 appel-

293 1885 370 1953 latio
386 1911 396 1972 ;
413 1885 502 1976 quod
522 1884 723 1954 contrarium
743 1894 791 1954 est
812 1884 920 1978 quoad
936 1885 1113 1955 hodiernos
1134 1883 1287 1953 Vicarios
1303 1900 1427 1972 generu-

290 1991 348 2060 lea.
366 1993 420 2060 An
436 2001 544 2060 autem
560 1991 636 2059 satis
650 1991 785 2062 fundata
802 1994 844 2060 sit
861 2003 1039 2062 memorata
1053 1991 1162 2086 quoad
1179 1988 1426 2060 Archidiaconos

293 2098 491 2188 epocharum
507 2097 683 2184 distinctio,
700 2099 854 2168 nolumus
870 2100 922 2168 bic
939 2099 992 2190 (ne
1007 2099 1149 2168 nimium
1165 2119 1311 2190 praesens
1325 2103 1428 2164 tracta·

294 2211 349 2272 tus
364 2203 539 2294 excrescat)
556 2204 750 2296 expendere.

338 2370 482 2452 Qunsmo
500 2370 547 2434 θ’.
565 2405 610 2419 -
631 2367 800 2450 Quomodo
828 2369 974 2438 Vicorius
997 2369 1159 2460 pancratis
1186 2367 1358 2460 differata
1384 2365 1429 2434 de
1481 2369 1482 2418 ἶ

296 2480 415 2569 lepato,
435 2489 465 2543 et
484 2498 506 2542 a
529 2475 655 2543 Vicario
673 2477 834 2566 soraneo?
850 2515 894 2528 —
916 2477 1111 2569 Respondeo
1133 2481 1166 2545 1ο
1188 2500 1209 2546 a
1231 2476 1379 2566 delegato
1398 2471 1429 2540 ad

298 2585 424 2676 aliquas
439 2583 609 2650 dumtaxat
624 2604 749 2669 causas,
765 2592 797 2650 et
810 2607 829 2652 a
843 2584 974 2652 Vicario
989 2585 1134 2668 forense,
1149 2585 1363 2653 essentialiter
1377 2580 1429 2647 dii·

297 2693 360 2761 fert
382 2690 505 2781 duplici
517 2688 634 2758 modo:
654 2691 778 2772 cumo,
797 2692 875 2782 quia
889 2701 1025 2784 uterque
1048 2693 1153 2760 dietus
1178 2703 1266 2760 caret
1285 2689 1430 2782 jurisdic-

300 2803 386 2869 tione
405 2796 593 2876 uniocrsali,
620 2819 712 2887 quae,
736 2807 772 2864 ut
798 2798 952 2885 vidimus,
979 2808 1027 2867 est
1050 2800 1090 2868 de
1110 2800 1249 2868 essentia
1272 2799 1430 2866 vicariatus
1482 2803 1483 2844 f

301 2904 480 2996 generalis3
499 2901 650 2984 secundo,
668 2904 745 2994 quia
757 2913 892 2996 uterque
908 2905 1005 2973 habet
1018 2906 1281 2996 jurisdictionem
1304 2903 1429 2973 divisam

301 3022 334 3082 et
347 3008 491 3080 tribunal
505 3009 661 3094 divisum,
678 3009 934 3100 ajurisdictione
949 3021 981 3080 et
994 3011 1152 3080 tribunali
1167 3013 1334 3104 Episcopi;
1350 3012 1391 3078 ita
1404 3017 1431 3074 nt

304 3121 345 3189 ab
359 3119 439 3210 ipsis
455 3115 496 3184 ad
515 3115 710 3206 Episcopum
735 3115 830 3185 detur
845 3117 1018 3209 appellatio
1032 3147 1039 3198 ;
1054 3141 1130 3188 cum
1150 3120 1350 3187 contrarium
1373 3117 1431 3184 esi·

304 3235 366 3296 stat
379 3235 410 3293 et
425 3222 636 3293 essentialiter
653 3224 838 3314 requiratur
853 3225 887 3291 in
904 3225 1028 3296 Viaarii
1049 3225 1210 3315 generalis
1232 3226 1348 3294 officio.
1363 3225 1429 3292 Res·

303 3331 431 3428 pondeo
454 3334 487 3398 2⁰
509 3353 529 3398 a
549 3328 696 3420 delegato
718 3330 869 3423 Episcopi
890 3330 937 3399 ad
953 3333 1234 3402 universalitatem
1256 3353 1430 3408 carnarum,

303 3439 414 3512 differt
425 3436 594 3530 posteriori
603 3443 741 3522 tantum,
755 3460 796 3506 ex
807 3437 970 3529 praedictis
980 3440 1097 3508 modis.
1111 3440 1194 3522 Qua
1205 3441 1317 3509 omnia
1328 3463 1366 3509 er
1372 3439 1431 3529 jem

307 3547 456 3618 stabilitis
469 3551 579 3637 aperte
594 3553 787 3635 sequuntur.

351 3711 496 3793 Quasmo
512 3709 558 3773 7².
575 3745 619 3758 -
636 3705 805 3789 Quomodo
818 3707 1065 3798 intellipendum
1078 3710 1132 3792 sit,
1150 3734 1217 3778 nore
1240 3710 1316 3778 dari
1334 3707 1434 3802 appel-

309 3819 466 3888 lationem
499 3838 520 3882 a
554 3813 713 3881 sententia
750 3813 870 3882 Vicorii
897 3815 1056 3905 pecoralis
1085 3817 1132 3886 ad
1163 3818 1372 3910 Episcopum.
1398 3854 1434 3868 -

315 3929 345 3993 1⁰
359 3925 432 3993 Non
445 3921 516 3990 dari
536 3920 697 4012 ejusmodi
716 3919 963 4011 appellationem
981 3922 1051 4013 jam
1074 3922 1218 3993 diximus
1234 3947 1303 3993 esse
1316 3924 1433 3993 omnino

311 4028 649 4120 certum3etsequitur
661 4049 703 4095 ex
714 4048 814 4117 supra
823 4028 973 4118 exposita
981 4028 1157 4098 vicariatus
1169 4033 1330 4119 generalis
1338 4051 1434 4100 essen

312 4139 356 4207 tia
371 4165 378 4216 ;
396 4158 437 4202 ex
453 4157 491 4203 eo
506 4155 623 4225 nempe
638 4134 725 4225 qnod
739 4133 863 4204 Vicarii
874 4135 1225 4227 generalisjurisdictio
1239 4138 1434 4207 essentialiter

312 4267 378 4314 una
390 4251 487 4331 atque
502 4239 614 4309 eadem
628 4241 670 4308 ait
685 4263 759 4310 cnm
772 4240 996 4330 jurisdictione
1017 4244 1180 4335 Episcopi,
1197 4255 1229 4314 et
1245 4265 1431 4338 nequaquan
