3046 4968
272 429 313 494 tu
645 453 819 500 rnrcrarus
841 453 880 500 ns
901 449 1033 500 spurcus.

272 575 347 643 Janr
362 595 441 642 vero
456 573 482 641 si
506 573 618 660 altera,
636 596 752 666 nempe
767 574 988 661 ecclesiastica,
1005 575 1050 643 ita
1065 597 1084 642 a
1104 575 1171 645 Deo
1192 574 1338 642 instituta
1352 573 1409 660 sit,
1518 603 1519 670 3

272 688 308 748 ut
322 703 387 749 non
402 681 502 771 possit
515 703 624 748 errare
638 680 700 748 sibi
717 679 888 750 tribuendo
903 705 977 772 quae
1000 705 1059 749 sua
1075 703 1140 750 non
1156 689 1243 768 sunt,
1260 681 1412 750 saeculari

271 811 348 856 vero
365 788 434 857 baec
451 787 664 857 infallibilitas
682 788 756 856 data
774 811 840 856 non
868 788 976 875 luerit,
994 788 1100 880 palam
1117 789 1154 857 iit
1171 789 1212 858 ad
1233 788 1411 858 Ecclesiam

270 896 430 987 pertinere
460 918 646 989 supremam
680 896 875 964 decisionem
915 897 1090 966 dubiorum
1125 897 1209 966 circa
1238 897 1411 986 utriusque

269 1004 525 1095 competentiam.
543 1003 706 1072 Nimirum
731 1002 871 1071 Ecclesia
897 1003 941 1070 ita
962 1025 982 1070 a
999 1003 1129 1072 Christo
1148 1003 1182 1071 in
1203 1003 1298 1072 terris
1311 1003 1412 1070 insti-

271 1119 340 1178 tuta
359 1111 436 1198 fuit,
454 1121 490 1178 nt
512 1118 543 1178 et
563 1133 621 1178 sua
636 1109 712 1201 jura
727 1109 939 1178 infallibiliter
953 1118 1160 1200 cognosceret
1185 1133 1222 1178 ac
1246 1109 1412 1179 declarare
1518 1085 1519 1172 l

165 1241 166 1246 ¹
247 1227 386 1316 posset,
415 1226 447 1286 et
473 1217 543 1309 pari
574 1216 801 1285 infallibilitate
831 1226 965 1285 caeteros
991 1217 1151 1304 homines,
1179 1227 1275 1309 atquc
1305 1216 1412 1308 ipsam

267 1326 457 1394 secularem
483 1333 685 1416 potestatam,
703 1324 788 1392 circa
804 1324 950 1416 ipsorum
973 1325 1151 1415 respectiva
1167 1325 1244 1415 jura
1257 1331 1288 1391 et
1303 1323 1413 1392 officia
1518 1321 1519 1398 l

270 1433 413 1515 doceret;
431 1431 598 1522 voluitque
613 1429 699 1499 idem
719 1430 868 1499 Christus
889 1431 960 1498 baeo
981 1431 1090 1498 omnia
1115 1431 1242 1499 docenti
1257 1430 1411 1498 Ecclesiae

270 1540 311 1607 ab
340 1537 504 1624 omnibus,
529 1548 626 1629 atque
655 1539 696 1606 ab
723 1538 801 1630 ipsis
830 1538 926 1606 etiam
955 1538 1167 1607 saecularibus
1198 1539 1413 1629 potestatibus

270 1646 510 1738 obtemperari..
524 1645 559 1713 ld
587 1646 643 1736 qui
672 1653 805 1735 negant,
831 1645 977 1715 divinam
1001 1645 1153 1714 Ecclesiae
1176 1647 1413 1715 institutionem
1518 1667 1519 1716 l

270 1753 424 1821 catholice
440 1775 505 1821 non
522 1752 718 1842 intelligunt.
733 1753 771 1838 li,
783 1753 874 1820 verbi
889 1754 1005 1842 gratia,
1016 1753 1074 1846 qui
1089 1753 1203 1821 timent
1215 1775 1255 1820 ne
1270 1752 1414 1822 Ecclesia

272 1883 308 1926 ea
330 1882 404 1950 quae
433 1860 598 1928 saecularis
623 1859 787 1951 potestatis
811 1868 887 1928 sunt
912 1860 973 1928 sibi
998 1869 1145 1952 usurpet,
1162 1861 1214 1928 vel
1235 1859 1414 1929 admittunt
1518 1895 1519 1924 t

271 1967 422 2035 Ecclesiae
437 1966 473 2033 in
492 1967 560 2034 suis
582 1965 827 2034 definitionibus
841 1978 872 2034 et
885 1967 1029 2055 generali
1046 1967 1217 2058 disciplina
1231 1967 1414 2036 infallibili·
1518 1965 1519 1970 ’

273 2082 382 2157 tatem,
401 2072 451 2140 vel
473 2095 539 2141 non
557 2101 564 2139 :
583 2073 610 2139 si
631 2074 735 2163 prins,
752 2074 931 2142 absurdum
958 2095 1026 2140 asse
1050 2095 1163 2142 eorum
1189 2075 1338 2142 timorem
1362 2074 1414 2142 la·
1518 2081 1519 2100 ¹

274 2190 412 2267 teantur,
435 2203 510 2248 cum
536 2203 702 2270 nunquam
729 2181 872 2248 accidere
894 2179 1005 2272 possit,
1025 2191 1061 2248 ut
1082 2180 1238 2266 Ecclesia,
1256 2180 1343 2272 quod
1370 2182 1413 2249 ad
1518 2189 1519 2272 f

274 2289 376 2379 ipsam
395 2310 459 2354 non
483 2287 634 2378 pertinet,
651 2287 702 2355 vel
724 2309 820 2355 suum
843 2285 990 2372 definiat,
1007 2286 1057 2355 vel
1085 2287 1180 2378 praxi
1208 2297 1366 2379 usurpet:
1386 2289 1415 2356 si
1518 2289 1519 2334 ³

274 2395 446 2488 posterius,
463 2395 610 2463 desinant
628 2418 697 2464 sese
711 2395 853 2463 vocitare
867 2393 1057 2472 catholicos;
1073 2418 1093 2462 a
1109 2393 1172 2462 fide
1186 2394 1272 2462 enim
1288 2403 1318 2463 et
1333 2395 1416 2464 doc·

274 2505 361 2571 trina
376 2502 530 2570 catholica
543 2511 652 2594 aperte
667 2501 834 2570 deliciunt.

319 2611 484 2680 Scasuson
512 2633 693 2679 rnrucrrrnu.
726 2649 770 2660 —
801 2607 852 2677 Ad
889 2607 1137 2699 distinpueudes
1167 2609 1323 2700 proprias
1348 2611 1419 2700 sori

275 2717 477 2788 ecclesiastici
491 2731 521 2783 et
536 2717 700 2785 secularis
714 2739 840 2797 causus,
859 2728 931 2783 tutu
947 2717 1148 2806 repulerunt
1164 2715 1290 2784 decretu
1301 2719 1418 2807 ponti·

272 2828 350 2919 ficia
373 2839 402 2894 et
430 2825 740 2914 conciliorumque
760 2823 843 2890 berec
863 2821 1103 2891 distinctionem
1123 2823 1210 2890 clare
1228 2823 1415 2906 enuntient,

277 2948 307 3002 et
322 2935 357 3002 iu
378 2933 561 3024 penerulem
581 2930 732 2999 Ecclesiae
755 2929 961 3020 disciplinam
979 2952 1034 2996 scu
1056 2929 1289 3020 lepislutionem
1305 2943 1419 2998 truns—
1518 2983 1519 3024 3

278 3043 395 3109 ierem.
413 3077 458 3091 -
482 3039 636 3130 Sequitur
657 3060 697 3105 ex
720 3038 870 3128 superius
896 3037 1037 3104 stabilito
1063 3035 1248 3126 principio:
1271 3035 1419 3105 diximus

278 3148 396 3215 scilicet
411 3147 587 3215 Ecclesiam
604 3168 669 3212 non
683 3167 777 3236 posse
791 3165 848 3234 per
863 3143 1069 3234 disciplinam
1089 3143 1273 3231 generalem
1293 3143 1420 3234 aliquid

280 3277 344 3321 non
359 3277 454 3321 suum
471 3253 532 3320 sibi
548 3275 706 3342 usurpare
721 3258 777 3320 aut
792 3273 889 3318 suum
905 3249 1084 3336 declarare,
1101 3273 1139 3318 eo
1160 3249 1247 3340 quod
1267 3251 1364 3320 etiam
1382 3251 1421 3319 in
1518 3243 1519 3328 l

280 3359 449 3452 disciplina
464 3359 609 3448 generali
625 3358 782 3426 divinitus
795 3357 981 3448 adjuvetur,
998 3379 1038 3423 ne
1052 3377 1196 3424 errorem
1213 3358 1350 3447 practice
1367 3357 1422 3424 iu·

280 3466 409 3552 fundat,
418 3476 449 3532 et
462 3464 548 3556 quod
561 3464 720 3556 injustum
732 3471 763 3530 et
778 3485 915 3554 pravum
933 3470 980 3530 est
991 3471 1164 3553 perpetret.
1178 3461 1280 3530 Porro
1293 3463 1423 3532 decreta
1518 3467 1519 3528 l

281 3595 488 3644 romanorum
516 3570 711 3638 Pontificum
733 3579 765 3637 et
783 3569 992 3638 conciliorum
1013 3591 1088 3659 qum
1105 3592 1163 3660 per
1179 3569 1312 3636 modum
1336 3571 1423 3660 legis

280 3681 441 3773 generalis
467 3678 630 3764 teruntur,
658 3677 697 3743 ad
730 3676 934 3768 disciplinam
965 3676 1148 3765 generalem
1178 3675 1351 3767 pertinent.
1384 3677 1423 3747 Si
1518 3691 1519 3768 l

208 3847 210 3854 .
251 3793 255 3796 ’
280 3813 358 3879 ergo
369 3809 427 3880 per
437 3787 498 3854 ista
509 3783 638 3851 decreta
651 3782 843 3869 declaretur,
855 3783 932 3851 tales
948 3793 979 3850 et
993 3783 1072 3851 tales
1085 3805 1198 3850 causas
1211 3793 1365 3875 tanquam
1377 3785 1422 3853 ad

282 3895 455 3966 Ecclesiam
472 3891 603 3984 proprio
625 3891 699 3981 jure
723 3891 931 3981 pertinentes,
948 3911 1016 3956 esse
1035 3913 1054 3956 a
1076 3888 1185 3980 judice
1207 3890 1421 3961 ecclesiastico
1518 3905 1519 3990 p

281 4001 492 4085 dirimendas,
510 4000 647 4089 quisque
661 3997 836 4065 catholicus
849 4019 909 4089 pro
925 4005 1011 4065 certo
1025 4005 1133 4064 tenere
1146 3995 1242 4064 debet
1259 3997 1422 4086 ejusmodi
1518 4007 1519 4082 l

76 4193 77 4198 ἵ
282 4132 394 4179 causas
410 4128 523 4176 revera
536 4127 604 4172 esse
620 4103 682 4171 fori
697 4104 911 4172 ecclesiastici.
930 4103 994 4186 Qui
1009 4111 1117 4172 autem
1133 4105 1330 4172 contrarium
1345 4127 1424 4173 sen·

165 4215 167 4220 ’
284 4219 409 4304 tiret,et
422 4212 593 4282 sustineret
604 4210 729 4302 aliquas
741 4233 782 4280 ex
793 4209 887 4279 dictis
902 4209 1008 4279 causis
1022 4209 1141 4302 injuste
1153 4232 1173 4278 a
1184 4209 1254 4279 loro
1270 4211 1423 4284 saeculuri
