3032 4976
254 481 317 548 333
629 503 806 550 rmcrnrus
828 503 867 550 nn
888 499 1021 550 rourum.

250 622 357 692 standi
369 623 560 705 necestitaa3
574 624 620 692 ita
644 633 682 693 nt
706 645 859 693 recusans
880 645 979 692 causo
1000 620 1106 710 cadat,
1131 632 1163 691 et
1185 626 1395 715 pronuntiari

251 740 362 800 contre
382 731 490 824 ipsum
505 753 525 800 a
543 730 654 823 judice
673 731 799 800 debeat.
815 735 849 799 3ο
869 731 1046 822 Postquam
1069 727 1151 799 illud
1169 730 1395 822 jurameutum

250 838 364 908 detulit
390 839 506 930 judex,
537 859 603 908 non
631 847 735 931 potest
757 839 792 908 id
820 845 993 908 retractare
1019 845 1052 906 et
1072 837 1257 927 permittere
1276 849 1394 910 utnon

248 955 422 1039 praeatetnr
445 947 498 1037 (ex
522 946 594 1036 lege
615 949 654 1015 ln
677 947 768 1016 done
790 951 823 1034 3,
848 969 878 1015 c.
905 943 945 1014 de
965 945 1043 1014 ded.
1065 943 1206 1034 eredit).
1232 950 1265 1013 6⁰
1285 945 1396 1016 Semel

248 1055 433 1146 praestitum
453 1055 577 1122 dictum
593 1054 832 1146 juramentum,
853 1053 1080 1146 probationem
1099 1053 1323 1145 imperfectam
1341 1054 1397 1123 in-

248 1170 369 1251 regnan
394 1162 439 1229 ita
453 1169 490 1229 ut
515 1162 673 1230 sententia
685 1162 765 1230 terri
785 1162 899 1231 debeat
913 1183 973 1254 pro
988 1183 1027 1229 eo
1047 1159 1104 1252 qui
1122 1160 1257 1252 juravit.
1284 1165 1316 1228 3ο
1333 1164 1398 1231 at-

246 1291 324 1336 vero
343 1269 504 1337 sententia
523 1267 606 1357 haec,
632 1268 672 1337 od
694 1292 781 1337 novo
802 1281 932 1360 reperto
953 1267 1160 1350 documenta,
1183 1277 1288 1360 poteat
1308 1291 1398 1361 quo-

245 1394 385 1467 cumque
413 1383 571 1467 tempore‚
601 1397 639 1443 ac
661 1375 798 1468 proinde
826 1374 936 1466 elapeo
962 1376 1059 1444 etiam
1091 1375 1132 1442 ad
1162 1375 1397 1468 appellandum

244 1483 396 1567 termino,
414 1482 581 1551 retractari
594 1505 630 1550 ac
651 1481 807 1572 rescindi,
834 1483 934 1551 etiam
959 1481 1000 1550 ab
1026 1483 1139 1552 eodem
1154 1481 1276 1573 judice,
1293 1493 1398 1576 prout

245 1589 429 1682 disponitur
442 1589 515 1680 lege
530 1588 735 1658 Admonendi
751 1593 806 1670 31,
823 1590 858 1658 ff.
877 1587 917 1658 de
930 1589 1185 1680 Jorejorando).

288 1697 430 1780 anauo
447 1702 493 1765 7².
508 1733 553 1748 -
569 1699 733 1780 Quernam
747 1698 790 1766 rit
805 1719 922 1766 norma
932 1697 1122 1789 juramenti
1136 1697 1172 1765 in
1185 1697 1298 1766 litem?
1314 1698 1397 1790 (lle-

246 1804 628 1895 miraive.)-1⁰Jurare
643 1805 678 1872 in
691 1805 796 1890 litem,
809 1813 957 1898 ntanpra
966 1804 1195 1892 iudicavimus,
1209 1805 1292 1874 nibil
1302 1805 1397 1874 aliud

244 1917 293 1979 est
307 1929 407 2003 quam
422 1933 567 1980 asserere
581 1933 657 1980 cum
664 1911 852 2002 juramento
866 1933 948 1998 rem,
966 1911 1007 1981 de
1022 1933 1088 2003 qua
1099 1912 1208 2002 agitur
1222 1911 1257 1980 in
1268 1911 1397 2004 judicio

244 2019 353 2088 valere
367 2019 463 2098 tanti;
483 2019 575 2087 verbi
590 2019 708 2108 gratia,
726 2019 773 2088 roi
793 2019 909 2088 ablatae
931 2019 1076 2087 valorem
1096 2040 1164 2086 esse
1182 2025 1230 2088 tot
1249 2027 1398 2088 ecumto-

244 2141 331 2194 rttm.
350 2125 546 2196 AEstimatur
565 2133 675 2193 autem
700 2147 765 2211 res,
787 2147 853 2195 non
875 2131 1003 2194 tantum
1025 2125 1061 2193 in
1082 2127 1201 2217 seipsa,
1215 2125 1273 2194 aed
1293 2127 1396 2196 etiam

244 2233 370 2302 ratione
398 2232 576 2303 allectionis
595 2253 674 2322 erga
703 2255 787 2320 eam,
811 2241 843 2300 et
869 2233 995 2302 ratione
1019 2231 1167 2301 utilitatis
1188 2253 1287 2325 quam
1310 2234 1397 2305 alle-

245 2341 347 2410 rebat.

289 2451 324 2515 2⁰
345 2448 427 2530 Qum
444 2447 529 2516 dicta
556 2455 634 2516 sunt
656 2446 697 2516 de
719 2447 906 2538 juramento
929 2446 995 2516 litis
1017 2446 1211 2532 deridendo,
1229 2471 1296 2518 non
1315 2460 1397 2520 sunt
1514 2527 1515 2534 ἵ

245 2555 383 2624 omniuo
394 2555 581 2646 juramento
595 2556 630 2622 in
645 2553 736 2623 litem
757 2554 972 2646 applicabilia.
995 2554 1084 2636 Quas
1105 2555 1302 2626 differentiae
1318 2559 1397 2628 vide
1514 2563 1515 2580 *

246 2664 408 2755 expositas
433 2662 520 2754 apud
550 2660 843 2752 Scbmalzgrueber
873 2661 920 2751 (in
952 2661 1001 2728 tit.
1029 2666 1084 2747 24,
1110 2660 1185 2730 libri
1205 2667 1224 2730 2
1248 2663 1394 2752 beonet,

247 2788 281 2838 n.
302 2773 341 2837 59
358 2778 389 2837 et
405 2768 504 2861 eeq.).

291 2879 380 2948 Note
398 2879 428 2944 1.
439 2907 485 2927 ω
496 2876 543 2944 lle
551 2874 738 2967 iuramento
744 2875 958 2966 promusorio
969 2875 1082 2945 multer
1094 2886 1268 2946 moventur
1278 2901 1396 2971 quaer-

246 2983 350 3052 tiones
369 3007 389 3051 a
409 2983 597 3067 canonieus,
617 2982 676 3051 ubi
701 2981 831 3050 titulum
853 2985 894 3050 21
922 2980 998 3050 libri
1021 2984 1156 3054 secundi
1176 2985 1395 3056 Decretalium

248 3089 491 3158 commentariis
514 3087 688 3158 illustrant.
713 3087 830 3158 Sedet
857 3111 929 3156 eam
960 3089 1129 3160 materiam
1155 3113 1249 3160 suam
1270 3091 1395 3162 lacinnt

249 3196 390 3286 theologi
418 3196 605 3265 moralietae.
631 3193 739 3280 Unde,
770 3217 847 3265 cum
875 3195 917 3264 ad
943 3217 1015 3265 rem
1037 3195 1246 3289 judiciariam
1274 3199 1395 3270 directe

250 3321 317 3372 uon
336 3303 506 3393 pertineat,
522 3302 611 3370 illam
625 3301 678 3370 bie
699 3302 761 3370 loci
784 3303 1097 3393 praetermittendam
1119 3305 1291 3376 duximus.
1309 3308 1396 3378 Nos-

248 3410 351 3479 cende
380 3418 489 3479 autem
517 3417 565 3477 eat
589 3408 695 3499 judici
726 3408 939 3478 ecclesiastico
964 3410 1191 3502 theologorum
1211 3414 1274 3483 hae
1296 3415 1336 3483 de
1360 3438 1397 3485 ne

249 3518 409 3602 doctrina,
439 3525 477 3585 ut
500 3539 575 3585 cum
595 3537 615 3584 a
634 3515 843 3606 litigantibus
864 3517 1058 3606 allegabitur
1078 3519 1211 3610 aliquod
1238 3523 1396 3592 emissum

247 3623 470 3715 juramentum
500 3622 761 3713 promissorium,
788 3623 867 3691 aciat
889 3623 969 3714 quid
994 3623 1071 3694 inde
1084 3625 1170 3716 juria
1196 3628 1332 3717 oriatur,
1362 3638 1399 3700 et
1512 3717 1513 3720 Ἴ

251 3753 405 3823 quaenam
418 3731 459 3798 ait
474 3728 608 3798 ferenda
622 3729 796 3799 sententia.
1512 3727 1513 3748 ¹

295 3841 384 3908 Noto
408 3841 440 3906 2.
457 3875 502 3890 -
515 3838 562 3906 De
582 3837 773 3928 probatione
797 3857 839 3904 ar
852 3839 1043 3930 consertione
1063 3839 1137 3928 Rei,
1162 3849 1337 3932 spontanee
1358 3843 1400 3914 in

249 3937 372 4032 jndicio
387 3941 482 4028 facta,
498 3961 565 4008 non
581 3948 629 4008 est
642 3963 702 4008 our
717 3941 751 4008 in
766 3944 955 4033 particulari
969 3945 1180 4015 disseramus.
1195 3949 1289 4018 Patet
1303 3949 1401 4018 enim

251 4047 340 4116 illam
359 4071 427 4116 ease
442 4048 593 4139 plenamr
612 4047 678 4115 imo
691 4055 723 4115 et
736 4049 883 4138 reginam
900 4051 1128 4142 probationum
1143 4077 1215 4124 eam
1229 4054 1402 4147 juriscon-

253 4154 329 4224 sulti
346 4175 459 4222 vooere
472 4155 587 4222 solent.
992 4157 996 4166 ’
