3048 4976
284 489 345 554 180
653 509 827 558 nummus
855 511 893 556 un
916 509 1048 558 mnrcrrs.

280 628 370 715 lum;
390 631 423 697 3⁰
437 627 615 700 Primarios
631 632 862 721 religiosorum
877 631 1032 701 ordinum
1048 629 1217 718 Praelatos,
1235 627 1267 698 id
1285 637 1346 717 est,
1363 631 1425 698 ab·

280 735 381 822 botes,
399 745 431 804 et
444 737 612 826 generales
626 738 781 807 ordinum
795 741 974 832 praepositi.
990 739 1063 808 Non
1078 745 1189 808 autem
1206 736 1426 827 intelligimus

280 849 416 911 caeteros
429 844 632 933 regularium
648 854 871 916 conventuum
887 846 1080 940 superiores.

324 949 382 1018 IX.
402 954 450 1018 De
463 963 618 1020 conventu
632 975 688 1021 seu
703 951 800 1022 domo
817 953 1043 1045 relipiosorum
1058 952 1114 1022 eui
1123 963 1242 1046 preest
1259 951 1423 1043 superior,

279 1056 337 1148 qur·
347 1079 405 1125 nee
416 1070 462 1126 est
475 1059 587 1140 addes,
602 1081 660 1128 nee
670 1061 831 1153 qeneralis
843 1060 943 1130 totius
953 1060 1088 1130 ordinis.
1103 1099 1147 1112 -
1159 1057 1424 1151 Expendendnm

278 1163 377 1232 etiam
417 1165 560 1235 occurrit
595 1189 635 1236 an
667 1183 788 1259 preter
820 1189 875 1237 eos
902 1176 1125 1237 conventuum
1154 1165 1353 1257 superiores,
1383 1163 1426 1233 de

277 1269 398 1361 quibus
427 1270 525 1340 modo
553 1272 695 1362 egimus,
726 1274 782 1343 alii
809 1273 908 1343 etiam
938 1273 1103 1344 interioris
1129 1271 1254 1343 ordinis
1284 1271 1424 1364 possint,

278 1398 338 1467 pro
356 1378 651 1449 communitatibus
672 1381 793 1473 quibus
818 1390 978 1473 praesunt,
999 1382 1033 1450 in
1055 1379 1179 1471 jndicio
1203 1388 1298 1448 stare.
1318 1379 1425 1462 Quem

278 1482 500 1552 difficultatem
524 1485 570 1554 ita
596 1486 695 1556 diluit
717 1487 1009 1580 Scbmalzgrueber
1033 1516 1041 1556 :
1067 1514 1084 1554 a
1112 1488 1275 1571 Quantam
1299 1485 1334 1553 in
1364 1485 1426 1554 bor

280 1615 297 1653 n
321 1597 512 1682 potestatem
536 1592 675 1664 habeant
700 1596 832 1666 Praelati
856 1597 1023 1686 regulares
1047 1595 1175 1681 caeteri,
1200 1615 1266 1662 non
1290 1600 1359 1661 tam
1383 1615 1426 1660 ex

282 1723 300 1761 a
322 1698 505 1784 communi,
531 1722 631 1792 quam
657 1722 699 1770 ex
721 1702 853 1794 speciali
871 1705 959 1795 jure,
982 1703 1052 1771 sive
1073 1701 1242 1792 religionis
1265 1701 1426 1792 cujusque

281 1829 298 1869 s
321 1805 617 1895 constitutionibus,
639 1808 823 1900 privilegiis
849 1820 881 1879 et
904 1811 1040 1901 receptis
1066 1806 1358 1878 consuetudinibus
1377 1815 1428 1875 est

280 1934 298 1976 a
320 1911 573 1983 desumendum.
588 1915 626 1982 ln
640 1913 798 1986 Societate
809 1917 897 2000 lesu,
913 1915 1199 1986 subordinatorum
1213 1914 1425 2007 superiorum

281 2043 299 2085 a
321 2027 461 2111 potestas
483 2043 674 2113 asupremo
694 2045 752 2092 scu
770 2026 947 2116 praeposito
972 2023 1116 2115 generali
1138 2022 1297 2116 dependet
1318 2021 1426 2113 pluri-

281 2150 299 2192 «
323 2147 428 2194 mum.
447 2126 488 2195 Et
502 2126 578 2196 binc
594 2127 715 2198 Suarez
727 2130 822 2222 (tom.
838 2135 856 2198 l
873 2130 913 2199 de
929 2131 1106 2222 Religione,
1121 2131 1145 2200 l.
1167 2133 1220 2216 10,
1235 2151 1264 2196 e.
1285 2130 1316 2219 5)
1333 2135 1427 2220 putat

279 2258 297 2299 s
320 2230 361 2300 ad
386 2233 644 2323 cognoscendam
672 2237 932 2330 uniuscujusque
954 2238 1087 2306 Praelati
1105 2236 1305 2324 laenitatem,
1326 2244 1425 2304 uten-

281 2338 403 2407 ‹rdum
426 2341 534 2431 potius
557 2341 755 2412 affirmativa
777 2367 877 2435 quam
901 2345 1055 2435 negativa
1078 2343 1205 2434 regula,
1231 2342 1364 2427 scilieet,
1391 2340 1426 2409 id
1513 2431 1514 2436 ἵ

280 2472 298 2513 r
322 2468 594 2540 unumquemque
609 2471 701 2540 posse
715 2451 803 2542 quod
818 2452 848 2519 ei
864 2473 1053 2521 concessum
1073 2460 1138 2537 est;
1156 2472 1222 2518 non
1241 2472 1319 2518 vero
1335 2449 1426 2541 quod

279 2579 298 2622 s
321 2555 385 2622 sibi
398 2577 464 2623 nou
480 2565 528 2624 est
548 2557 795 2648 prohibitum.»
818 2558 1133 2651 (Sebmalzgrueber,
1147 2558 1182 2626 in
1203 2556 1336 2626 titulum
1352 2557 1366 2623 1
1386 2555 1427 2624 de
1511 2617 1512 2641 ,

277 2661 426 2744 dediciis,
441 2662 520 2731 libri
537 2667 555 2730 2
573 2663 715 2751 Deerat,
731 2687 765 2732 n.
786 2669 853 2756 lo.)

321 2770 459 2853 Quando
476 2792 555 2861 ergo
575 2771 694 2864 aliquis
714 2774 920 2864 regularium
943 2781 1122 2843 conventus
1136 2771 1171 2840 in
1188 2770 1313 2863 judicio
1327 2793 1426 2862 agere

277 2881 331 2953 vel
353 2879 549 2972 respondere
570 2877 679 2967 debet,
701 2903 767 2948 non
791 2890 894 2971 potest
913 2882 1057 2972 generali
1079 2880 1193 2970 regula
1212 2876 1428 2948 determinari
1507 2927 1508 2973 ,

277 2987 434 3080 adquam
448 2985 607 3078 pertineat
622 2987 752 3056 Actoris
766 2988 818 3056 vel
834 2988 894 3056 itei
908 3010 1083 3080 personam
1098 2987 1274 3073 sustinere;
1291 2985 1349 3054 sed
1366 2985 1427 3054 hoc
1506 3009 1507 3058 l

279 3091 521 3165 desumendum
535 3101 584 3162 est
599 3116 642 3163 ex
661 3095 808 3187 ipsismet
825 3094 1029 3185 regularium
1049 3093 1207 3164 ordinum
1222 3093 1379 3161 institutis
1396 3100 1428 3160 et
1505 3089 1506 3141 l

280 3201 417 3292 receptis
431 3200 734 3270 consuetudinibus.

325 3307 370 3377 X.
388 3312 437 3376 De
454 3306 624 3376 abbatissis
644 3321 675 3376 et
693 3309 770 3377 aliis
789 3331 862 3400 quae
878 3322 1028 3401 presunt
1047 3307 1244 3376 monialium
1263 3307 1427 3376 conventi·

284 3419 354 3500 dus,
368 3413 481 3508 quoad
488 3437 603 3484 causas
616 3439 751 3486 suorum
764 3418 1050 3486 monasteriorum.
1064 3455 1108 3468 -
1125 3415 1229 3485 adure
1241 3415 1425 3501 communi,

288 3553 305 3592 c
328 3532 360 3594 et
373 3525 453 3615 ipsae
471 3545 568 3616 super
583 3525 859 3594 monasteriorum
879 3548 1016 3595 suorum
1039 3524 1136 3593 rebus
1154 3533 1187 3591 et
1204 3523 1348 3614 juribus,
1369 3543 1428 3614 per

289 3659 307 3700 s
329 3631 519 3702 constitutos
537 3640 764 3724 procuratores
783 3656 878 3724 agere
898 3642 930 3702 et
949 3632 1145 3724 respondere
1161 3633 1193 3699 in
1214 3630 1342 3722 judicio
1361 3650 1427 3698 non

289 3766 307 3807 s
330 3741 442 3808 minus
453 3747 588 3831 possunt
599 3762 636 3808 ac
647 3740 794 3828 Praelati,
807 3741 938 3809 abbates
949 3740 1048 3808 etalii
1061 3739 1266 3807 monasteriis
1277 3737 1427 3806 virorum

290 3876 308 3917 s
330 3847 498 3940 praepositi
514 3873 520 3913 :
533 3869 611 3915 uam
623 3847 674 3915 his
686 3847 792 3939 quoad
805 3849 948 3918 actiones
955 3847 1126 3940 judiciales
1137 3848 1396 3940 aequiparantur.
1409 3871 1425 3910 r

288 3958 346 4049 (lta
366 3953 671 4045 Schmalzgrueber,
688 3954 723 4023 in
739 3955 872 4025 titulum
891 3960 903 4023 l
927 3954 966 4025 de
980 3955 1127 4038 dediciis,
1146 3954 1222 4023 libri
1237 3959 1256 4021 2
1273 3954 1430 4022 Decreta-

287 4065 385 4150 lium,
401 4085 435 4130 u.
462 4066 515 4152 40,
539 4062 660 4132 multas
674 4063 839 4133 adducens
858 4062 1091 4152 auctoritates.)
1114 4064 1198 4131 Cum
1219 4070 1331 4129 tamen
1355 4061 1430 4130 huic

285 4171 353 4264 juri
377 4170 546 4238 communi
567 4171 742 4264 aliquando
760 4172 933 4261 derogetur
951 4192 1010 4264 per
1030 4169 1115 4261 ipsas
1130 4167 1254 4236 ordinis
1272 4167 1430 4236 constitu·

288 4279 406 4368 tiones,
438 4276 618 4346 videndum
646 4279 726 4372 quid
754 4301 795 4347 ex
825 4278 939 4368 regula
966 4286 997 4346 et
1020 4276 1153 4368 receptis
1178 4275 1430 4350 consuetudini·
