3056 4972
250 440 315 508 210
621 461 797 508 snscrsrus
820 460 859 506 us
881 459 1014 506 runrcns.

250 583 419 654 Monaedes
432 583 656 676 loquerentur,
666 605 733 652 non
745 581 785 650 de
798 581 961 652 csuouicis
976 579 1193 672 regularibus.
1206 581 1269 648 Ast
1278 599 1395 648 eorum

251 709 397 756 errorem
412 687 564 780 repressit
577 687 785 758 Innocentius
800 687 858 774 lll,
875 687 938 758 hoc
951 709 1012 757 sno
1034 685 1075 756 ud
1094 685 1395 779 Compcstellonum

249 792 540 886 Archiepiscopum
553 795 728 887 rescripto:
740 797 797 866 Ec
804 807 903 886 porte
916 807 977 864 tuo
989 793 1080 864 nebu
1090 793 1160 885 ficit
1168 793 1394 886 propositum,

249 899 495 994 quodquidam
518 901 666 970 cuuouui
688 903 868 994 reputares,
888 923 954 970 nou
974 902 1082 972 solum
1106 901 1141 970 irs
1164 898 1395 980 meleudstieir,

249 1031 365 1077 uuum
381 1008 482 1078 etism
495 1010 530 1078 iu
542 1008 723 1100 [messibus
737 1008 844 1078 courir
854 1020 1066 1100 presumunt
1078 1005 1232 1078 adonemi
1245 1007 1399 1099 ospicium

248 1137 404 1186 coerces.
433 1117 580 1207 Cumque
602 1115 759 1208 objicitur
772 1116 828 1198 ers,
846 1115 938 1208 quod
956 1139 1022 1186 reon
1044 1113 1158 1184 debent
1179 1137 1244 1184 esse
1259 1113 1400 1205 forsruir

246 1222 300 1291 vel
312 1221 514 1292 ecclesiastici
534 1222 656 1314 nepotii
677 1235 876 1314 susceptores
891 1222 944 1293 uel
957 1234 1155 1304 executores,
1172 1221 1235 1290 nisi
1254 1223 1340 1312 forte
1358 1217 1403 1287 id

248 1327 440 1398 monasterii
454 1341 606 1420 exposcas
620 1329 760 1410 utilitas,
779 1329 901 1399 Abdcte
915 1329 1130 1399 nihilomiuus
1143 1324 1403 1420 imperantem!

247 1457 346 1506 suam
370 1447 562 1527 proponunt
590 1435 797 1504 insolmtiam
826 1435 1058 1518 excusandum,
1091 1434 1182 1527 quod
1207 1433 1398 1527 capitulum

246 1541 344 1623 illud,
358 1564 420 1633 per
435 1541 526 1633 quod
535 1540 697 1633 predum
712 1543 881 1634 prohiberi
895 1542 1058 1626 videntur,
1074 1540 1115 1611 de
1133 1541 1309 1623 nemeto,
1326 1562 1398 1609 uon

248 1647 288 1718 de
311 1648 473 1718 canonicis
494 1648 702 1740 repuleridus
731 1650 881 1742 loquitur
900 1650 1083 1742 manifeste.
1112 1648 1204 1719 Unde
1228 1647 1399 1719 consulta·

249 1755 333 1824 tioni
354 1766 421 1826 rus
444 1755 556 1827 taliter
568 1754 811 1848 respondemus,
830 1756 921 1849 quod
938 1757 1026 1831 idem
1042 1755 1217 1849 judicium
1239 1753 1279 1824 de
1296 1776 1399 1823 ωηο-

247 1862 326 1931 uiu's
339 1862 559 1954 repertoribus,
578 1862 669 1955 quod
682 1861 722 1932 de
735 1864 917 1946 Mendetis,
935 1876 1102 1956 quantum
1117 1861 1164 1932 od
1175 1885 1278 1953 supro
1291 1859 1395 1943 diota,

249 1968 409 2040 credimus
425 1968 676 2053 obseruandum,
693 1970 767 2039 licet
781 1967 821 2040 de
835 1971 1003 2042 Mendetis
1024 1971 1060 2040 in
1078 1992 1200 2042 cercone
1213 1968 1400 2063 rpeucliter

248 2076 291 2144 sit
305 2097 506 2167 expressim.
526 2074 618 2168 (Cup.
637 2081 670 2164 2,
688 2077 776 2146 tituli
793 2080 846 2164 ³7,
863 2078 940 2147 libri
958 2081 973 2146 1
994 2076 1237 2168 Decretslium.)

294 2181 418 2251 Exitus
430 2203 529 2274 porro
540 2182 685 2252 textibus
696 2192 820 2252 certum
833 2183 968 2253 omnino
979 2183 1219 2277 est,prohiberi
1228 2183 1401 2273 religiosos

248 2289 290 2358 nb
299 2288 481 2358 exercendo
491 2287 641 2358 advocati
649 2299 681 2358 et
692 2291 915 2381 procuratoris
930 2291 1052 2379 cilicio,
1064 2291 1161 2360 etiem
1173 2312 1282 2360 coram
1294 2289 1400 2359 eccle-

248 2396 376 2464 siastico
388 2393 514 2487 judice,
531 2395 595 2464 nisi
611 2396 646 2463 in
660 2395 768 2466 cuneis
790 2396 960 2467 utilitatem
981 2398 1169 2468 monasterii
1190 2396 1401 2489 respicienti-

247 2502 321 2572 bus.
336 2501 376 2570 Et
389 2501 448 2570 hoc
457 2502 513 2595 jus
525 2524 699 2570 commune
714 2501 890 2573 hodiedum
903 2505 1001 2574 etism
1014 2504 1124 2595 vigere
1141 2503 1261 2596 puriter
1272 2511 1401 2572 certum

248 2619 297 2680 est
314 2618 406 2678 :tum
422 2609 500 2702 quis
512 2610 613 2702 siper
628 2631 730 2678 noves
745 2609 832 2700 leges
847 2611 1039 2702 derogatum
1054 2634 1120 2681 non
1134 2610 1215 2691 fuit;
1235 2619 1303 2680 tum
1319 2610 1402 2703 quic

251 2739 318 2786 non
332 2717 459 2786 invectu
472 2725 520 2785 est
535 2717 571 2784 iu
584 2716 784 2786 contrarium
800 2718 962 2808 generalis
978 2718 1199 2799 consuetud0;
1215 2717 1400 2786 tumetium

248 2823 327 2918 quis
338 2823 540 2893 consuetudo
555 2823 730 2912 contrariu,
747 2824 851 2894 sicubi
866 2825 1053 2896 introductu
1074 2824 1169 2912 foret,
1187 2845 1247 2918 pro
1260 2845 1402 2916 corrup-

248 2929 325 3018 tele,
346 2928 526 3021 disoplinae
551 2929 718 3020 religiosae
746 2931 907 3019 eremius,
930 2930 1080 3002 hubends
1106 2941 1200 3000 esset.
1227 2929 1401 3014 Quomodo

249 3046 359 3108 sutem
381 3035 591 3127 intelligendu
619 3037 662 3105 eit
688 3037 850 3128 generalis
876 3038 932 3108 ills
951 3038 1037 3130 juris
1062 3039 1245 3108 communis
1269 3037 1401 3128 regrrln,

252 3144 357 3235 magis
386 3142 602 3213 determinate
638 3151 839 3236 exponentes
878 3145 1055 3218 cunonistae
1090 3144 1244 3239 qucum
1276 3143 1403 3214 utiliter

250 3250 420 3320 adnotent.
439 3249 577 3341 Nempe,

296 3361 331 3426 2ο
350 3356 426 3425 «Ut
440 3355 612 3448 religiosus
633 3357 736 3449 possit
758 3381 828 3427 esse
851 3357 1028 3430 advocatus
1042 3358 1095 3430 vel
1111 3367 1315 3451 procurator,
1332 3357 1404 3428 duo

256 3493 273 3532 u
295 3464 479 3558 copulative
493 3464 721 3556 requiruntur,
730 3463 856 3534 utilitas
869 3466 1059 3535 monasterii
1072 3474 1103 3534 et
1115 3465 1292 3557 superioris
1307 3487 1403 3533 msu-

256 3598 273 3636 c
296 3571 409 3639 dutum
423 3591 480 3638 seu
497 3568 644 3648 lieentiu;
663 3569 707 3638 its
731 3579 766 3640 ut
789 3571 816 3639 si
832 3570 988 3642 alterutro
1008 3572 1151 3642 conditio
1173 3572 1314 3658 deficiet,
1333 3594 1405 3640 non

257 3705 274 3743 n
298 3674 398 3772 possit
420 3676 513 3746 obire
540 3699 660 3746 munus
682 3678 830 3746 advocati
856 3680 909 3748 vel
935 3681 1165 3771 procuratoris,
1189 3703 1248 3750 nee
1270 3680 1306 3748 in
1329 3681 1405 3749 foro

256 3811 275 3852 u
297 3782 460 3872 saeculsri,
477 3782 586 3850 necin
600 3783 854 3854 ecclesiastico...
873 3785 1065 3877 Requiritur
1080 3795 1188 3856 sutem
1203 3797 1240 3854 ut
1257 3786 1403 3876 licentia,

258 3912 364 3960 cnon
392 3897 517 3960 tantum
540 3888 581 3958 sit
607 3891 720 3982 petits,
745 3891 801 3960 sed
826 3892 969 3983 obtentu,
993 3902 1029 3962 ut
1052 3893 1215 3983 colligitur
1238 3917 1279 3964 cx
1305 3894 1407 3966 citsto

260 4031 275 4064 o
301 3997 486 4090 capitellis
504 4007 604 4087 porte
619 4001 651 4086 2,
671 3997 757 4066 tituli
775 4001 829 4087 37,
846 3997 923 4068 libri
942 4004 954 4068 l
976 4001 1099 4090 Beer.);
1119 4000 1174 4069 ubi
1194 4000 1348 4091 exigitur,
1366 4013 1408 4076 ut

261 4135 278 4172 c
301 4103 411 4173 Abbns
434 4101 468 4171 id
489 4102 627 4195 imperet
645 4130 653 4171 :
671 4125 738 4172 non
752 4113 857 4196 potest
874 4115 983 4176 cutem
1004 4106 1069 4180 dici
1091 4109 1264 4198 imperare,
1280 4109 1346 4176 nisi
1360 4107 1407 4176 li-

261 4239 277 4282 u
300 4209 439 4280 centium
455 4210 612 4278 concedet
681 4211 822 4282 :sufficit
838 4221 946 4284 autem
958 4213 1123 4286 interdum
1138 4214 1233 4286 tacita
1248 4237 1305 4289 seu
1317 4237 1407 4308 pree·
