3030 4980
292 449 356 518 tot
668 471 843 524 reserares
865 473 903 520 or
925 471 1058 520 sontum.

287 593 341 661 vel
365 589 478 662 mum
493 591 609 662 uetus
629 619 637 661 ε
661 593 751 685 quod
763 603 873 663 autem
889 593 1040 686 princeps
1053 591 1222 684 approbat,
1238 589 1308 684 ipae
1324 591 1423 662 iacere

288 698 417 768 videtur
442 725 450 766 z
471 707 504 768 et
524 698 571 768 sic
590 721 629 768 ea
650 699 801 792 Episcopi
827 721 868 770 ex
891 699 1125 772 consuetudine
1140 706 1280 791 potestas
1301 699 1343 768 ab
1359 699 1424 791 ipsa

285 806 383 896 Papae
396 813 564 897 potestate,
580 828 657 875 vere
672 816 703 875 et
714 807 891 896 originaria
907 807 1085 877 derivatur.
1103 805 1286 898 (Pirrhing,
1300 806 1336 874 in
1349 809 1424 875 titu-

284 913 356 980 lum
370 915 425 999 22,
442 911 522 981 libri
535 916 554 980 2
569 913 798 996 Decretalium,
815 937 849 982 n.
871 913 916 1005 8.)

329 1018 417 1088 Solet
433 1027 541 1088 tamen
565 1019 703 1111 objectio
720 1021 794 1090 fieri
806 1029 920 1090 contra
935 1020 1020 1091 hanc
1035 1020 1269 1114 Episcoporum
1285 1022 1424 1090 notarios

284 1125 416 1194 creandi
441 1133 650 1216 potestatem3
677 1125 734 1198 sed
758 1150 834 1219 quae
858 1127 952 1198 lacile
977 1128 1128 1198 solvitur.
1161 1127 1423 1214 «Conclusioni,

287 1257 306 1297 a
328 1232 373 1301 ait
384 1230 571 1321 Fagnanua,
587 1232 718 1301 videtur
731 1233 874 1321 obstare,
889 1233 977 1327 quod
992 1235 1141 1304 Clemens
1152 1234 1198 1323 V,
1210 1233 1252 1302 ad
1263 1235 1425 1327 supplica-

287 1363 305 1405 e
329 1338 450 1408 tionem
463 1339 642 1410 multorum
667 1339 996 1434 archiepiscoporum
1012 1341 1070 1435 qui
1086 1342 1250 1414 Viennam
1266 1364 1424 1414 convene-

287 1471 305 1512 a
327 1455 401 1516 rant
414 1446 456 1515 ad
472 1445 656 1516 universale
680 1447 868 1535 concilium,
894 1447 928 1518 in
944 1449 1237 1542 compensationem
1262 1448 1423 1538 laborum,

285 1577 304 1618 a
325 1551 484 1620 mamssit
497 1550 686 1622 immotam
710 1551 910 1622 concedendi
926 1552 1154 1624 tabellionatus
1177 1551 1324 1622 officinm
1343 1552 1426 1622 dna-

286 1684 303 1724 e
326 1658 388 1726 bus
403 1659 563 1750 personis,
580 1681 662 1750 quaa
677 1659 718 1728 ad
733 1658 830 1746 illud,
845 1668 919 1750 post
934 1658 1125 1748 diligentem
1138 1657 1425 1748 examinationem,

285 1764 458 1834 aidoneus
480 1765 674 1857 reperissent
698 1767 745 1858 (ut
765 1778 853 1836 tomo
877 1770 896 1833 3
920 1765 1159 1855 Consiliorum,
1187 1774 1280 1858 parte
1306 1770 1341 1854 2,
1367 1791 1427 1858 pa-

286 1873 403 1964 agina
425 1872 719 1962 mutuatorie
745 1871 950 1963 indulgentia
973 1873 1322 1962 ubaettrusrraroria,
1348 1874 1375 1942 si
1390 1874 1428 1944 de

287 2006 304 2046 e
322 1980 397 2070 jure
412 1980 473 2049 hoe
495 1981 542 2049 eis
555 1989 793 2072 competeret...
812 1979 878 2050 Sed
894 1980 1086 2072 responderi
1101 1987 1217 2072 potest,
1235 1979 1281 2049 ibi
1297 2003 1428 2050 conc&

287 2115 305 2156 a
327 2111 397 2156 sam
410 2087 511 2156 luisse
527 2085 695 2178 Episcopis
710 2085 910 2176 laenitatem,
925 2109 1025 2179 quam
1040 2086 1164 2178 dejure
1175 2108 1243 2156 non
1252 2086 1425 2176 habebant,

287 2221 305 2262 a
326 2196 446 2265 scilieet
461 2193 593 2264 creandi
609 2193 798 2264 tabelliones
814 2194 1011 2264 authoritate
1024 2194 1137 2286 Papae,
1154 2195 1211 2287 qui
1224 2195 1348 2287 ubique
1362 2206 1428 2265 ter-

287 2329 304 2370 e
326 2325 439 2372 rarum
454 2310 584 2393 possent
598 2301 745 2372 ultimum
759 2323 911 2372 exercere
974 2327 984 2388 ;
996 2301 1086 2394 quod
1100 2310 1198 2392 patet,
1217 2309 1289 2370 tum
1307 2326 1350 2372 ex
1365 2303 1429 2372 illis

286 2436 303 2476 a
327 2411 436 2480 verbis
449 2408 659 2478 Autltoritato
676 2421 810 2491 suestre·
825 2417 896 2478 tum
911 2409 990 2500 quia
1004 2408 1195 2501 praecipitur
1207 2409 1266 2496 ibi,
1286 2423 1327 2480 ut
1334 2434 1430 2503 pra-

287 2515 407 2586 edicti
431 2514 618 2586 tabelliones
637 2515 759 2606 jurent
781 2513 978 2606 fidelitatem
1011 2518 1132 2606 Papae,
1159 2515 1256 2606 juxta
1289 2515 1431 2588 formam

285 2648 304 2690 a
327 2624 452 2714 capitis,
468 2643 526 2712 epo
539 2623 597 2703 Ν.,
613 2619 653 2690 de
665 2621 905 2717 turejurando.
922 2621 964 2692 Et
982 2621 1201 2692 itaiudultum
1211 2645 1280 2692 non
1294 2623 1360 2694 fuit
1373 2649 1431 2694 su-

286 2758 305 2801 c
327 2731 501 2824 pertinum.
521 2758 538 2796 a
560 2730 759 2823 (Fagnanus,
784 2731 819 2800 in
834 2741 931 2823 ceput
945 2729 1041 2802 Sicut
1055 2744 1098 2814 te,
1117 2732 1167 2802 tit.
1185 2733 1235 2804 Ne
1257 2733 1369 2804 clerici
1382 2735 1433 2804 ool

285 2839 450 2921 monachi,
468 2861 503 2911 n.
520 2837 587 2928 55.)

329 2947 386 3016 111.
408 2973 424 3012 o
440 2946 510 3016 Etsi
524 2945 715 3036 Episcopus,
734 2943 786 3014 val
800 2943 885 3014 elius
897 2943 1001 3035 judex
1014 2945 1167 3037 Principe
1179 2945 1331 3035 interior,
1346 2949 1434 3020 intra

290 3081 307 3122 a
329 3049 493 3124 &maim
515 3073 610 3122 auem
626 3051 678 3123 vel
698 3051 913 3140 territorium,
930 3053 1034 3144 possit
1056 3073 1165 3122 creare
1191 3054 1350 3143 notarios,
1366 3081 1434 3126 non

289 3189 308 3230 a
331 3171 440 3232 umen
450 3169 544 3232 extre
554 3158 657 3244 bum,
672 3158 725 3228 vel
740 3157 841 3246 illud,
859 3159 948 3250 quia,
962 3159 1115 3251 quamvis
1130 3158 1278 3230 officium
1288 3165 1436 3233 naurie-

288 3297 305 3336 a
329 3279 393 3353 tue,
411 3291 477 3340 non
500 3275 625 3338 uotum
638 3265 803 3358 judiciale,
819 3265 876 3336 sed
890 3267 989 3340 etiem
1016 3267 1262 3358 extrajudiciale
1282 3269 1337 3356 eit,
1355 3273 1436 3364 qnia

290 3404 307 3444 a
330 3385 361 3444 et
384 3385 478 3444 extra
489 3373 650 3466 judicium
676 3373 820 3442 exerceri
836 3382 959 3464 potest3
977 3374 1152 3442 auctoritas
1168 3383 1278 3444 tamen
1294 3388 1328 3444 et
1342 3390 1436 3448 actus

291 3511 309 3552 a
330 3483 462 3554 creandi
482 3503 541 3550 seu
559 3478 776 3550 constituendi
794 3480 936 3552 aubrios
956 3490 1003 3552 est
1019 3490 1110 3552 aetus
1128 3481 1311 3572 judicialia
1329 3485 1437 3555 adeo-

292 3613 395 3682 cque
415 3597 509 3668 eatra
522 3588 721 3656 territorium
748 3587 867 3656 creatio
890 3586 962 3656 fieri
982 3609 1049 3657 non
1073 3597 1224 3680 potest.»
1247 3591 1434 3684 (Pirrhing,

288 3700 352 3768 loc.
370 3697 439 3788 cit.)
455 3695 544 3764 Idem
565 3694 665 3765 tradit
674 3693 701 3762 F
701 3715 851 3784 agnanus
864 3694 911 3786 (in
923 3705 1020 3786 capnt
1034 3695 1129 3764 Siout
1142 3708 1185 3778 te,
1201 3696 1250 3765 tit.
1264 3701 1316 3770 Ne
1327 3700 1440 3770 clerici

288 3807 340 3876 ael
353 3802 516 3884 monaehi,
530 3824 564 3870 n.
573 3803 649 3892 bl),
665 3801 979 3870 citanscanonistam
990 3802 1211 3891 Hostiensenr,
1222 3803 1438 3900 allegansque

284 3913 369 4004 juris
384 3911 524 3980 Romani
539 3907 782 3998 dispositionem
803 3907 884 3998 (lege
910 3905 1013 3996 finali,
1035 3909 1071 3978 ff.
1097 3909 1136 3980 dc
1153 3909 1325 3982 deradice.
1342 3937 1435 3982 οηυι.

284 4017 500 4110 judic...),·et
513 4037 669 4084 mnoucm
693 4017 810 4082 Omnes
825 4013 964 4084 laodicae
986 4017 1053 4105 (ld,
1071 4027 1189 4109 quaest.
1209 4017 1254 4110 t).
1272 4019 1360 4089 Hinc
1375 4019 1437 4088 de·

290 4125 523 4218 relinquendus
549 4123 679 4195 videtur
700 4121 847 4211 Falinns,
864 4122 922 4215 qui
949 4125 1075 4214 putavit
1102 4125 1298 4196 creationem
1316 4129 1435 4198 notarii

290 4237 330 4306 ad
347 4233 604 4326 jurisdictionem
620 4229 837 4301 voluntariam
860 4230 1036 4321 pertinere,
1053 4253 1090 4300 ec
1104 4231 1242 4323 proinde
1257 4256 1351 4326 posse
1367 4257 1434 4302 no-
