<?xml version="1.0" encoding="UTF-8"?>
<!DOCTYPE html PUBLIC "-//W3C//DTD XHTML 1.0 Transitional//EN"
    "http://www.w3.org/TR/xhtml1/DTD/xhtml1-transitional.dtd">
<html xmlns="http://www.w3.org/1999/xhtml" xml:lang="en" lang="en">
 <head>
  <title>
</title>
<meta http-equiv="Content-Type" content="text/html;charset=utf-8" />
  <meta name='ocr-system' content='tesseract 3.04.00' />
  <meta name='ocr-capabilities' content='ocr_page ocr_carea ocr_par ocr_line ocrx_word'/>
</head>
<body>
  <div class='ocr_page' id='page_1' title='image "./tractatusdejudi01goog_0510.png"; bbox 0 0 3030 4980; ppageno 0'>
   <div class='ocr_carea' id='block_1_1' title="bbox 544 471 1228 540">
    <p class='ocr_par' dir='ltr' id='par_1_1' title="bbox 544 471 1228 540">
     <span class='ocr_line' id='line_1_1' title="bbox 544 471 1228 540; baseline -0.003 0"><span class='ocrx_word' id='word_1_1' title='bbox 544 491 619 540; x_wconf 73' lang='lat' dir='ltr'>aras</span> <span class='ocrx_word' id='word_1_2' title='bbox 641 491 785 540; x_wconf 74' lang='lat' dir='ltr'>smenon.</span> <span class='ocrx_word' id='word_1_3' title='bbox 1167 471 1228 540; x_wconf 77' lang='lat' dir='ltr'>tes</span> 
     </span>
    </p>
   </div>
   <div class='ocr_carea' id='block_1_2' title="bbox 90 612 1237 4345">
    <p class='ocr_par' dir='ltr' id='par_1_2' title="bbox 90 612 1232 1219">
     <span class='ocr_line' id='line_1_2' title="bbox 91 612 1229 707; baseline 0 -25"><span class='ocrx_word' id='word_1_4' title='bbox 91 612 212 682; x_wconf 71' lang='lat' dir='ltr'>anum</span> <span class='ocrx_word' id='word_1_5' title='bbox 233 613 275 682; x_wconf 86' lang='lat' dir='ltr'>ab</span> <span class='ocrx_word' id='word_1_6' title='bbox 301 613 476 707; x_wconf 85' lang='lat' dir='ltr'>Episcopo,</span> <span class='ocrx_word' id='word_1_7' title='bbox 505 619 599 684; x_wconf 87' lang='lat' dir='ltr'>extra</span> <span class='ocrx_word' id='word_1_8' title='bbox 623 616 788 684; x_wconf 83' lang='lat' dir='ltr'>dioecesim</span> <span class='ocrx_word' id='word_1_9' title='bbox 815 637 907 685; x_wconf 90' lang='lat' dir='ltr'>suam</span> <span class='ocrx_word' id='word_1_10' title='bbox 931 613 1100 700; x_wconf 78' lang='lat' dir='ltr'>existente,</span> <span class='ocrx_word' id='word_1_11' title='bbox 1126 617 1229 682; x_wconf 86' lang='lat' dir='ltr'>creari</span> 
     </span>
     <span class='ocr_line' id='line_1_3' title="bbox 92 720 1231 815; baseline 0.001 -25"><span class='ocrx_word' id='word_1_12' title='bbox 92 720 199 812; x_wconf 85' lang='lat' dir='ltr'>quoad</span> <span class='ocrx_word' id='word_1_13' title='bbox 213 720 379 791; x_wconf 72' lang='lat' dir='ltr'>diaecesim</span> <span class='ocrx_word' id='word_1_14' title='bbox 394 741 497 792; x_wconf 87' lang='lat' dir='ltr'>suum.</span> <span class='ocrx_word' id='word_1_15' title='bbox 523 721 620 813; x_wconf 85' lang='lat' dir='ltr'>(Vide</span> <span class='ocrx_word' id='word_1_16' title='bbox 635 722 718 791; x_wconf 90' lang='lat' dir='ltr'>hane</span> <span class='ocrx_word' id='word_1_17' title='bbox 732 723 917 814; x_wconf 86' lang='lat' dir='ltr'>opinionem</span> <span class='ocrx_word' id='word_1_18' title='bbox 931 721 1048 808; x_wconf 84' lang='lat' dir='ltr'>Felici,</span> <span class='ocrx_word' id='word_1_19' title='bbox 1064 723 1151 815; x_wconf 88' lang='lat' dir='ltr'>apud</span> <span class='ocrx_word' id='word_1_20' title='bbox 1168 723 1231 791; x_wconf 88' lang='lat' dir='ltr'>Fa-</span> 
     </span>
     <span class='ocr_line' id='line_1_4' title="bbox 91 828 1232 921; baseline 0.004 -27"><span class='ocrx_word' id='word_1_21' title='bbox 91 849 249 916; x_wconf 82' lang='lat' dir='ltr'>gnanum,</span> <span class='ocrx_word' id='word_1_22' title='bbox 267 828 337 898; x_wconf 86' lang='lat' dir='ltr'>loco</span> <span class='ocrx_word' id='word_1_23' title='bbox 361 829 468 914; x_wconf 90' lang='lat' dir='ltr'>citato,</span> <span class='ocrx_word' id='word_1_24' title='bbox 488 851 520 898; x_wconf 92' lang='lat' dir='ltr'>n.</span> <span class='ocrx_word' id='word_1_25' title='bbox 547 830 613 918; x_wconf 75' lang='lat'>54.)</span> <span class='ocrx_word' id='word_1_26' title='bbox 641 829 724 897; x_wconf 88' lang='lat' dir='ltr'>Tute</span> <span class='ocrx_word' id='word_1_27' title='bbox 739 829 875 921; x_wconf 83' lang='lat' dir='ltr'>proinde</span> <span class='ocrx_word' id='word_1_28' title='bbox 890 851 956 898; x_wconf 91' lang='lat' dir='ltr'>non</span> <span class='ocrx_word' id='word_1_29' title='bbox 969 837 1079 918; x_wconf 85' lang='lat' dir='ltr'>ageret</span> <span class='ocrx_word' id='word_1_30' title='bbox 1097 829 1232 920; x_wconf 86' lang='lat' dir='ltr'>Episco-</span> 
     </span>
     <span class='ocr_line' id='line_1_5' title="bbox 91 934 1226 1026; baseline 0.001 -24"><span class='ocrx_word' id='word_1_31' title='bbox 91 955 166 1024; x_wconf 89' lang='lat' dir='ltr'>pus,</span> <span class='ocrx_word' id='word_1_32' title='bbox 192 935 250 1025; x_wconf 87' lang='lat' dir='ltr'>qui</span> <span class='ocrx_word' id='word_1_33' title='bbox 273 943 366 1004; x_wconf 85' lang='lat' dir='ltr'>extra</span> <span class='ocrx_word' id='word_1_34' title='bbox 386 934 549 1004; x_wconf 88' lang='lat' dir='ltr'>dioecesim</span> <span class='ocrx_word' id='word_1_35' title='bbox 574 936 716 1004; x_wconf 75' lang='lat' dir='ltr'>existens</span> <span class='ocrx_word' id='word_1_36' title='bbox 730 936 959 1005; x_wconf 87' lang='lat' dir='ltr'>cancellarium</span> <span class='ocrx_word' id='word_1_37' title='bbox 974 945 1226 1026; x_wconf 80' lang='lat' dir='ltr'>suumerearet3</span> 
     </span>
     <span class='ocr_line' id='line_1_6' title="bbox 91 1040 1228 1132; baseline 0.005 -26"><span class='ocrx_word' id='word_1_38' title='bbox 91 1040 181 1130; x_wconf 89' lang='lat' dir='ltr'>quia,</span> <span class='ocrx_word' id='word_1_39' title='bbox 204 1041 404 1132; x_wconf 79' lang='lat' dir='ltr'>probabilius</span> <span class='ocrx_word' id='word_1_40' title='bbox 424 1041 550 1127; x_wconf 83' lang='lat' dir='ltr'>saltem,</span> <span class='ocrx_word' id='word_1_41' title='bbox 577 1043 692 1111; x_wconf 89' lang='lat' dir='ltr'>robora</span> <span class='ocrx_word' id='word_1_42' title='bbox 713 1052 859 1112; x_wconf 83' lang='lat' dir='ltr'>carerent</span> <span class='ocrx_word' id='word_1_43' title='bbox 873 1041 915 1111; x_wconf 91' lang='lat' dir='ltr'>ad</span> <span class='ocrx_word' id='word_1_44' title='bbox 932 1041 1028 1112; x_wconf 87' lang='lat' dir='ltr'>fidem</span> <span class='ocrx_word' id='word_1_45' title='bbox 1050 1041 1228 1113; x_wconf 81' lang='lat' dir='ltr'>laciendum</span> 
     </span>
     <span class='ocr_line' id='line_1_7' title="bbox 90 1145 900 1219; baseline 0.005 -6"><span class='ocrx_word' id='word_1_46' title='bbox 90 1145 307 1216; x_wconf 86' lang='lat' dir='ltr'>instrumente</span> <span class='ocrx_word' id='word_1_47' title='bbox 321 1171 341 1217; x_wconf 89' lang='lat' dir='ltr'>a</span> <span class='ocrx_word' id='word_1_48' title='bbox 353 1149 553 1218; x_wconf 84' lang='lat' dir='ltr'>Cancellario</span> <span class='ocrx_word' id='word_1_49' title='bbox 567 1149 613 1217; x_wconf 88' lang='lat' dir='ltr'>sie</span> <span class='ocrx_word' id='word_1_50' title='bbox 624 1155 731 1219; x_wconf 87' lang='lat' dir='ltr'>creato</span> <span class='ocrx_word' id='word_1_51' title='bbox 745 1150 900 1218; x_wconf 87' lang='lat' dir='ltr'>conlecta.</span> 
     </span>
    </p>

    <p class='ocr_par' dir='ltr' id='par_1_3' title="bbox 91 1253 1234 1772">
     <span class='ocr_line' id='line_1_8' title="bbox 134 1253 1230 1349; baseline 0.004 -29"><span class='ocrx_word' id='word_1_52' title='bbox 134 1253 194 1324; x_wconf 88' lang='lat' dir='ltr'>IV.</span> <span class='ocrx_word' id='word_1_53' title='bbox 216 1255 416 1324; x_wconf 80' lang='lat' dir='ltr'>«Generales</span> <span class='ocrx_word' id='word_1_54' title='bbox 435 1264 466 1325; x_wconf 88' lang='lat' dir='ltr'>ct</span> <span class='ocrx_word' id='word_1_55' title='bbox 493 1257 707 1346; x_wconf 79' lang='lat' dir='ltr'>provinciales</span> <span class='ocrx_word' id='word_1_56' title='bbox 733 1257 929 1347; x_wconf 76' lang='lat' dir='ltr'>religionum</span> <span class='ocrx_word' id='word_1_57' title='bbox 955 1279 1065 1325; x_wconf 85' lang='lat' dir='ltr'>creare</span> <span class='ocrx_word' id='word_1_58' title='bbox 1094 1265 1230 1349; x_wconf 85' lang='lat' dir='ltr'>possunt</span> 
     </span>
     <span class='ocr_line' id='line_1_9' title="bbox 95 1357 1233 1456; baseline 0.008 -32"><span class='ocrx_word' id='word_1_59' title='bbox 95 1357 114 1424; x_wconf 75' lang='lat' dir='ltr'>a</span> <span class='ocrx_word' id='word_1_60' title='bbox 136 1363 279 1432; x_wconf 85' lang='lat' dir='ltr'>notarios</span> <span class='ocrx_word' id='word_1_61' title='bbox 292 1365 378 1432; x_wconf 86' lang='lat' dir='ltr'>iutra</span> <span class='ocrx_word' id='word_1_62' title='bbox 393 1385 490 1433; x_wconf 89' lang='lat' dir='ltr'>suum</span> <span class='ocrx_word' id='word_1_63' title='bbox 507 1363 655 1433; x_wconf 81' lang='lat' dir='ltr'>ordinem</span> <span class='ocrx_word' id='word_1_64' title='bbox 672 1385 731 1456; x_wconf 86' lang='lat' dir='ltr'>pro</span> <span class='ocrx_word' id='word_1_65' title='bbox 746 1363 852 1433; x_wconf 83' lang='lat' dir='ltr'>causis</span> <span class='ocrx_word' id='word_1_66' title='bbox 866 1363 1091 1434; x_wconf 73' lang='lat' dir='ltr'>criminalibus</span> <span class='ocrx_word' id='word_1_67' title='bbox 1102 1365 1233 1454; x_wconf 79' lang='lat' dir='ltr'>religio·</span> 
     </span>
     <span class='ocr_line' id='line_1_10' title="bbox 94 1469 1234 1562; baseline 0.004 -29"><span class='ocrx_word' id='word_1_68' title='bbox 94 1493 114 1532; x_wconf 81' lang='lat' dir='ltr'>a</span> <span class='ocrx_word' id='word_1_69' title='bbox 137 1490 261 1556; x_wconf 87' lang='lat' dir='ltr'>sorum,</span> <span class='ocrx_word' id='word_1_70' title='bbox 291 1469 338 1538; x_wconf 87' lang='lat' dir='ltr'>ite</span> <span class='ocrx_word' id='word_1_71' title='bbox 360 1477 398 1538; x_wconf 88' lang='lat' dir='ltr'>ut</span> <span class='ocrx_word' id='word_1_72' title='bbox 423 1469 487 1540; x_wconf 89' lang='lat' dir='ltr'>illis</span> <span class='ocrx_word' id='word_1_73' title='bbox 512 1469 707 1539; x_wconf 87' lang='lat' dir='ltr'>tantalides</span> <span class='ocrx_word' id='word_1_74' title='bbox 732 1471 936 1557; x_wconf 87' lang='lat' dir='ltr'>adhibeatur,</span> <span class='ocrx_word' id='word_1_75' title='bbox 963 1477 1086 1562; x_wconf 88' lang='lat' dir='ltr'>quante</span> <span class='ocrx_word' id='word_1_76' title='bbox 1107 1473 1234 1540; x_wconf 89' lang='lat' dir='ltr'>notario</span> 
     </span>
     <span class='ocr_line' id='line_1_11' title="bbox 95 1576 1233 1668; baseline 0.005 -27"><span class='ocrx_word' id='word_1_77' title='bbox 95 1600 114 1641; x_wconf 80' lang='lat' dir='ltr'>a</span> <span class='ocrx_word' id='word_1_78' title='bbox 136 1576 333 1646; x_wconf 70' lang='lat' dir='ltr'>seculari.»</span> <span class='ocrx_word' id='word_1_79' title='bbox 353 1577 524 1665; x_wconf 71' lang='lat' dir='ltr'>(Ferraria,</span> <span class='ocrx_word' id='word_1_80' title='bbox 539 1577 581 1646; x_wconf 88' lang='lat' dir='ltr'>ad</span> <span class='ocrx_word' id='word_1_81' title='bbox 597 1599 710 1648; x_wconf 88' lang='lat' dir='ltr'>vocem</span> <span class='ocrx_word' id='word_1_82' title='bbox 721 1578 891 1661; x_wconf 81' lang='lat' dir='ltr'>Notarius,</span> <span class='ocrx_word' id='word_1_83' title='bbox 910 1599 944 1645; x_wconf 92' lang='lat' dir='ltr'>n.</span> <span class='ocrx_word' id='word_1_84' title='bbox 962 1578 1030 1668; x_wconf 84' lang='grc'><strong>21.)</strong></span> <span class='ocrx_word' id='word_1_85' title='bbox 1056 1577 1157 1646; x_wconf 81' lang='lat' dir='ltr'>Addit</span> <span class='ocrx_word' id='word_1_86' title='bbox 1169 1599 1233 1647; x_wconf 90' lang='lat' dir='ltr'>au-</span> 
     </span>
     <span class='ocr_line' id='line_1_12' title="bbox 91 1683 1231 1772; baseline 0.002 -22"><span class='ocrx_word' id='word_1_87' title='bbox 91 1689 159 1750; x_wconf 91' lang='lat' dir='ltr'>tem</span> <span class='ocrx_word' id='word_1_88' title='bbox 173 1683 290 1752; x_wconf 84' lang='lat' dir='ltr'>citatus</span> <span class='ocrx_word' id='word_1_89' title='bbox 302 1691 427 1772; x_wconf 87' lang='lat' dir='ltr'>auctor,</span> <span class='ocrx_word' id='word_1_90' title='bbox 444 1705 517 1754; x_wconf 87' lang='lat' dir='ltr'>eam</span> <span class='ocrx_word' id='word_1_91' title='bbox 531 1706 601 1754; x_wconf 90' lang='lat' dir='ltr'>esse</span> <span class='ocrx_word' id='word_1_92' title='bbox 619 1707 827 1754; x_wconf 90' lang='lat' dir='ltr'>communem</span> <span class='ocrx_word' id='word_1_93' title='bbox 842 1684 1010 1754; x_wconf 87' lang='lat' dir='ltr'>doctorum</span> <span class='ocrx_word' id='word_1_94' title='bbox 1028 1685 1231 1754; x_wconf 86' lang='lat' dir='ltr'>sententiam.</span> 
     </span>
    </p>

    <p class='ocr_par' dir='ltr' id='par_1_4' title="bbox 95 1790 1237 2740">
     <span class='ocr_line' id='line_1_13' title="bbox 141 1790 1235 1884; baseline 0.005 -30"><span class='ocrx_word' id='word_1_95' title='bbox 141 1790 320 1883; x_wconf 74' lang='lat' dir='ltr'>«Insuper</span> <span class='ocrx_word' id='word_1_96' title='bbox 357 1799 488 1860; x_wconf 88' lang='lat' dir='ltr'>sanetus</span> <span class='ocrx_word' id='word_1_97' title='bbox 515 1791 594 1861; x_wconf 87' lang='lat' dir='ltr'>Pius</span> <span class='ocrx_word' id='word_1_98' title='bbox 621 1791 666 1878; x_wconf 90' lang='lat' dir='ltr'>V,</span> <span class='ocrx_word' id='word_1_99' title='bbox 694 1791 923 1861; x_wconf 87' lang='lat' dir='ltr'>constitutione</span> <span class='ocrx_word' id='word_1_100' title='bbox 953 1793 1027 1878; x_wconf 75' lang='lat'>124,</span> <span class='ocrx_word' id='word_1_101' title='bbox 1060 1791 1235 1884; x_wconf 88' lang='lat' dir='ltr'>incipiente</span> 
     </span>
     <span class='ocr_line' id='line_1_14' title="bbox 95 1897 1236 1992; baseline 0.006 -30"><span class='ocrx_word' id='word_1_102' title='bbox 95 1923 114 1962; x_wconf 75' lang='lat' dir='ltr'>a</span> <span class='ocrx_word' id='word_1_103' title='bbox 137 1897 292 1966; x_wconf 79' lang='lat' dir='ltr'>Debitum</span> <span class='ocrx_word' id='word_1_104' title='bbox 303 1897 492 1991; x_wconf 70' lang='lat' dir='ltr'>pastorales,</span> <span class='ocrx_word' id='word_1_105' title='bbox 512 1899 668 1968; x_wconf 84' lang='lat' dir='ltr'>concessit</span> <span class='ocrx_word' id='word_1_106' title='bbox 681 1899 768 1992; x_wconf 85' lang='lat' dir='ltr'>quod</span> <span class='ocrx_word' id='word_1_107' title='bbox 783 1897 966 1991; x_wconf 85' lang='lat' dir='ltr'>superiores</span> <span class='ocrx_word' id='word_1_108' title='bbox 977 1899 1101 1968; x_wconf 86' lang='lat' dir='ltr'>ordinis</span> <span class='ocrx_word' id='word_1_109' title='bbox 1114 1900 1236 1992; x_wconf 75' lang='lat' dir='ltr'>preadi-</span> 
     </span>
     <span class='ocr_line' id='line_1_15' title="bbox 96 2005 1237 2099; baseline 0.004 -28"><span class='ocrx_word' id='word_1_110' title='bbox 96 2031 115 2070; x_wconf 84' lang='lat' dir='ltr'>u</span> <span class='ocrx_word' id='word_1_111' title='bbox 137 2011 297 2092; x_wconf 83' lang='lat' dir='ltr'>catorum,</span> <span class='ocrx_word' id='word_1_112' title='bbox 325 2017 357 2075; x_wconf 91' lang='lat' dir='ltr'>ct</span> <span class='ocrx_word' id='word_1_113' title='bbox 380 2013 612 2098; x_wconf 88' lang='lat' dir='ltr'>consequenter</span> <span class='ocrx_word' id='word_1_114' title='bbox 636 2005 731 2074; x_wconf 88' lang='lat' dir='ltr'>stiam</span> <span class='ocrx_word' id='word_1_115' title='bbox 754 2005 809 2074; x_wconf 87' lang='lat' dir='ltr'>alii</span> <span class='ocrx_word' id='word_1_116' title='bbox 825 2007 1097 2075; x_wconf 87' lang='lat' dir='ltr'>communicantes</span> <span class='ocrx_word' id='word_1_117' title='bbox 1112 2007 1149 2074; x_wconf 91' lang='lat' dir='ltr'>in</span> <span class='ocrx_word' id='word_1_118' title='bbox 1164 2008 1237 2099; x_wconf 91' lang='lat' dir='ltr'>pri-</span> 
     </span>
     <span class='ocr_line' id='line_1_16' title="bbox 96 2112 1235 2205; baseline 0.004 -28"><span class='ocrx_word' id='word_1_119' title='bbox 96 2137 115 2176; x_wconf 82' lang='lat' dir='ltr'>a</span> <span class='ocrx_word' id='word_1_120' title='bbox 139 2112 266 2202; x_wconf 78' lang='lat' dir='ltr'>vilegiis</span> <span class='ocrx_word' id='word_1_121' title='bbox 276 2134 351 2181; x_wconf 90' lang='lat' dir='ltr'>cum</span> <span class='ocrx_word' id='word_1_122' title='bbox 367 2113 450 2205; x_wconf 90' lang='lat' dir='ltr'>ipsis</span> <span class='ocrx_word' id='word_1_123' title='bbox 467 2163 521 2200; x_wconf 87' lang='lat'>...,</span> <span class='ocrx_word' id='word_1_124' title='bbox 535 2113 571 2180; x_wconf 92' lang='lat' dir='ltr'>iu</span> <span class='ocrx_word' id='word_1_125' title='bbox 587 2134 783 2204; x_wconf 86' lang='lat' dir='ltr'>unaquaque</span> <span class='ocrx_word' id='word_1_126' title='bbox 799 2113 967 2204; x_wconf 86' lang='lat' dir='ltr'>provincia</span> <span class='ocrx_word' id='word_1_127' title='bbox 982 2113 1105 2205; x_wconf 86' lang='lat' dir='ltr'>possint</span> <span class='ocrx_word' id='word_1_128' title='bbox 1116 2116 1235 2182; x_wconf 89' lang='lat' dir='ltr'>cousti-</span> 
     </span>
     <span class='ocr_line' id='line_1_17' title="bbox 95 2219 1236 2312; baseline 0.005 -29"><span class='ocrx_word' id='word_1_129' title='bbox 95 2243 114 2283; x_wconf 84' lang='lat' dir='ltr'>a</span> <span class='ocrx_word' id='word_1_130' title='bbox 137 2225 229 2288; x_wconf 90' lang='lat' dir='ltr'>tuere</span> <span class='ocrx_word' id='word_1_131' title='bbox 244 2220 344 2288; x_wconf 86' lang='lat' dir='ltr'>etiam</span> <span class='ocrx_word' id='word_1_132' title='bbox 359 2220 469 2312; x_wconf 86' lang='lat' dir='ltr'>plures</span> <span class='ocrx_word' id='word_1_133' title='bbox 492 2220 543 2288; x_wconf 91' lang='lat' dir='ltr'>sui</span> <span class='ocrx_word' id='word_1_134' title='bbox 559 2219 683 2288; x_wconf 91' lang='lat' dir='ltr'>ordinis</span> <span class='ocrx_word' id='word_1_135' title='bbox 697 2219 840 2303; x_wconf 79' lang='lat' dir='ltr'>Fratres,</span> <span class='ocrx_word' id='word_1_136' title='bbox 857 2221 898 2288; x_wconf 89' lang='lat' dir='ltr'>ab</span> <span class='ocrx_word' id='word_1_137' title='bbox 912 2221 958 2288; x_wconf 91' lang='lat' dir='ltr'>eis</span> <span class='ocrx_word' id='word_1_138' title='bbox 974 2223 1179 2312; x_wconf 85' lang='lat' dir='ltr'>approbatos,</span> <span class='ocrx_word' id='word_1_139' title='bbox 1201 2222 1236 2289; x_wconf 92' lang='lat' dir='ltr'>in</span> 
     </span>
     <span class='ocr_line' id='line_1_18' title="bbox 96 2325 1236 2420; baseline 0.007 -30"><span class='ocrx_word' id='word_1_140' title='bbox 96 2351 115 2390; x_wconf 75' lang='lat' dir='ltr'>a</span> <span class='ocrx_word' id='word_1_141' title='bbox 138 2326 282 2396; x_wconf 83' lang='lat' dir='ltr'>notarios</span> <span class='ocrx_word' id='word_1_142' title='bbox 297 2326 457 2418; x_wconf 89' lang='lat' dir='ltr'>publicos,</span> <span class='ocrx_word' id='word_1_143' title='bbox 476 2348 536 2418; x_wconf 87' lang='lat' dir='ltr'>pro</span> <span class='ocrx_word' id='word_1_144' title='bbox 551 2326 744 2394; x_wconf 76' lang='lat' dir='ltr'>intimandis</span> <span class='ocrx_word' id='word_1_145' title='bbox 757 2325 916 2395; x_wconf 90' lang='lat' dir='ltr'>mandatis</span> <span class='ocrx_word' id='word_1_146' title='bbox 928 2336 960 2395; x_wconf 87' lang='lat' dir='ltr'>et</span> <span class='ocrx_word' id='word_1_147' title='bbox 972 2328 1134 2418; x_wconf 80' lang='lat' dir='ltr'>rescriptis</span> <span class='ocrx_word' id='word_1_148' title='bbox 1146 2330 1236 2420; x_wconf 83' lang='lat' dir='ltr'>Apo-</span> 
     </span>
     <span class='ocr_line' id='line_1_19' title="bbox 96 2433 1233 2528; baseline 0.005 -31"><span class='ocrx_word' id='word_1_149' title='bbox 96 2458 116 2497; x_wconf 68' lang='grc' dir='ltr'>ι(</span> <span class='ocrx_word' id='word_1_150' title='bbox 137 2433 272 2520; x_wconf 77' lang='lat' dir='ltr'>stolicis,</span> <span class='ocrx_word' id='word_1_151' title='bbox 289 2433 445 2504; x_wconf 84' lang='lat' dir='ltr'>faciendis</span> <span class='ocrx_word' id='word_1_152' title='bbox 456 2434 679 2503; x_wconf 89' lang='lat' dir='ltr'>instrumentis</span> <span class='ocrx_word' id='word_1_153' title='bbox 691 2443 723 2502; x_wconf 88' lang='lat' dir='ltr'>et</span> <span class='ocrx_word' id='word_1_154' title='bbox 735 2433 994 2502; x_wconf 88' lang='lat' dir='ltr'>authentieandis</span> <span class='ocrx_word' id='word_1_155' title='bbox 1007 2437 1233 2528; x_wconf 86' lang='lat' dir='ltr'>transumptis,</span> 
     </span>
     <span class='ocr_line' id='line_1_20' title="bbox 95 2539 1236 2634; baseline 0.004 -27"><span class='ocrx_word' id='word_1_156' title='bbox 95 2565 115 2606; x_wconf 79' lang='lat' dir='ltr'>a</span> <span class='ocrx_word' id='word_1_157' title='bbox 138 2540 301 2631; x_wconf 87' lang='lat' dir='ltr'>publicam</span> <span class='ocrx_word' id='word_1_158' title='bbox 318 2541 370 2612; x_wconf 85' lang='lat' dir='ltr'>vel</span> <span class='ocrx_word' id='word_1_159' title='bbox 385 2543 545 2634; x_wconf 86' lang='lat' dir='ltr'>privatam</span> <span class='ocrx_word' id='word_1_160' title='bbox 575 2541 652 2609; x_wconf 89' lang='lat' dir='ltr'>dicti</span> <span class='ocrx_word' id='word_1_161' title='bbox 676 2540 800 2610; x_wconf 90' lang='lat' dir='ltr'>ordinis</span> <span class='ocrx_word' id='word_1_162' title='bbox 826 2539 996 2608; x_wconf 88' lang='lat' dir='ltr'>utilitatem</span> <span class='ocrx_word' id='word_1_163' title='bbox 1011 2544 1236 2611; x_wconf 88' lang='lat' dir='ltr'>concernenti-</span> 
     </span>
     <span class='ocr_line' id='line_1_21' title="bbox 96 2648 657 2740; baseline 0.011 -28"><span class='ocrx_word' id='word_1_164' title='bbox 96 2673 115 2712; x_wconf 77' lang='lat' dir='ltr'>a</span> <span class='ocrx_word' id='word_1_165' title='bbox 137 2648 211 2717; x_wconf 91' lang='lat' dir='ltr'>bus.</span> <span class='ocrx_word' id='word_1_166' title='bbox 229 2674 246 2714; x_wconf 80' lang='lat' dir='ltr'>a</span> <span class='ocrx_word' id='word_1_167' title='bbox 266 2649 435 2740; x_wconf 83' lang='lat' dir='ltr'>(Ferraria,</span> <span class='ocrx_word' id='word_1_168' title='bbox 448 2649 519 2718; x_wconf 88' lang='lat' dir='ltr'>leco</span> <span class='ocrx_word' id='word_1_169' title='bbox 533 2648 657 2738; x_wconf 86' lang='lat' dir='ltr'>citato.)</span> 
     </span>
    </p>

    <p class='ocr_par' dir='ltr' id='par_1_5' title="bbox 95 2754 1237 4345">
     <span class='ocr_line' id='line_1_22' title="bbox 142 2754 1230 2826; baseline 0.004 -4"><span class='ocrx_word' id='word_1_170' title='bbox 142 2781 159 2822; x_wconf 82' lang='lat' dir='ltr'>a</span> <span class='ocrx_word' id='word_1_171' title='bbox 173 2757 237 2826; x_wconf 88' lang='lat' dir='ltr'>Pro</span> <span class='ocrx_word' id='word_1_172' title='bbox 252 2757 374 2825; x_wconf 88' lang='lat' dir='ltr'>talibus</span> <span class='ocrx_word' id='word_1_173' title='bbox 387 2755 522 2824; x_wconf 62' lang='lat' dir='ltr'>noeriis</span> <span class='ocrx_word' id='word_1_174' title='bbox 535 2755 683 2825; x_wconf 89' lang='lat' dir='ltr'>creandis</span> <span class='ocrx_word' id='word_1_175' title='bbox 697 2756 794 2823; x_wconf 89' lang='lat' dir='ltr'>datur</span> <span class='ocrx_word' id='word_1_176' title='bbox 809 2755 862 2823; x_wconf 91' lang='lat' dir='ltr'>bie</span> <span class='ocrx_word' id='word_1_177' title='bbox 880 2754 995 2824; x_wconf 88' lang='lat' dir='ltr'>modus</span> <span class='ocrx_word' id='word_1_178' title='bbox 1008 2762 1040 2822; x_wconf 91' lang='lat' dir='ltr'>et</span> <span class='ocrx_word' id='word_1_179' title='bbox 1059 2755 1202 2826; x_wconf 87' lang='lat' dir='ltr'>formula</span> <span class='ocrx_word' id='word_1_180' title='bbox 1223 2785 1230 2826; x_wconf 94' lang='lat'>:</span> 
     </span>
     <span class='ocr_line' id='line_1_23' title="bbox 96 2860 1235 2953; baseline 0.004 -25"><span class='ocrx_word' id='word_1_181' title='bbox 96 2888 116 2928; x_wconf 82' lang='lat' dir='ltr'>c</span> <span class='ocrx_word' id='word_1_182' title='bbox 140 2863 263 2932; x_wconf 88' lang='lat' dir='ltr'>selectis</span> <span class='ocrx_word' id='word_1_183' title='bbox 277 2887 296 2931; x_wconf 88' lang='lat' dir='ltr'>a</span> <span class='ocrx_word' id='word_1_184' title='bbox 311 2863 453 2932; x_wconf 82' lang='lat' dir='ltr'>Praelato</span> <span class='ocrx_word' id='word_1_185' title='bbox 535 2862 673 2948; x_wconf 87' lang='lat' dir='ltr'>idoneis,</span> <span class='ocrx_word' id='word_1_186' title='bbox 689 2862 753 2953; x_wconf 89' lang='lat' dir='ltr'>ipsi</span> <span class='ocrx_word' id='word_1_187' title='bbox 766 2883 875 2931; x_wconf 89' lang='lat' dir='ltr'>coram</span> <span class='ocrx_word' id='word_1_188' title='bbox 889 2883 928 2931; x_wconf 91' lang='lat' dir='ltr'>eo</span> <span class='ocrx_word' id='word_1_189' title='bbox 943 2860 1120 2952; x_wconf 78' lang='lat' dir='ltr'>genuflexi,</span> <span class='ocrx_word' id='word_1_190' title='bbox 1141 2865 1235 2932; x_wconf 88' lang='lat' dir='ltr'>tactis</span> 
     </span>
     <span class='ocr_line' id='line_1_24' title="bbox 97 2968 1235 3061; baseline 0.002 -25"><span class='ocrx_word' id='word_1_191' title='bbox 97 2997 116 3036; x_wconf 85' lang='lat' dir='ltr'>u</span> <span class='ocrx_word' id='word_1_192' title='bbox 139 2971 239 3038; x_wconf 84' lang='lat' dir='ltr'>saeris</span> <span class='ocrx_word' id='word_1_193' title='bbox 253 2970 430 3061; x_wconf 81' lang='lat' dir='ltr'>evangeliis</span> <span class='ocrx_word' id='word_1_194' title='bbox 454 2991 564 3039; x_wconf 86' lang='lat' dir='ltr'>coram</span> <span class='ocrx_word' id='word_1_195' title='bbox 590 2969 719 3038; x_wconf 87' lang='lat' dir='ltr'>duobus</span> <span class='ocrx_word' id='word_1_196' title='bbox 740 2968 792 3037; x_wconf 88' lang='lat' dir='ltr'>vel</span> <span class='ocrx_word' id='word_1_197' title='bbox 819 2969 922 3036; x_wconf 90' lang='lat' dir='ltr'>tribus</span> <span class='ocrx_word' id='word_1_198' title='bbox 945 2969 1092 3056; x_wconf 89' lang='lat' dir='ltr'>testibus,</span> <span class='ocrx_word' id='word_1_199' title='bbox 1117 2969 1235 3038; x_wconf 83' lang='lat' dir='ltr'>debent</span> 
     </span>
     <span class='ocr_line' id='line_1_25' title="bbox 97 3074 1235 3168; baseline 0.004 -27"><span class='ocrx_word' id='word_1_200' title='bbox 97 3102 116 3142; x_wconf 79' lang='lat' dir='ltr'>a</span> <span class='ocrx_word' id='word_1_201' title='bbox 136 3077 358 3166; x_wconf 89' lang='lat' dir='ltr'>juramentum</span> <span class='ocrx_word' id='word_1_202' title='bbox 381 3084 549 3168; x_wconf 76' lang='lat' dir='ltr'>praestare,</span> <span class='ocrx_word' id='word_1_203' title='bbox 576 3076 615 3144; x_wconf 86' lang='lat' dir='ltr'>de</span> <span class='ocrx_word' id='word_1_204' title='bbox 637 3075 774 3144; x_wconf 87' lang='lat' dir='ltr'>fideliter</span> <span class='ocrx_word' id='word_1_205' title='bbox 795 3081 827 3142; x_wconf 87' lang='lat' dir='ltr'>et</span> <span class='ocrx_word' id='word_1_206' title='bbox 847 3095 922 3143; x_wconf 89' lang='lat' dir='ltr'>cum</span> <span class='ocrx_word' id='word_1_207' title='bbox 942 3074 1032 3142; x_wconf 90' lang='lat' dir='ltr'>omni</span> <span class='ocrx_word' id='word_1_208' title='bbox 1051 3076 1235 3165; x_wconf 83' lang='lat' dir='ltr'>integritate</span> 
     </span>
     <span class='ocr_line' id='line_1_26' title="bbox 96 3181 1233 3273; baseline 0.001 -23"><span class='ocrx_word' id='word_1_209' title='bbox 96 3211 115 3250; x_wconf 81' lang='lat' dir='ltr'>u</span> <span class='ocrx_word' id='word_1_210' title='bbox 139 3183 341 3252; x_wconf 87' lang='lat' dir='ltr'>dictoofficin</span> <span class='ocrx_word' id='word_1_211' title='bbox 351 3182 544 3270; x_wconf 86' lang='lat' dir='ltr'>exercendo,</span> <span class='ocrx_word' id='word_1_212' title='bbox 561 3192 598 3251; x_wconf 94' lang='lat' dir='ltr'>nt</span> <span class='ocrx_word' id='word_1_213' title='bbox 611 3181 696 3250; x_wconf 83' lang='lat' dir='ltr'>inira</span> <span class='ocrx_word' id='word_1_214' title='bbox 710 3208 717 3249; x_wconf 92' lang='lat'><strong>:</strong></span> <span class='ocrx_word' id='word_1_215' title='bbox 730 3184 802 3272; x_wconf 76' lang='lat' dir='ltr'>Epo</span> <span class='ocrx_word' id='word_1_216' title='bbox 811 3184 854 3253; x_wconf 88' lang='lat' dir='ltr'>N.</span> <span class='ocrx_word' id='word_1_217' title='bbox 863 3181 1023 3273; x_wconf 83' lang='lat' dir='ltr'>promitto</span> <span class='ocrx_word' id='word_1_218' title='bbox 1036 3195 1067 3250; x_wconf 89' lang='lat' dir='ltr'>et</span> <span class='ocrx_word' id='word_1_219' title='bbox 1073 3182 1156 3272; x_wconf 86' lang='lat' dir='ltr'>juro</span> <span class='ocrx_word' id='word_1_220' title='bbox 1168 3187 1233 3251; x_wconf 84' lang='lat' dir='ltr'>Deo</span> 
     </span>
     <span class='ocr_line' id='line_1_27' title="bbox 97 3289 1233 3382; baseline 0.001 -25"><span class='ocrx_word' id='word_1_221' title='bbox 97 3319 117 3356; x_wconf 78' lang='lat' dir='ltr'>a</span> <span class='ocrx_word' id='word_1_222' title='bbox 140 3291 356 3382; x_wconf 74' lang='lat' dir='ltr'>omnipotenti</span> <span class='ocrx_word' id='word_1_223' title='bbox 361 3316 375 3373; x_wconf 91' lang='lat'><em>;</em></span> <span class='ocrx_word' id='word_1_224' title='bbox 387 3303 418 3360; x_wconf 88' lang='lat' dir='ltr'>et</span> <span class='ocrx_word' id='word_1_225' title='bbox 429 3293 494 3360; x_wconf 88' lang='lat' dir='ltr'>SS.</span> <span class='ocrx_word' id='word_1_226' title='bbox 511 3295 551 3360; x_wconf 83' lang='lat' dir='ltr'>D.</span> <span class='ocrx_word' id='word_1_227' title='bbox 562 3293 606 3362; x_wconf 88' lang='grc' dir='ltr'>Ν.</span> <span class='ocrx_word' id='word_1_228' title='bbox 616 3293 718 3382; x_wconf 78' lang='lat' dir='ltr'>Pepe</span> <span class='ocrx_word' id='word_1_229' title='bbox 727 3291 785 3371; x_wconf 89' lang='grc' dir='ltr'>Ν.,</span> <span class='ocrx_word' id='word_1_230' title='bbox 800 3301 831 3357; x_wconf 88' lang='lat' dir='ltr'>et</span> <span class='ocrx_word' id='word_1_231' title='bbox 839 3289 900 3358; x_wconf 82' lang='lat' dir='ltr'>tibi</span> <span class='ocrx_word' id='word_1_232' title='bbox 909 3290 1014 3370; x_wconf 86' lang='lat' dir='ltr'>Petri,</span> <span class='ocrx_word' id='word_1_233' title='bbox 1026 3289 1117 3380; x_wconf 83' lang='lat' dir='ltr'>quod</span> <span class='ocrx_word' id='word_1_234' title='bbox 1123 3312 1233 3358; x_wconf 86' lang='lat' dir='ltr'>meum</span> 
     </span>
     <span class='ocr_line' id='line_1_28' title="bbox 95 3395 1231 3490; baseline 0.001 -26"><span class='ocrx_word' id='word_1_235' title='bbox 95 3426 116 3464; x_wconf 76' lang='lat' dir='ltr'>a</span> <span class='ocrx_word' id='word_1_236' title='bbox 134 3397 277 3490; x_wconf 78' lang='lat' dir='ltr'>fideliter</span> <span class='ocrx_word' id='word_1_237' title='bbox 289 3397 438 3467; x_wconf 75' lang='lat' dir='ltr'>exercebo</span> <span class='ocrx_word' id='word_1_238' title='bbox 467 3397 613 3488; x_wconf 78' lang='lat' dir='ltr'>officium</span> <span class='ocrx_word' id='word_1_239' title='bbox 628 3396 664 3464; x_wconf 87' lang='lat' dir='ltr'>iu</span> <span class='ocrx_word' id='word_1_240' title='bbox 678 3395 827 3465; x_wconf 83' lang='lat' dir='ltr'>omuibus</span> <span class='ocrx_word' id='word_1_241' title='bbox 842 3408 873 3464; x_wconf 88' lang='lat' dir='ltr'>et</span> <span class='ocrx_word' id='word_1_242' title='bbox 885 3417 946 3488; x_wconf 85' lang='lat' dir='ltr'>per</span> <span class='ocrx_word' id='word_1_243' title='bbox 960 3395 1084 3464; x_wconf 84' lang='lat' dir='ltr'>omnia.</span> <span class='ocrx_word' id='word_1_244' title='bbox 1104 3397 1160 3464; x_wconf 88' lang='lat' dir='ltr'>Sic</span> <span class='ocrx_word' id='word_1_245' title='bbox 1179 3420 1231 3465; x_wconf 88' lang='lat' dir='ltr'>me</span> 
     </span>
     <span class='ocr_line' id='line_1_29' title="bbox 96 3502 1231 3595; baseline 0.001 -24"><span class='ocrx_word' id='word_1_246' title='bbox 96 3533 117 3571; x_wconf 82' lang='lat' dir='ltr'>a</span> <span class='ocrx_word' id='word_1_247' title='bbox 142 3509 228 3573; x_wconf 76' lang='lat' dir='ltr'>lietu</span> <span class='ocrx_word' id='word_1_248' title='bbox 240 3505 388 3595; x_wconf 84' lang='lat' dir='ltr'>adjuvet,</span> <span class='ocrx_word' id='word_1_249' title='bbox 406 3516 438 3572; x_wconf 90' lang='lat' dir='ltr'>et</span> <span class='ocrx_word' id='word_1_250' title='bbox 452 3504 520 3572; x_wconf 76' lang='lat' dir='ltr'>due</span> <span class='ocrx_word' id='word_1_251' title='bbox 533 3515 648 3572; x_wconf 83' lang='lat' dir='ltr'>sanctu</span> <span class='ocrx_word' id='word_1_252' title='bbox 662 3505 724 3572; x_wconf 87' lang='lat' dir='ltr'>Dei</span> <span class='ocrx_word' id='word_1_253' title='bbox 737 3502 917 3594; x_wconf 77' lang='lat' dir='ltr'>euenpeliu.</span> <span class='ocrx_word' id='word_1_254' title='bbox 935 3502 1095 3571; x_wconf 81' lang='lat' dir='ltr'>Praelatus</span> <span class='ocrx_word' id='word_1_255' title='bbox 1110 3512 1231 3592; x_wconf 88' lang='lat' dir='ltr'>autem,</span> 
     </span>
     <span class='ocr_line' id='line_1_30' title="bbox 95 3608 1232 3704; baseline 0.002 -26"><span class='ocrx_word' id='word_1_256' title='bbox 95 3637 117 3678; x_wconf 75' lang='lat' dir='ltr'>u</span> <span class='ocrx_word' id='word_1_257' title='bbox 140 3619 266 3704; x_wconf 87' lang='lat' dir='ltr'>recepte</span> <span class='ocrx_word' id='word_1_258' title='bbox 280 3636 299 3681; x_wconf 90' lang='lat' dir='ltr'>a</span> <span class='ocrx_word' id='word_1_259' title='bbox 314 3612 441 3680; x_wconf 89' lang='lat' dir='ltr'>notario</span> <span class='ocrx_word' id='word_1_260' title='bbox 466 3611 522 3680; x_wconf 90' lang='lat' dir='ltr'>tali</span> <span class='ocrx_word' id='word_1_261' title='bbox 532 3611 731 3702; x_wconf 86' lang='lat' dir='ltr'>juramento,</span> <span class='ocrx_word' id='word_1_262' title='bbox 746 3610 845 3678; x_wconf 88' lang='lat' dir='ltr'>tradit</span> <span class='ocrx_word' id='word_1_263' title='bbox 870 3609 899 3676; x_wconf 93' lang='lat' dir='ltr'>ei</span> <span class='ocrx_word' id='word_1_264' title='bbox 924 3608 1083 3677; x_wconf 71' lang='lat' dir='ltr'>calamm</span> <span class='ocrx_word' id='word_1_265' title='bbox 1100 3619 1132 3678; x_wconf 89' lang='lat' dir='ltr'>et</span> <span class='ocrx_word' id='word_1_266' title='bbox 1145 3623 1232 3680; x_wconf 87' lang='lat' dir='ltr'>atra-</span> 
     </span>
     <span class='ocr_line' id='line_1_31' title="bbox 95 3715 1236 3810; baseline 0.001 -23"><span class='ocrx_word' id='word_1_267' title='bbox 95 3747 117 3787; x_wconf 79' lang='lat' dir='ltr'>e</span> <span class='ocrx_word' id='word_1_268' title='bbox 141 3729 286 3788; x_wconf 90' lang='lat' dir='ltr'>mentum</span> <span class='ocrx_word' id='word_1_269' title='bbox 301 3719 410 3788; x_wconf 89' lang='lat' dir='ltr'>dicens</span> <span class='ocrx_word' id='word_1_270' title='bbox 428 3745 436 3786; x_wconf 78' lang='lat' dir='ltr'>t</span> <span class='ocrx_word' id='word_1_271' title='bbox 453 3719 567 3810; x_wconf 85' lang='lat' dir='ltr'>Accipe</span> <span class='ocrx_word' id='word_1_272' title='bbox 573 3730 771 3808; x_wconf 85' lang='lat' dir='ltr'>potestatem</span> <span class='ocrx_word' id='word_1_273' title='bbox 792 3715 985 3808; x_wconf 71' lang='lat' dir='ltr'>notificandi</span> <span class='ocrx_word' id='word_1_274' title='bbox 1003 3729 1035 3784; x_wconf 86' lang='lat' dir='ltr'>et</span> <span class='ocrx_word' id='word_1_275' title='bbox 1055 3717 1236 3788; x_wconf 82' lang='lat' dir='ltr'>intimandi</span> 
     </span>
     <span class='ocr_line' id='line_1_32' title="bbox 95 3823 1233 3919; baseline 0 -25"><span class='ocrx_word' id='word_1_276' title='bbox 95 3855 117 3894; x_wconf 83' lang='lat' dir='ltr'>u</span> <span class='ocrx_word' id='word_1_277' title='bbox 137 3850 200 3919; x_wconf 79' lang='lat' dir='ltr'>pro</span> <span class='ocrx_word' id='word_1_278' title='bbox 222 3829 287 3896; x_wconf 82' lang='lat' dir='ltr'>iste</span> <span class='ocrx_word' id='word_1_279' title='bbox 307 3827 482 3919; x_wconf 83' lang='lat' dir='ltr'>provincie</span> <span class='ocrx_word' id='word_1_280' title='bbox 508 3825 763 3918; x_wconf 69' lang='lat' dir='ltr'>quibuscumque</span> <span class='ocrx_word' id='word_1_281' title='bbox 778 3824 938 3914; x_wconf 62' lang='lat' dir='ltr'>persone,</span> <span class='ocrx_word' id='word_1_282' title='bbox 966 3823 1067 3891; x_wconf 86' lang='lat' dir='ltr'>etium</span> <span class='ocrx_word' id='word_1_283' title='bbox 1093 3825 1233 3916; x_wconf 78' lang='lat' dir='ltr'>rapidus,</span> 
     </span>
     <span class='ocr_line' id='line_1_33' title="bbox 95 3929 1233 4023; baseline 0.002 -24"><span class='ocrx_word' id='word_1_284' title='bbox 95 3959 117 3998; x_wconf 81' lang='lat' dir='ltr'>e</span> <span class='ocrx_word' id='word_1_285' title='bbox 140 3931 312 4013; x_wconf 85' lang='lat' dir='ltr'>mandate,</span> <span class='ocrx_word' id='word_1_286' title='bbox 330 3931 474 4014; x_wconf 82' lang='lat' dir='ltr'>indulta,</span> <span class='ocrx_word' id='word_1_287' title='bbox 493 3954 532 4000; x_wconf 88' lang='lat' dir='ltr'>ee</span> <span class='ocrx_word' id='word_1_288' title='bbox 542 3929 718 4023; x_wconf 72' lang='lat' dir='ltr'>privilepio</span> <span class='ocrx_word' id='word_1_289' title='bbox 733 3929 929 4020; x_wconf 77' lang='lat' dir='ltr'>Apostolica,</span> <span class='ocrx_word' id='word_1_290' title='bbox 940 3931 1047 4019; x_wconf 78' lang='lat' dir='ltr'>jueta</span> <span class='ocrx_word' id='word_1_291' title='bbox 1056 3931 1233 4023; x_wconf 77' lang='lat' dir='ltr'>priuilepia</span> 
     </span>
     <span class='ocr_line' id='line_1_34' title="bbox 97 4037 1231 4131; baseline 0.003 -24"><span class='ocrx_word' id='word_1_292' title='bbox 97 4067 117 4107; x_wconf 80' lang='lat' dir='ltr'>u</span> <span class='ocrx_word' id='word_1_293' title='bbox 140 4039 250 4108; x_wconf 85' lang='lat' dir='ltr'>ordini</span> <span class='ocrx_word' id='word_1_294' title='bbox 270 4062 427 4120; x_wconf 83' lang='lat' dir='ltr'>concesse,</span> <span class='ocrx_word' id='word_1_295' title='bbox 447 4038 652 4131; x_wconf 70' lang='lat' dir='ltr'>summotique</span> <span class='ocrx_word' id='word_1_296' title='bbox 673 4037 819 4129; x_wconf 82' lang='lat' dir='ltr'>publicos</span> <span class='ocrx_word' id='word_1_297' title='bbox 843 4049 934 4105; x_wconf 80' lang='lat' dir='ltr'>uetus</span> <span class='ocrx_word' id='word_1_298' title='bbox 955 4049 987 4105; x_wconf 91' lang='lat' dir='ltr'>et</span> <span class='ocrx_word' id='word_1_299' title='bbox 1001 4037 1231 4110; x_wconf 83' lang='lat' dir='ltr'>iustrumenta.</span> 
     </span>
     <span class='ocr_line' id='line_1_35' title="bbox 96 4145 1236 4237; baseline 0.001 -23"><span class='ocrx_word' id='word_1_300' title='bbox 96 4173 117 4214; x_wconf 77' lang='lat' dir='ltr'>a</span> <span class='ocrx_word' id='word_1_301' title='bbox 140 4150 179 4216; x_wconf 86' lang='lat' dir='ltr'>lu</span> <span class='ocrx_word' id='word_1_302' title='bbox 192 4147 322 4216; x_wconf 83' lang='lat' dir='ltr'>nomine</span> <span class='ocrx_word' id='word_1_303' title='bbox 343 4147 466 4229; x_wconf 86' lang='lat' dir='ltr'>Petris,</span> <span class='ocrx_word' id='word_1_304' title='bbox 490 4159 521 4216; x_wconf 87' lang='lat' dir='ltr'>et</span> <span class='ocrx_word' id='word_1_305' title='bbox 535 4146 625 4228; x_wconf 83' lang='lat' dir='ltr'>Filii,</span> <span class='ocrx_word' id='word_1_306' title='bbox 650 4158 681 4213; x_wconf 88' lang='lat' dir='ltr'>et</span> <span class='ocrx_word' id='word_1_307' title='bbox 694 4145 841 4237; x_wconf 82' lang='lat' dir='ltr'>Spiritus</span> <span class='ocrx_word' id='word_1_308' title='bbox 854 4145 980 4226; x_wconf 79' lang='lat' dir='ltr'>Sancti,</span> <span class='ocrx_word' id='word_1_309' title='bbox 998 4167 1106 4214; x_wconf 84' lang='lat' dir='ltr'>amen.</span> <span class='ocrx_word' id='word_1_310' title='bbox 1128 4147 1236 4216; x_wconf 85' lang='lat' dir='ltr'>Testi-</span> 
     </span>
     <span class='ocr_line' id='line_1_36' title="bbox 99 4251 1237 4345; baseline 0.007 -24"><span class='ocrx_word' id='word_1_311' title='bbox 99 4279 119 4321; x_wconf 75' lang='grc' dir='ltr'><em>α</em></span> <span class='ocrx_word' id='word_1_312' title='bbox 142 4253 299 4324; x_wconf 89' lang='lat' dir='ltr'>moniales</span> <span class='ocrx_word' id='word_1_313' title='bbox 311 4265 421 4345; x_wconf 88' lang='lat' dir='ltr'>postea</span> <span class='ocrx_word' id='word_1_314' title='bbox 433 4254 604 4324; x_wconf 88' lang='lat' dir='ltr'>creationis</span> <span class='ocrx_word' id='word_1_315' title='bbox 618 4253 653 4320; x_wconf 92' lang='lat' dir='ltr'>in</span> <span class='ocrx_word' id='word_1_316' title='bbox 667 4251 830 4322; x_wconf 90' lang='lat' dir='ltr'>notarium</span> <span class='ocrx_word' id='word_1_317' title='bbox 852 4259 1005 4342; x_wconf 90' lang='lat' dir='ltr'>poterunt</span> <span class='ocrx_word' id='word_1_318' title='bbox 1018 4251 1090 4321; x_wconf 87' lang='lat' dir='ltr'>dari</span> <span class='ocrx_word' id='word_1_319' title='bbox 1109 4254 1171 4324; x_wconf 87' lang='lat' dir='ltr'>aab</span> <span class='ocrx_word' id='word_1_320' title='bbox 1187 4255 1237 4328; x_wconf 81' lang='lat' dir='ltr'>his</span> 
     </span>
    </p>
   </div>
   <div class='ocr_carea' id='block_1_3' title="bbox 0 0 1521 4980">
    <p class='ocr_par' dir='ltr' id='par_1_6' title="bbox 0 0 1521 4980">
     <span class='ocr_line' id='line_1_37' title="bbox 0 0 1521 4980; baseline 0 0"><span class='ocrx_word' id='word_1_321' title='bbox 0 0 1521 4980; x_wconf 95' lang='lat' dir='ltr'> </span> 
     </span>
    </p>
   </div>
  </div>
 </body>
</html>
