3056 4972
275 456 336 521 tst
651 475 828 522 rnrcrarus
851 475 889 520 na
911 475 1044 522 inurens.

271 595 369 682 lator3
389 594 475 664 unde
494 596 521 662 si
542 594 587 664 ita
601 594 679 664 velit
694 595 794 686 Papa,
811 595 1008 664 tenebuntur
1022 602 1129 686 partes
1154 615 1260 686 perse
1280 594 1365 686 ipsas
1379 593 1418 663 in

268 703 391 796 judicio
406 711 501 772 stare.
513 702 603 770 Idem
618 702 746 770 eruitur
760 725 802 770 ex
819 703 921 794 capite
934 703 1024 771 luris
1038 705 1069 788 1,
1082 701 1166 770 tituli
1180 701 1220 770 dc
1231 701 1367 771 Iudiciis
1381 707 1417 788 1,

271 812 346 880 libri
362 815 394 897 2,
411 812 446 878 in
469 815 503 896 t;
523 811 557 878 in
573 833 638 902 quo
655 810 699 877 sic
715 810 901 879 decernitur
919 838 927 877 :
943 811 1032 878 loris
1055 833 1119 878 csse
1141 810 1333 901 ombipunm
1351 834 1423 878 non

270 919 409 1000 videtur,
420 917 570 1010 jndicem
586 916 772 1009 delepatom
790 917 860 1010 (qni
872 941 893 984 a
918 916 1002 986 Sede
1016 917 1199 1009 Apostolica
1219 916 1420 985 mandatam

271 1026 317 1094 ad
330 1027 389 1093 doc
402 1049 466 1092 non
482 1024 635 1116 receperit
650 1025 796 1116 speciale)
811 1025 928 1115 jubere
943 1047 1008 1092 non
1019 1047 1113 1116 posse
1123 1023 1320 1091 alterutram
1332 1048 1420 1115 por-

273 1135 357 1200 tium
368 1155 480 1201 coram
489 1155 522 1200 sc
530 1132 748 1224 personaliter
758 1131 930 1224 injudicio
943 1154 1130 1223 comparere
1141 1158 1151 1197 :
1161 1131 1224 1199 nisi
1234 1154 1332 1199 conso
1341 1133 1421 1224 sne·

271 1241 316 1310 rit
331 1240 523 1322 criminalis,
540 1241 592 1308 vel
602 1240 666 1308 nisi
673 1263 739 1331 pro
756 1241 894 1308 ueritate
915 1239 1063 1322 dicendo,
1081 1241 1133 1308 uel
1139 1263 1204 1332 pro
1218 1241 1420 1331 juramento

271 1347 444 1416 calumnia
464 1347 627 1440 faciendo,
645 1347 697 1415 uel
717 1347 787 1416 alia
810 1348 902 1439 juris
924 1348 1104 1428 necessitas,
1117 1359 1234 1440 portes
1252 1369 1363 1414 coram
1378 1370 1419 1414 eo

271 1456 412 1546 caeperit
422 1455 638 1546 personaliter
644 1456 853 1545 presentari.
872 1455 957 1524 Dum
974 1454 1020 1522 ibi
1035 1454 1154 1523 dicitur
1167 1454 1309 1546 judicem
1325 1453 1420 1522 dele-

270 1571 383 1652 gatum
402 1585 468 1630 non
485 1584 577 1653 posse
595 1570 702 1653 partes
722 1584 837 1649 cogere
856 1561 895 1630 ad
920 1561 1132 1654 personaliter
1145 1560 1417 1652 comparendum,

270 1671 334 1740 nisi
359 1669 400 1737 ad
425 1669 456 1736 id
484 1669 621 1760 speciale
651 1669 847 1737 mandatam
876 1693 896 1735 o
924 1668 1008 1737 Sede
1031 1669 1217 1760 Apostolico
1241 1669 1416 1761 acceperit,

271 1777 502 1869 aequivalenter
520 1777 703 1846 declaratur
716 1777 749 1845 id
771 1799 865 1870 posse
888 1777 1038 1846 eumdem
1061 1776 1204 1868 judicem
1229 1775 1418 1867 delegatum

270 1907 345 1954 cum
360 1883 513 1975 predicto
529 1885 657 1974 speciali
675 1883 837 1952 mandato.
855 1883 891 1952 Si
906 1893 1016 1952 autem
1038 1883 1138 1952 Sedes
1155 1884 1339 1974 Apostolica
1352 1907 1418 1976 po-

270 2001 331 2060 test
344 1991 428 2060 hanc
443 1992 627 2060 facultatem
641 1991 744 2082 judici
761 1991 908 2082 delegato
923 1991 1078 2078 tribuere,
1093 1992 1251 2062 sfortiori
1267 1992 1417 2060 eamdem

271 2107 459 2190 potestatem
485 2107 516 2166 et
535 2099 606 2189 ipsa
631 2097 739 2166 habet.
766 2099 854 2189 Papa
878 2120 956 2187 ergo
979 2121 1108 2189 semper
1133 2107 1249 2190 potest,
1271 2099 1299 2165 si
1323 2099 1416 2186 velit,
1519 2159 1520 2188 ζ

271 2219 379 2297 partes
393 2203 434 2272 ad
454 2205 665 2296 personaliter
679 2203 934 2296 comparendum
953 2227 1079 2294 cogere.
1519 2273 1520 2300 1

316 2314 445 2382 Rasum
472 2317 518 2379 2³.
537 2351 581 2363 —
601 2313 718 2381 Gestari
746 2320 866 2403 praeter
890 2313 1074 2404 Principem
1097 2312 1225 2404 judices
1248 2337 1313 2381 non
1340 2337 1418 2406 pos·
1519 2303 1520 2326 ¹

272 2428 348 2488 sunt
372 2419 579 2510 regulariter,
596 2417 651 2486 sed
673 2428 799 2486 matum
821 2419 855 2486 in
877 2419 973 2487 certis
993 2419 1133 2504 casibus,
1150 2429 1257 2511 partes
1279 2421 1319 2486 ad
1343 2443 1417 2511 per-

271 2527 424 2596 sonaliter
442 2525 696 2616 rumperendum
719 2547 845 2614 cogere.
863 2525 1024 2594 Probatur
1045 2549 1086 2593 ex
1109 2526 1205 2595 inodo
1225 2529 1419 2618 transcripta

271 2635 423 2704 decretali
444 2633 544 2701 lares.
565 2633 646 2700 Nam
663 2631 707 2698 ibi
724 2631 764 2699 de
786 2630 895 2722 judice
919 2655 938 2699 a
960 2631 1043 2699 Sede
1060 2634 1245 2724 Apostolica
1270 2633 1419 2724 delegato
1518 2715 1519 2732 χ

272 2741 470 2824 decernitur,
496 2761 571 2806 enm
598 2761 661 2804 non
689 2761 781 2830 posse
806 2739 1011 2830 personalem
1036 2741 1178 2830 partium
1210 2742 1419 2832 praesentiam

272 2849 414 2938 exigere,
427 2846 489 2913 nisi
505 2846 538 2913 in
553 2845 680 2913 casibus
696 2845 815 2913 ibidem
832 2845 994 2913 indicatis.
1012 2846 1105 2928 Quot
1121 2855 1228 2915 autem
1245 2846 1366 2915 dicitnr
1378 2847 1420 2916 de
1518 2835 1519 2865 ¹

267 2955 377 3046 judice
390 2954 536 3043 delegato
552 2951 729 3044 pontificio,
745 2954 867 3043 pariter
879 2963 910 3018 et
924 2977 943 3019 a
959 2951 1084 3022 fortiori
1100 2953 1348 3044 intelligendum
1371 2967 1421 3023 est

272 3063 312 3128 de
326 3063 452 3128 caeteris
465 3058 643 3151 jndicibus.
662 3058 738 3126 Ideo
761 3059 846 3126 enim
870 3081 1021 3151 expresse
1038 3083 1143 3127 sermo
1161 3063 1197 3126 lit
1216 3063 1255 3127 de
1272 3061 1420 3150 delegato
1517 3145 1518 3152 ἵ

273 3169 454 3260 pontificio,
471 3165 602 3258 quiade
619 3165 674 3234 illo
690 3188 742 3233 res
764 3165 867 3255 tnagis
886 3174 1011 3257 poterat
1033 3167 1066 3233 in
1091 3167 1227 3234 dubium
1253 3170 1400 3236 revocari
1408 3197 1417 3256 ;
1517 3241 1518 3271 1

272 3299 346 3344 cum
361 3274 457 3366 objici
474 3280 579 3363 posset
595 3271 733 3362 delegati
756 3271 914 3364 pontificii
934 3281 1122 3364 potestatem
1146 3273 1290 3342 eamdem
1312 3277 1419 3342 videri

272 3407 309 3452 ae
325 3381 492 3472 ipsiusmet
509 3381 618 3471 Papae.
637 3379 722 3446 Dum
741 3402 819 3468 ergo
833 3379 928 3447 etiam
943 3380 1016 3447 talis
1027 3379 1130 3470 judex
1146 3380 1328 3450 declaratur
1344 3383 1422 3450 des-

272 3491 388 3558 titutus
410 3494 564 3577 potestate
583 3485 719 3575 cogendi
735 3485 897 3576 litigantes
912 3485 953 3553 ad
973 3487 1175 3578 personalem
1195 3490 1420 3580 praesentiam,
1516 3539 1517 3558 t

273 3595 426 3687 implicite
440 3602 472 3660 et
487 3617 507 3660 a
522 3592 647 3661 fortiori
671 3591 757 3661 idem
779 3593 818 3661 de
844 3593 969 3660 caeteris
988 3593 1155 3683 judicibus
1175 3599 1372 3687 supponitur
1388 3606 1423 3664 et

273 3701 435 3770 statuitur.
454 3701 562 3790 Atque
583 3699 627 3766 ita
648 3700 865 3768 communiter
883 3710 1026 3790 arguunt
1050 3703 1237 3770 canonistas.
1257 3701 1424 3771 Praeterea

272 3816 376 3901 potest
389 3807 502 3876 eadem
517 3805 681 3874 conclusio
704 3807 828 3874 firmari
847 3831 887 3876 ex
908 3808 1012 3896 capite
1030 3808 1205 3891 Querelam
1221 3813 1254 3896 2,
1273 3809 1359 3877 tituli
1376 3815 1418 3877 28

272 3918 312 3985 de
325 3914 608 3994 procuratorias,
626 3913 704 3981 libri
723 3917 736 3980 1
755 3915 972 3982 Decretalium
986 3944 993 3994 ;
1007 3916 1042 3983 ia
1063 3939 1129 4008 quo
1142 3916 1187 3984 sic
1202 3915 1391 3985 decernitur
1411 3944 1419 3984 :
1515 3933 1516 3996 ᾗ

275 4023 448 4107 Qrccrelom
461 4023 527 4089 A...
544 4019 651 4088 clerici
673 4021 855 4112 accepimns
873 4048 883 4088 :
898 4022 1098 4091 mandamus
1112 4036 1271 4114 quotenus
1284 4024 1314 4092 si
1328 4025 1420 4093 codis
1515 4007 1516 4087 l

270 4128 450 4198 constiterit
465 4126 555 4219 quod
572 4126 765 4214 Viporieasis
785 4127 967 4220 Episcopus
982 4131 1164 4220 prefatum
1187 4132 1253 4197 A...
1272 4130 1308 4198 in
1324 4133 1422 4198 resti·

271 4236 396 4306 tutione
411 4255 628 4325 coperuerunt
638 4255 701 4323 pro
713 4233 805 4301 ncilla
820 4235 889 4302 alia
903 4235 1098 4304 rationabili
1109 4260 1207 4305 caroso
1220 4237 1423 4308 condemna·
1514 4265 1515 4270 ¹
