3030 4980
543 525 617 570 raas
641 523 786 570 arcuum.
1171 505 1232 567 515

136 649 166 712 6.
192 643 238 711 De
259 643 523 734 procuratoribus
552 654 583 712 et
607 644 772 712 advocatis
798 643 930 712 relative
953 643 993 710 ad
1021 644 1233 735 episcopalem

88 752 227 838 curiam,
248 771 313 817 non
338 758 386 817 est
406 772 465 818 cur
487 749 540 818 hie
566 773 749 818 sermonem
773 751 977 836 reducamus,
1000 773 1075 818 cum
1097 751 1173 817 satis
1194 773 1231 818 ea

89 859 177 927 notio
192 857 254 926 sub
270 857 376 949 prima
393 863 546 926 tractatus
561 865 651 950 parte
667 857 765 926 fuerit
778 859 934 950 exposita.

523 1107 667 1178 CAPUT
690 1105 795 1177 xvu.

346 1303 385 1348 nn
407 1302 527 1349 auarus
550 1302 751 1349 urorcnamns
773 1279 972 1370 (Habuerat.

131 1487 300 1556 Vocantur
335 1487 431 1555 etiam
467 1486 604 1578 pedelli‚
637 1508 808 1571 cursores,
840 1487 1001 1572 matures,
1032 1487 1232 1578 apparitores

86 1599 118 1660 et
133 1593 300 1660 nonnullis
314 1593 386 1661 aliis
399 1615 460 1685 pro
475 1595 652 1683 regionum
667 1593 900 1661 consuetudine
916 1593 1117 1661 nominibus.
1136 1595 1180 1661 At
1196 1616 1232 1661 ea

86 1699 198 1766 omnia
223 1699 359 1768 nomina
383 1698 512 1792 injure
536 1699 622 1767 idem
644 1700 843 1789 significant,
870 1699 916 1767 ait
944 1698 1235 1789 Schmalzgrueber

90 1805 141 1894 (ad
157 1805 288 1874 titulum
305 1809 319 1872 1
339 1805 379 1874 de
401 1805 548 1888 Iudiciis,
570 1806 646 1874 libri
668 1811 687 1873 2
712 1805 940 1894 Decretalium,
963 1827 997 1872 n.
1032 1805 1096 1896 tl).
1120 1805 1233 1876 «offi-

92 1937 109 1976 a
131 1913 218 1980 cium
233 1913 365 1982 illorum
381 1923 429 1982 est
438 1914 529 2006 jussa
550 1916 601 1982 sui
624 1913 832 2002 magistratus
852 1921 883 1980 at
899 1912 1019 2005 judicis
1033 1913 1180 2003 implere,
1193 1915 1234 1982 li·

91 2045 109 2084 «
133 2021 270 2108 ligantes
296 2021 331 2088 in
350 2021 406 2112 jus
421 2042 550 2106 vocare,
567 2042 749 2112 processus,
773 2028 926 2111 actusque
945 2019 1135 2110 judiciarios
1158 2043 1235 2090 exe-

90 2152 108 2192 o
131 2127 201 2217 qui,
218 2135 311 2195 etc.»
333 2127 647 2218 (Schmalzgrneber,
662 2128 733 2196 loco
746 2126 868 2217 citato.)

136 2233 349 2302 «Intervenit
369 2233 521 2327 (judiciis)
545 2235 692 2321 nuntius,
716 2257 774 2302 seu
793 2255 919 2321 cursor,
940 2257 996 2302 seu
1016 2235 1157 2327 bajulus,
1177 2257 1234 2304 seu

90 2365 107 2404 o
130 2340 307 2430 apparitor,
325 2363 381 2408 seu
409 2341 555 2409 serviens
568 2341 687 2426 curiae3
704 2342 762 2431 qui
781 2349 812 2407 et
833 2339 896 2408 alia
915 2341 1051 2410 nomina
1070 2343 1229 2413 sortitur:

90 2453 162 2512 oet
188 2446 240 2513 hic
265 2447 341 2514 citat
369 2455 476 2539 partes
503 2449 537 2514 in
565 2448 718 2516 omnibus
746 2449 824 2515 actis
848 2446 1044 2537 judiciariis,
1069 2455 1100 2516 et
1127 2459 1235 2539 postea

91 2577 109 2618 a
132 2551 230 2620 refert
243 2553 279 2620 in
294 2553 425 2646 scriptis
440 2555 567 2622 notario
583 2575 617 2621 se
637 2555 751 2621 citasse
770 2564 807 2621 ut
827 2554 941 2621 babuit
958 2554 993 2620 in
1010 2556 1231 2625 commissis...

90 2683 108 2722 a
131 2658 172 2725 Et
185 2659 256 2726 istm
271 2681 419 2750 personae
434 2683 540 2752 nequo
553 2669 632 2728 sunt
646 2659 686 2727 de
701 2659 882 2729 substantia
895 2659 1023 2750 judicii,
1047 2661 1103 2727 sed
1126 2662 1235 2730 admi-

90 2790 107 2830 o
131 2765 277 2833 niculum
300 2774 427 2834 tantum
447 2773 604 2858 praestant
621 2791 628 2832 :
648 2788 725 2832 nam
744 2764 784 2832 de
806 2765 999 2850 substantia,
1014 2777 1051 2833 nt
1073 2765 1232 2855 diximus,

90 2896 107 2936 «
131 2871 313 2939 solumillae
326 2879 392 2938 tres
406 2880 654 2961 permansum,
670 2871 830 2939 nimirum
839 2870 955 2960 judex,
967 2881 1056 2940 actor
1068 2882 1100 2940 et
1110 2895 1195 2944 reus.
1214 2902 1231 2940 a

88 2979 288 3068 (Pellegrini,
305 2987 396 3068 parte
413 2981 446 3065 2,
463 2978 634 3069 praemisso
653 2982 685 3064 1,
703 3000 736 3044 n.
757 2980 801 3066 8.)

130 3086 178 3153 De
193 3108 364 3155 cursorum
376 3085 482 3155 officio
496 3087 530 3154 in
545 3087 747 3178 exequendis
768 3086 975 3154 citationibus
995 3085 1134 3156 dicimus
1150 3091 1235 3160 infra
1351 3129 1355 3137 -

85 3192 144 3260 ubi
158 3191 197 3259 de
211 3191 374 3260 citatione.

130 3298 168 3366 ln
181 3300 275 3388 praxi
291 3299 347 3366 vix
366 3307 519 3389 poterunt
537 3299 662 3388 judicia
681 3297 828 3389 expediri
853 3300 915 3366 nisi
934 3321 1099 3368 cursorem
1120 3303 1235 3370 habeat

85 3405 276 3498 episcopalis
291 3406 395 3474 curia.
412 3407 496 3488 Quia
509 3428 625 3497 nempe
641 3407 677 3473 in
690 3405 880 3473 intimandis
902 3407 1111 3476 citationibus
1132 3409 1234 3477 debe-

85 3514 135 3580 bit
149 3514 222 3602 quis
242 3513 302 3580 hoc
322 3511 428 3580 officio
448 3512 555 3602 iungi.
575 3513 611 3579 Si
632 3533 711 3602 ergo
730 3511 832 3603 judex
853 3513 921 3604 ipse
939 3513 992 3580 vel
1015 3516 1177 3584 actuarius
1200 3517 1234 3584 id

85 3642 152 3688 non
176 3628 309 3710 peragat
334 3620 443 3710 (prout
464 3641 618 3710 peragere
636 3641 691 3687 eos
710 3641 770 3687 nec
792 3620 988 3688 conveniens
1007 3643 1066 3689 nec
1084 3623 1235 3712 possibile

85 3728 279 3818 plerumque
300 3727 387 3816 crit),
411 3725 538 3794 debebit
559 3725 643 3793 alius
665 3725 853 3794 auctoritate
874 3726 1003 3816 publica
1023 3728 1064 3794 ad
1088 3733 1148 3797 boc
1175 3729 1234 3798 de-

85 3834 207 3924 putari.
224 3835 255 3900 Is
270 3841 378 3901 autem
393 3832 454 3900 hoc
466 3833 536 3922 ipso
551 3833 652 3900 curiae
666 3853 781 3899 cursor
794 3833 866 3900 crit.

132 3942 215 4008 Hinc
231 3941 311 4008 solet
323 3941 359 4007 in
374 3937 516 4030 qualibet
534 3939 750 4007 ecclesiastica
766 3939 857 4006 curia
875 3961 962 4007 unus
978 3950 1035 4008 aut
1052 3941 1132 4010 alter
1148 3967 1233 4013 nun·

86 4049 153 4118 tius
167 4049 356 4116 auctoritate
372 4046 522 4137 Episcopi
535 4055 567 4113 et
581 4047 797 4114 instrumento
812 4046 942 4138 publico
956 4049 1119 4118 constitui.

132 4159 287 4224 uursores
301 4164 409 4224 autem
422 4155 468 4220 sic
492 4155 659 4222 constituti
682 4152 822 4243 publicae
842 4175 990 4243 personae
1012 4165 1088 4226 sunt
1109 4159 1144 4225 in
1163 4159 1234 4232 loro

86 4262 314 4332 ecclesiastico.
