3032 4976
276 479 338 545 set
645 499 820 546 necessus
848 499 887 546 us
909 497 1042 547 subruis.

137 691 138 694 Ἴ
273 611 359 680 tione
374 608 477 701 ipsim
489 609 702 678 instrumenti
706 636 721 694 ,·
736 609 824 703 qnod
835 633 952 703 nempe
967 612 1009 679 sit
1022 609 1142 680 falsum
1156 618 1212 678 eut
1226 617 1410 702 suspectum

274 717 314 786 de
331 715 477 784 falsitate.

318 823 460 905 Qunsrro
480 826 526 892 θ’.
552 861 597 878 -
623 823 804 915 Quotiplici
825 821 922 894 modo
936 823 1075 917 predari
1084 823 1191 917 possit
1206 823 1416 892 instrumenti

268 932 422 1024 salsitas?
442 967 486 984 ·-
510 933 542 998 1⁰
562 931 612 1000 Ex
633 931 858 1002 contrarietate
878 941 1104 1001 contentorum
1125 931 1161 999 in
1177 930 1413 1018 instrumento;

273 1043 307 1108 2ο
321 1061 362 1108 ex
377 1037 484 1128 sigillo
490 1062 501 1126 3
521 1041 555 1105 3⁰
569 1061 608 1106 ex
624 1061 740 1108 rasore
758 1037 811 1108 vel
827 1038 1072 1126 cancellatiooe3
1090 1041 1123 1107 t·
1134 1061 1177 1108 ex
1190 1038 1325 1106 testibus
1338 1059 1417 1106 oon-

272 1154 323 1216 tra
343 1146 599 1216 instrumentum
620 1145 875 1239 deponentibns3
894 1149 926 1214 5ο
948 1169 992 1217 ex
1016 1146 1118 1216 variis
1139 1145 1344 1238 conjecturis.
1370 1145 1419 1214 tte

269 1253 390 1346 quibus
405 1252 543 1342 singulis
559 1253 718 1322 nonnulla
732 1262 810 1322 snut
824 1253 967 1323 breviter
982 1251 1181 1323 annotando.

320 1364 348 1427 t.
364 1358 478 1440 Quosd
499 1359 783 1451 impugnationem
803 1359 1014 1429 instrumenti
1030 1383 1071 1429 es
1084 1361 1327 1442 contrarietate,
1346 1359 1419 1428 dis-

270 1465 486 1557 tinguendum
508 1474 557 1534 est
574 1492 582 1532 ι
599 1465 651 1535 vel
675 1466 765 1535 enim
788 1487 893 1535 unum
913 1467 1067 1560 idemque
1086 1467 1346 1537 instrumentum
1365 1489 1419 1536 re-

269 1573 449 1668 pugnantis
465 1572 702 1665 complectitur,
729 1573 780 1642 vel
795 1582 907 1644 contre
929 1596 1035 1644 unum
1050 1574 1307 1644 instrumentum
1327 1573 1419 1642 eliud

269 1680 332 1774 ipsi
347 1680 547 1750 contrarium
566 1677 768 1771 producitur.
787 1681 828 1750 Si
846 1681 952 1772 prins,
971 1689 1003 1748 et
1020 1682 1238 1773 repugnantis
1253 1681 1420 1750 conciliari

271 1809 337 1856 uon
360 1786 472 1879 possit,
499 1786 759 1855 instrumentum
783 1787 873 1878 rejici
900 1786 1006 1874 debet,
1030 1809 1108 1856 eum
1128 1788 1291 1858 contraria
1316 1786 1420 1855 simul

270 1915 348 1962 vera
366 1915 434 1986 esse
454 1913 521 1962 oon
546 1891 682 1984 possint.
707 1891 743 1962 Si
765 1894 938 1985 posterius,
964 1902 996 1962 et
1017 1894 1184 1964 conciliari
1205 1893 1271 1964 duo
1290 1895 1421 1963 iustru-

272 2007 383 2070 menta
396 1999 558 2069 oontrnria
567 2009 741 2093 nequeant,
755 2000 1088 2092 subdistinguendum
1103 2029 1112 2069 ι
1127 2002 1180 2072 vel
1193 2003 1281 2070 enim
1294 2000 1421 2094 produ·

272 2114 392 2178 cuntur
402 2107 501 2175 embo
510 2106 551 2176 eb
565 2106 681 2178 eodem
695 2107 855 2198 litigante,
866 2109 920 2178 vel
934 2131 1040 2178 nuum
1052 2109 1094 2177 ab
1105 2110 1224 2178 Aetore
1235 2118 1267 2177 et
1277 2109 1419 2178 nlterum

271 2213 374 2283 eReo
391 2239 399 2282 ι
417 2214 451 2282 in
464 2213 640 2305 posteriori
653 2236 730 2282 casu
740 2214 895 2284 standum
911 2214 1054 2304 digniori
1069 2223 1100 2284 et
1115 2215 1338 2285 verisimiliori
1359 2243 1367 2284 :
1386 2217 1420 2283 in

269 2320 379 2414 priori
391 2342 480 2403 casu,
499 2321 608 2389 neutri
624 2320 842 2392 instrumento
857 2322 1008 2390 habendo
1023 2321 1115 2392 fides.
1131 2321 1231 2414 (Vide
1247 2321 1422 2392 Schmnlz·

271 2429 426 2520 grneber,
441 2427 476 2495 in
491 2427 540 2496 tit.
560 2432 614 2514 22,
630 2427 708 2497 libri
725 2432 745 2496 2
763 2429 995 2516 Decretelium,
1014 2451 1048 2498 n.
1068 2433 1109 2498 96
1125 2438 1157 2498 et
1172 2431 1239 2520 97.)

317 2541 348 2604 2.
381 2534 494 2616 Quoad
526 2535 807 2625 impugnationem
833 2536 1044 2604 instrumenti
1073 2559 1113 2604 en
1140 2535 1256 2626 sipillo,
1291 2537 1422 2606 desumi

272 2643 366 2728 solet,
389 2663 430 2709 ex
449 2663 487 2710 eo
507 2641 595 2732 quod
617 2640 762 2730 sigillum
787 2641 829 2708 sit
849 2643 1018 2731 ignotum
1044 2664 1085 2711 ex
1108 2641 1254 2734 eoquod
1275 2645 1318 2712 sit
1336 2643 1422 2712 irac-

274 2758 365 2836 tum;
382 2771 424 2816 er
444 2770 482 2816 eo
504 2747 594 2839 quod
616 2755 705 2816 certa
727 2749 796 2840 ipse
812 2749 990 2837 recentius3
1007 2757 1039 2817 et
1060 2749 1226 2820 similibus
1244 2750 1345 2841 sigilli
1366 2751 1423 2821 de-

273 2855 427 2941 fectibus3
458 2875 600 2946 qnorum
630 2855 680 2922 vis
709 2854 893 2946 prudentiss
923 2863 956 2923 et
983 2855 1193 2925 estimationi
1221 2855 1343 2948 judicis
1375 2867 1424 2926 est

275 2960 502 3056 relinquenda.

323 3073 354 3138 3.
374 3067 488 3152 Quoad
506 3067 790 3159 impugnationem
814 3091 856 3139 ex
878 3091 997 3138 rasura
1018 3069 1070 3138 vel
1092 3069 1206 3140 litura.
1230 3074 1261 3139 1ο
1285 3072 1424 3142 Certum

275 3186 323 3246 est
337 3175 533 3268 repuleriter
549 3173 658 3244 vitiari
670 3181 702 3241 et
714 3182 902 3266 suspectum
913 3177 953 3244 de
964 3175 1102 3246 falsitate
1115 3176 1207 3248 reddi
1219 3178 1423 3248 instrumen-

278 3296 363 3369 tum,
380 3283 408 3350 si
431 3303 556 3368 resure,
581 3281 767 3352 cancellatio
784 3304 841 3352 seu
864 3283 1021 3352 eorrectio
1045 3282 1129 3352 fucta
1141 3285 1186 3352 sit
1206 3285 1241 3352 in
1256 3284 1328 3355 loeo
1345 3287 1425 3356 sub-

277 3388 439 3470 stantiali,
455 3396 533 3479 pute
552 3389 586 3455 in
610 3386 697 3476 data,
719 3389 853 3458 nomine
866 3389 997 3482 judicis,
1016 3391 1157 3478 botone,
1173 3391 1249 3480 Rei,
1266 3393 1342 3480 loci,
1360 3405 1421 3463 etc.

281 3498 414 3567 Constet
425 3495 526 3586 sepite
537 3496 628 3563 later
641 3495 684 3584 (6,
701 3493 740 3562 de
755 3493 833 3564 Fide
843 3496 1161 3588 irutrumentorum),
1178 3507 1209 3567 et
1221 3501 1325 3591 eapite
1336 3501 1423 3570 Cum

284 3601 475 3675 vetuadilrs
493 3600 539 3693 (7,
564 3597 604 3669 de
619 3601 721 3692 Relip.
745 3599 861 3694 dom).
883 3603 1010 3672 Dicitur
1024 3605 1220 3696 repulariter
1237 3607 1425 3700 :excipitur

285 3713 388 3798 enim,
413 3710 442 3777 si
464 3707 610 3777 neurius
631 3708 699 3799 ipse
722 3709 923 3778 mentionem
942 3710 983 3780 de
1007 3733 1121 3780 rasore
1142 3712 1177 3780 in
1203 3713 1275 3804 ipso
1298 3715 1424 3785 instru-

286 3826 398 3886 mento
417 3815 523 3902 fuant,
543 3824 575 3884 et
593 3813 647 3882 elii
668 3815 819 3884 nonnulli
837 3839 930 3888 ossus
948 3819 1040 3910 (quos
1058 3818 1134 3887 vide
1155 3821 1240 3912 apud
1257 3819 1427 3893 Sebmslz-

286 3925 439 4016 grueber,
461 3924 531 3994 loco
548 3923 618 4010 cit,
643 3945 676 3990 n.
702 3926 791 4014 102).
814 3929 847 3992 2ο
869 3925 904 3994 Si
928 3947 1043 3994 rasura
1058 3926 1142 3996 facta
1162 3928 1207 3995 sit
1223 3929 1259 3996 in
1280 3929 1351 4000 loco
1365 3955 1426 4000 uon

287 4031 506 4115 substantiali,
531 4031 741 4099 communius
761 4040 871 4101 tenent
889 4032 1036 4104 doctores
1058 4034 1318 4106 instrumentum
1333 4062 1374 4108 ex
1391 4062 1426 4109 ee

287 4162 352 4210 non
374 4138 499 4226 vitiari,
517 4146 613 4230 prout
634 4136 756 4210 indicet
771 4148 868 4231 ceput
881 4141 936 4210 Es
951 4139 1069 4210 litteris
1087 4141 1132 4233 (3,
1152 4140 1192 4210 de
1204 4142 1284 4212 Fide
1301 4144 1425 4215 irsstru·

288 4247 498 4336 meatorum).
