3046 4968
583 452 656 500 rsus
680 453 783 499 rurus.
1212 433 1251 497 89

105 573 341 663 pronuntiatur
360 574 496 666 questio
521 575 561 642 de
584 573 850 664 possessionibus,
875 573 951 641 licet
976 595 1051 642 cnm
1076 573 1253 666 quaestione

108 679 147 747 de
163 680 275 748 valore
291 681 488 749 matrimonii
503 681 664 770 colligata.

565 1011 707 1082 CAPUT
735 1011 793 1079 lV.

110 1225 147 1268 DE
178 1223 285 1269 CAUSIS
316 1223 541 1270 renronnntstts
575 1226 654 1285 Qum,
682 1223 813 1270 natione
847 1223 987 1269 PERSONAE
1017 1223 1135 1270 CONTRA
1169 1221 1254 1276 QUAM

153 1331 385 1394 rnoronurtwn,
412 1331 501 1376 stunt
532 1331 775 1392 sutnssltstncm,
797 1346 841 1360 ···
864 1331 919 1376 SEU
943 1332 980 1376 DE
1002 1329 1105 1376 CAUSlS
1136 1329 1254 1376 ΤΕΗΡΟ-

154 1439 282 1486 munus
304 1437 502 1486 mnnrconust.

152 1649 277 1716 Causas
308 1657 419 1716 contra
444 1649 576 1717 clericos
604 1649 790 1735 intentatas,
819 1649 1029 1740 quantumvis
1057 1649 1253 1738 caeteroquin

110 1753 316 1846 temporales,
331 1754 492 1824 adfurum
508 1755 756 1824 ecclesiasticum
774 1754 946 1846 pertinere,
962 1753 1059 1823 tradit
1073 1755 1254 1823 eommunis

109 1860 280 1930 doctorum
300 1862 531 1932 catholicorum
552 1863 721 1931 sententia.

158 1995 175 2032 a
192 1969 419 2037 indubitabilis
430 1969 517 2063 apud
529 1992 641 2038 omnes
653 1969 827 2039 catholicos
834 1969 953 2038 veritas
964 1977 1011 2038 est
1019 1969 1077 2061 (eit
1089 1968 1256 2038 Schmslz-

114 2103 130 2138 a
154 2076 308 2164 grueher,
326 2077 360 2143 in
374 2076 507 2144 titulum
522 2075 562 2145 de
575 2077 722 2158 tudiciis,
738 2099 771 2147 n.
792 2075 860 2166 73),
874 2099 948 2168 qnae
960 2077 1052 2146 docet
1064 2077 1255 2145 clericorum

114 2209 131 2245 c
156 2205 310 2273 personas
325 2183 580 2273 ajurisdictione
596 2183 746 2250 seculari
762 2191 929 2274 exemptas
944 2206 1022 2251 esse.
1038 2209 1055 2246 n
1070 2182 1165 2252 Unde
1177 2205 1253 2250 vero

14 2319 15 2324 ¹
111 2290 238 2357 clericis
253 2289 380 2358 oriatur
394 2289 476 2358 illud
493 2291 556 2358 fori
572 2291 795 2382 privilegium,
816 2312 858 2357 an
873 2311 913 2358 ex
926 2289 1000 2380 jure
1014 2289 1138 2376 divino,
1156 2313 1197 2357 en
1212 2313 1253 2358 ex

110 2397 247 2486 propria
261 2396 305 2462 ita
324 2395 487 2464 statuendi
510 2396 662 2464 Ecclesiae
684 2405 850 2488 potestate,
866 2420 908 2464 an
926 2419 966 2464 ex
992 2396 1132 2488 quadarn
1152 2396 1254 2464 dum-

111 2511 201 2570 taxat
229 2503 413 2594 principum
451 2502 660 2572 saeeularium
699 2504 916 2590 concessione,
952 2503 1060 2592 magni
1099 2501 1254 2572 momenti

112 2611 250 2700 questio
263 2619 322 2694 est,
336 2632 433 2700 quam
449 2609 518 2678 inse
530 2607 753 2703 expendemus
764 2611 799 2678 in
811 2618 945 2678 tractatu
959 2608 998 2678 de
1012 2613 1091 2678 lure
1102 2610 1252 2678 Ecclesiae

112 2716 247 2783 relative
268 2715 315 2784 ud
330 2729 506 2808 potestates
528 2718 646 2786 ciuiles.
672 2717 720 2784 lbi
747 2740 876 2808 nempe,
892 2716 1018 2805 agendo
1042 2717 1081 2785 de
1102 2716 1253 2784 Ecclesiae

14 2905 15 2912 ἵ
112 2822 384 2909 immunitatibus,
396 2822 602 2892 ostendemus
615 2827 645 2890 1⁰
654 2823 743 2890 nulla
755 2822 934 2913 theologica
948 2831 1023 2891 nota
1035 2823 1123 2914 carpi
1136 2821 1253 2890 debere

14 2927 15 2938 ’
111 2929 300 3019 opinionem
323 2930 540 3020 quorumdam
559 2930 792 2998 catholicorum
808 2929 989 3016 doctorum,
1007 2931 1064 3022 qui
1083 2930 1197 2998 docent
1211 2953 1254 3000 en
1301 2953 1307 2966 ²

14 3021 15 3032 ¹
113 3057 203 3102 mera
217 3034 387 3104 dumtaxat
402 3036 587 3128 principum
603 3038 806 3105 concessione
822 3060 918 3106 suum
935 3037 1061 3104 clericis
1082 3036 1253 3105 obvenisse

14 3191 15 3232 3
113 3141 173 3208 lori
185 3143 398 3233 privilegium
412 3143 444 3209 in
458 3145 563 3211 causis
579 3143 825 3235 temporalibns;
841 3145 1056 3212 modulamen
1070 3143 1167 3212 simul
1180 3165 1254 3210 sns-

14 3257 15 3340 f
113 3249 264 3334 tineatur,
281 3271 347 3317 non
361 3272 454 3341 posse
470 3250 646 3318 Ecclesiam
665 3251 725 3318 hoc
743 3250 817 3341 jure
839 3251 936 3318 semel
960 3260 1088 3342 accepto
1107 3274 1253 3343 unquam

14 3379 15 3440 ξ
113 3354 255 3444 legitime
266 3355 397 3446 spoliari
411 3357 514 3447 (posse
526 3357 613 3424 enim
627 3357 790 3449 principes
803 3357 864 3426 hoc
876 3357 1084 3449 privilegium
1098 3368 1252 3449 repetere,

14 3523 15 3540 ,
114 3463 328 3531 communiter
342 3487 361 3530 a
375 3463 562 3532 doctoribus
576 3464 741 3532 catholicis
756 3473 910 3556 tanquam
926 3464 1058 3531 omnino
1074 3464 1190 3532 lalsnrn
1205 3485 1256 3531 re-

115 3570 296 3659 probatur);
313 3579 345 3638 et
363 3572 459 3639 modo
480 3571 635 3663 praedicta
651 3571 760 3661 opinio
780 3572 963 3640 Romanum
986 3571 1173 3640 Pontificem
1191 3595 1256 3639 non

14 3689 16 3694 '
115 3675 382 3766 comprehendat:
403 3679 522 3745 «Inter
537 3677 722 3762 catholicos,
739 3678 787 3743 ait
803 3677 937 3765 Suarez,
956 3676 1098 3745 Palatius
1113 3700 1254 3745 asserere

120 3809 135 3844 c
158 3804 256 3850 ausus
277 3794 325 3849 est
347 3783 468 3874 Papam
485 3806 550 3852 non
567 3805 635 3852 esse
658 3792 845 3876 exemptum
863 3806 882 3850 a
897 3789 1051 3875 potestate
1073 3783 1160 3850 civili
1180 3784 1255 3875 jure

120 3915 136 3950 e
158 3887 269 3956 divino
284 3890 335 3956 vel
352 3890 521 3984 canonico,
539 3890 594 3958 seu
607 3891 681 3982 jure
695 3900 821 3958 tantum
836 3890 936 3978 civili,
955 3913 1065 3958 senex
1084 3891 1255 3983 privilegio

121 4022 137 4058 c
160 3996 430 4087 imperatorum...
448 3997 534 4066 ldem
551 3997 646 4065 sentit
659 3997 698 4065 de
709 3998 781 4066 aliis
796 3997 1026 4084 ecclesiasticis,
1044 4005 1075 4064 et
1090 3999 1171 4067 nihil
1188 4000 1257 4066 sin·

121 4128 137 4163 e
159 4102 269 4190 gulare
278 4103 427 4172 Pontifici
436 4104 542 4196 quoad
554 4106 615 4172 hoc
626 4104 837 4196 privilegium
850 4104 1008 4173 attribuit.
1020 4105 1255 4174 Verumtamen

123 4235 139 4271 n
161 4207 227 4277 hec
248 4211 418 4297 sententia,
438 4220 597 4305 quatenus
622 4220 726 4282 totum
751 4212 812 4281 hoc
835 4211 1044 4302 privilegium
1070 4222 1199 4281 revocat
1222 4214 1254 4280 in
