<?xml version="1.0" encoding="UTF-8"?>
<!DOCTYPE html PUBLIC "-//W3C//DTD XHTML 1.0 Transitional//EN"
    "http://www.w3.org/TR/xhtml1/DTD/xhtml1-transitional.dtd">
<html xmlns="http://www.w3.org/1999/xhtml" xml:lang="en" lang="en">
 <head>
  <title>
</title>
<meta http-equiv="Content-Type" content="text/html;charset=utf-8" />
  <meta name='ocr-system' content='tesseract 3.04.00' />
  <meta name='ocr-capabilities' content='ocr_page ocr_carea ocr_par ocr_line ocrx_word'/>
</head>
<body>
  <div class='ocr_page' id='page_1' title='image "./tractatusdejudi01goog_0051.png"; bbox 0 0 3046 4962; ppageno 0'>
   <div class='ocr_carea' id='block_1_1' title="bbox 268 439 1035 512">
    <p class='ocr_par' dir='ltr' id='par_1_1' title="bbox 268 439 1035 512">
     <span class='ocr_line' id='line_1_1' title="bbox 268 439 1035 512; baseline 0.003 -4"><span class='ocrx_word' id='word_1_1' title='bbox 268 439 307 508; x_wconf 81' lang='lat' dir='ltr'><strong>lo</strong></span> <span class='ocrx_word' id='word_1_2' title='bbox 640 463 817 512; x_wconf 75' lang='lat' dir='ltr'><strong>aasentias</strong></span> <span class='ocrx_word' id='word_1_3' title='bbox 839 465 878 511; x_wconf 86' lang='lat' dir='ltr'><strong>nn</strong></span> <span class='ocrx_word' id='word_1_4' title='bbox 901 463 1035 512; x_wconf 74' lang='lat' dir='ltr'><strong>tuorum.</strong></span> 
     </span>
    </p>
   </div>
   <div class='ocr_carea' id='block_1_2' title="bbox 263 583 1407 998">
    <p class='ocr_par' dir='ltr' id='par_1_2' title="bbox 263 583 1407 998">
     <span class='ocr_line' id='line_1_2' title="bbox 263 583 1404 680; baseline 0.003 -26"><span class='ocrx_word' id='word_1_5' title='bbox 263 605 486 678; x_wconf 76' lang='lat' dir='ltr'>processuram</span> <span class='ocrx_word' id='word_1_6' title='bbox 514 583 689 676; x_wconf 85' lang='lat' dir='ltr'><strong>synodum,</strong></span> <span class='ocrx_word' id='word_1_7' title='bbox 711 585 776 652; x_wconf 87' lang='lat' dir='ltr'><strong>nisi</strong></span> <span class='ocrx_word' id='word_1_8' title='bbox 801 584 912 674; x_wconf 71' lang='lat' dir='ltr'><strong>(munt)</strong></span> <span class='ocrx_word' id='word_1_9' title='bbox 942 607 1053 654; x_wconf 83' lang='lat' dir='ltr'><strong>coram</strong></span> <span class='ocrx_word' id='word_1_10' title='bbox 1076 584 1116 653; x_wconf 90' lang='lat' dir='ltr'><strong>de</strong></span> <span class='ocrx_word' id='word_1_11' title='bbox 1143 585 1302 667; x_wconf 84' lang='lat' dir='ltr'><strong>omnibus,</strong></span> <span class='ocrx_word' id='word_1_12' title='bbox 1331 610 1404 680; x_wconf 77' lang='lat' dir='ltr'><strong>quae</strong></span> 
     </span>
     <span class='ocr_line' id='line_1_3' title="bbox 264 691 1407 786; baseline 0.002 -26"><span class='ocrx_word' id='word_1_13' title='bbox 264 693 382 783; x_wconf 78' lang='lat' dir='ltr'><strong>scripto</strong></span> <span class='ocrx_word' id='word_1_14' title='bbox 407 704 521 760; x_wconf 83' lang='lat' dir='ltr'><strong>contra</strong></span> <span class='ocrx_word' id='word_1_15' title='bbox 545 703 575 758; x_wconf 90' lang='lat' dir='ltr'><strong>te</strong></span> <span class='ocrx_word' id='word_1_16' title='bbox 590 691 695 760; x_wconf 87' lang='lat' dir='ltr'><strong>allata</strong></span> <span class='ocrx_word' id='word_1_17' title='bbox 713 691 850 782; x_wconf 80' lang='lat' dir='ltr'><strong>suerint,</strong></span> <span class='ocrx_word' id='word_1_18' title='bbox 866 692 933 760; x_wconf 85' lang='lat' dir='ltr'><strong>sice</strong></span> <span class='ocrx_word' id='word_1_19' title='bbox 950 691 1034 760; x_wconf 86' lang='lat' dir='ltr'><strong>citra</strong></span> <span class='ocrx_word' id='word_1_20' title='bbox 1054 692 1224 784; x_wconf 78' lang='lat' dir='ltr'><strong>scriptum,</strong></span> <span class='ocrx_word' id='word_1_21' title='bbox 1240 707 1270 761; x_wconf 88' lang='lat' dir='ltr'><strong>te</strong></span> <span class='ocrx_word' id='word_1_22' title='bbox 1284 717 1407 786; x_wconf 76' lang='lat' dir='ltr'><strong>capar-</strong></span> 
     </span>
     <span class='ocr_line' id='line_1_4' title="bbox 264 797 1406 890; baseline 0.003 -24"><span class='ocrx_word' id='word_1_23' title='bbox 264 798 400 888; x_wconf 77' lang='lat' dir='ltr'><strong>paveris.</strong></span> <span class='ocrx_word' id='word_1_24' title='bbox 419 799 502 880; x_wconf 87' lang='lat' dir='ltr'><strong>Quia</strong></span> <span class='ocrx_word' id='word_1_25' title='bbox 519 820 607 882; x_wconf 89' lang='lat' dir='ltr'><strong>vero,</strong></span> <span class='ocrx_word' id='word_1_26' title='bbox 623 798 721 867; x_wconf 89' lang='lat' dir='ltr'><strong>etiam</strong></span> <span class='ocrx_word' id='word_1_27' title='bbox 736 806 808 890; x_wconf 88' lang='lat' dir='ltr'><strong>post</strong></span> <span class='ocrx_word' id='word_1_28' title='bbox 830 798 955 866; x_wconf 87' lang='lat' dir='ltr'><strong>tertiam</strong></span> <span class='ocrx_word' id='word_1_29' title='bbox 980 797 1164 866; x_wconf 78' lang='lat' dir='ltr'>citationem</span> <span class='ocrx_word' id='word_1_30' title='bbox 1180 799 1292 867; x_wconf 86' lang='lat' dir='ltr'><strong>venire</strong></span> <span class='ocrx_word' id='word_1_31' title='bbox 1312 823 1406 869; x_wconf 81' lang='lat' dir='ltr'><strong>mcu-</strong></span> 
     </span>
     <span class='ocr_line' id='line_1_5' title="bbox 265 903 1407 998; baseline 0.003 -26"><span class='ocrx_word' id='word_1_32' title='bbox 265 907 361 992; x_wconf 86' lang='lat' dir='ltr'><strong>savit,</strong></span> <span class='ocrx_word' id='word_1_33' title='bbox 377 905 589 998; x_wconf 87' lang='lat' dir='ltr'><strong>pronuntiata</strong></span> <span class='ocrx_word' id='word_1_34' title='bbox 609 905 774 973; x_wconf 89' lang='lat' dir='ltr'><strong>damnatio</strong></span> <span class='ocrx_word' id='word_1_35' title='bbox 794 913 853 973; x_wconf 90' lang='lat' dir='ltr'><strong>est.</strong></span> <span class='ocrx_word' id='word_1_36' title='bbox 871 903 1026 974; x_wconf 87' lang='lat' dir='ltr'><strong>Eamdem</strong></span> <span class='ocrx_word' id='word_1_37' title='bbox 1050 903 1187 973; x_wconf 86' lang='lat' dir='ltr'><strong>lorensis</strong></span> <span class='ocrx_word' id='word_1_38' title='bbox 1205 905 1319 997; x_wconf 86' lang='lat' dir='ltr'><strong>judicii</strong></span> <span class='ocrx_word' id='word_1_39' title='bbox 1338 907 1407 977; x_wconf 86' lang='lat' dir='ltr'><strong>for·</strong></span> 
     </span>
    </p>
   </div>
   <div class='ocr_carea' id='block_1_3' title="bbox 267 1010 1517 1104">
    <p class='ocr_par' dir='ltr' id='par_1_3' title="bbox 267 1010 1517 1104">
     <span class='ocr_line' id='line_1_6' title="bbox 267 1010 1517 1104; baseline 0.004 -25"><span class='ocrx_word' id='word_1_40' title='bbox 267 1035 352 1080; x_wconf 88' lang='lat' dir='ltr'><strong>mam</strong></span> <span class='ocrx_word' id='word_1_41' title='bbox 366 1019 475 1080; x_wconf 89' lang='lat' dir='ltr'><strong>secuta</strong></span> <span class='ocrx_word' id='word_1_42' title='bbox 490 1021 537 1079; x_wconf 90' lang='lat' dir='ltr'><strong>est</strong></span> <span class='ocrx_word' id='word_1_43' title='bbox 553 1018 666 1080; x_wconf 86' lang='lat' dir='ltr'><strong>contra</strong></span> <span class='ocrx_word' id='word_1_44' title='bbox 681 1011 860 1102; x_wconf 85' lang='lat' dir='ltr'><strong>Eutychem</strong></span> <span class='ocrx_word' id='word_1_45' title='bbox 876 1010 1021 1101; x_wconf 84' lang='lat' dir='ltr'><strong>synodus</strong></span> <span class='ocrx_word' id='word_1_46' title='bbox 1034 1010 1404 1104; x_wconf 83' lang='lat' dir='ltr'><strong>Constantinopolitana,</strong></span> <span class='ocrx_word' id='word_1_47' title='bbox 1516 1013 1517 1100; x_wconf 68' lang='grc' dir='ltr'><strong>Ῑ</strong></span> 
     </span>
    </p>
   </div>
   <div class='ocr_carea' id='block_1_4' title="bbox 265 1117 1408 1426">
    <p class='ocr_par' dir='ltr' id='par_1_4' title="bbox 265 1117 1408 1426">
     <span class='ocr_line' id='line_1_7' title="bbox 265 1117 1408 1204; baseline 0.003 -16"><span class='ocrx_word' id='word_1_48' title='bbox 265 1145 285 1188; x_wconf 89' lang='lat' dir='ltr'><strong>a</strong></span> <span class='ocrx_word' id='word_1_49' title='bbox 305 1119 340 1190; x_wconf 92' lang='lat' dir='ltr'><strong>S.</strong></span> <span class='ocrx_word' id='word_1_50' title='bbox 363 1119 520 1188; x_wconf 84' lang='lat' dir='ltr'><strong>Flaviano</strong></span> <span class='ocrx_word' id='word_1_51' title='bbox 542 1117 737 1204; x_wconf 85' lang='lat' dir='ltr'><strong>coadunata;</strong></span> <span class='ocrx_word' id='word_1_52' title='bbox 756 1127 788 1186; x_wconf 89' lang='lat' dir='ltr'><strong>et</strong></span> <span class='ocrx_word' id='word_1_53' title='bbox 810 1127 921 1187; x_wconf 88' lang='lat' dir='ltr'><strong>contra</strong></span> <span class='ocrx_word' id='word_1_54' title='bbox 944 1117 1135 1187; x_wconf 88' lang='lat' dir='ltr'><strong>Dioscorum</strong></span> <span class='ocrx_word' id='word_1_55' title='bbox 1147 1118 1408 1191; x_wconf 86' lang='lat' dir='ltr'><strong>Chalcedonense</strong></span> 
     </span>
     <span class='ocr_line' id='line_1_8' title="bbox 266 1224 1408 1320; baseline 0 -23"><span class='ocrx_word' id='word_1_56' title='bbox 266 1227 501 1297; x_wconf 82' lang='lat' dir='ltr'><strong>oecumenicum</strong></span> <span class='ocrx_word' id='word_1_57' title='bbox 516 1226 701 1296; x_wconf 90' lang='lat' dir='ltr'><strong>concilium.</strong></span> <span class='ocrx_word' id='word_1_58' title='bbox 719 1226 767 1295; x_wconf 90' lang='lat' dir='ltr'><strong>Ne</strong></span> <span class='ocrx_word' id='word_1_59' title='bbox 782 1233 890 1295; x_wconf 88' lang='lat' dir='ltr'><strong>autem</strong></span> <span class='ocrx_word' id='word_1_60' title='bbox 907 1225 1044 1294; x_wconf 75' lang='lat' dir='ltr'><strong>citandis</strong></span> <span class='ocrx_word' id='word_1_61' title='bbox 1058 1224 1216 1317; x_wconf 85' lang='lat' dir='ltr'><strong>ejusmodi</strong></span> <span class='ocrx_word' id='word_1_62' title='bbox 1230 1227 1321 1295; x_wconf 83' lang='lat' dir='ltr'><strong>iactis</strong></span> <span class='ocrx_word' id='word_1_63' title='bbox 1334 1229 1408 1320; x_wconf 88' lang='lat' dir='ltr'><strong>plus</strong></span> 
     </span>
     <span class='ocr_line' id='line_1_9' title="bbox 267 1331 1406 1426; baseline -0.001 -22"><span class='ocrx_word' id='word_1_64' title='bbox 267 1357 362 1426; x_wconf 80' lang='lat' dir='ltr'><strong>aequo</strong></span> <span class='ocrx_word' id='word_1_65' title='bbox 374 1335 599 1418; x_wconf 80' lang='lat' dir='ltr'><strong>immoremur,</strong></span> <span class='ocrx_word' id='word_1_66' title='bbox 610 1332 680 1402; x_wconf 88' lang='lat' dir='ltr'><strong>loco</strong></span> <span class='ocrx_word' id='word_1_67' title='bbox 691 1355 804 1401; x_wconf 87' lang='lat' dir='ltr'><strong>eorum</strong></span> <span class='ocrx_word' id='word_1_68' title='bbox 820 1332 1031 1424; x_wconf 82' lang='lat' dir='ltr'><strong>subjiciemus</strong></span> <span class='ocrx_word' id='word_1_69' title='bbox 1041 1331 1223 1400; x_wconf 78' lang='lat' dir='ltr'><strong>doctissimi</strong></span> <span class='ocrx_word' id='word_1_70' title='bbox 1233 1334 1406 1423; x_wconf 79' lang='lat' dir='ltr'><strong>Zacceriae,</strong></span> 
     </span>
    </p>
   </div>
   <div class='ocr_carea' id='block_1_5' title="bbox 267 1437 1518 1531">
    <p class='ocr_par' dir='ltr' id='par_1_5' title="bbox 267 1437 1518 1531">
     <span class='ocr_line' id='line_1_10' title="bbox 267 1437 1518 1531; baseline 0 -23"><span class='ocrx_word' id='word_1_71' title='bbox 267 1441 324 1531; x_wconf 93' lang='lat' dir='ltr'><strong>qui</strong></span> <span class='ocrx_word' id='word_1_72' title='bbox 340 1462 408 1508; x_wconf 88' lang='lat' dir='ltr'><strong>rem</strong></span> <span class='ocrx_word' id='word_1_73' title='bbox 423 1437 498 1508; x_wconf 89' lang='lat' dir='ltr'><strong>sane</strong></span> <span class='ocrx_word' id='word_1_74' title='bbox 513 1439 752 1530; x_wconf 77' lang='lat' dir='ltr'><strong>exploraverat,</strong></span> <span class='ocrx_word' id='word_1_75' title='bbox 769 1448 929 1506; x_wconf 88' lang='lat' dir='ltr'><strong>assertum</strong></span> <span class='ocrx_word' id='word_1_76' title='bbox 949 1464 956 1504; x_wconf 92' lang='lat'><strong>:</strong></span> <span class='ocrx_word' id='word_1_77' title='bbox 977 1437 1064 1522; x_wconf 84' lang='lat' dir='ltr'><strong>Quin</strong></span> <span class='ocrx_word' id='word_1_78' title='bbox 1081 1438 1266 1518; x_wconf 87' lang='lat' dir='ltr'><strong>timeamus,</strong></span> <span class='ocrx_word' id='word_1_79' title='bbox 1286 1439 1407 1530; x_wconf 87' lang='lat' dir='ltr'><strong>inquit,</strong></span> <span class='ocrx_word' id='word_1_80' title='bbox 1517 1498 1518 1508; x_wconf 69' lang='grc'>,</span> 
     </span>
    </p>
   </div>
   <div class='ocr_carea' id='block_1_6' title="bbox 266 1545 1518 2495">
    <p class='ocr_par' dir='ltr' id='par_1_6' title="bbox 266 1545 1518 2173">
     <span class='ocr_line' id='line_1_11' title="bbox 267 1545 1518 1637; baseline 0 -23"><span class='ocrx_word' id='word_1_81' title='bbox 267 1570 308 1614; x_wconf 89' lang='lat' dir='ltr'><strong>ne</strong></span> <span class='ocrx_word' id='word_1_82' title='bbox 324 1545 441 1615; x_wconf 79' lang='lat' dir='ltr'><strong>erroris</strong></span> <span class='ocrx_word' id='word_1_83' title='bbox 454 1545 696 1626; x_wconf 81' lang='lat' dir='ltr'><strong>convincamur,</strong></span> <span class='ocrx_word' id='word_1_84' title='bbox 706 1545 824 1637; x_wconf 86' lang='lat' dir='ltr'><strong>palam</strong></span> <span class='ocrx_word' id='word_1_85' title='bbox 836 1546 1005 1637; x_wconf 82' lang='lat' dir='ltr'><strong>offirmare</strong></span> <span class='ocrx_word' id='word_1_86' title='bbox 1016 1566 1200 1635; x_wconf 86' lang='lat' dir='ltr'><strong>possumus,</strong></span> <span class='ocrx_word' id='word_1_87' title='bbox 1214 1545 1249 1612; x_wconf 88' lang='lat' dir='ltr'><strong>in</strong></span> <span class='ocrx_word' id='word_1_88' title='bbox 1261 1545 1411 1614; x_wconf 85' lang='lat' dir='ltr'><strong>omnibns</strong></span> <span class='ocrx_word' id='word_1_89' title='bbox 1517 1573 1518 1600; x_wconf 59' lang='lat'><em>³</em></span> 
     </span>
     <span class='ocr_line' id='line_1_12' title="bbox 268 1651 1410 1745; baseline -0.002 -23"><span class='ocrx_word' id='word_1_90' title='bbox 268 1653 373 1722; x_wconf 74' lang='lat' dir='ltr'><strong>causn</strong></span> <span class='ocrx_word' id='word_1_91' title='bbox 386 1653 437 1721; x_wconf 89' lang='lat' dir='ltr'><strong>vel</strong></span> <span class='ocrx_word' id='word_1_92' title='bbox 448 1652 669 1745; x_wconf 73' lang='lat' dir='ltr'><strong>depositmm</strong></span> <span class='ocrx_word' id='word_1_93' title='bbox 683 1653 934 1744; x_wconf 77' lang='lat' dir='ltr'><strong>Epncoporum,</strong></span> <span class='ocrx_word' id='word_1_94' title='bbox 953 1652 1005 1720; x_wconf 89' lang='lat' dir='ltr'><strong>uel</strong></span> <span class='ocrx_word' id='word_1_95' title='bbox 1016 1651 1255 1720; x_wconf 84' lang='lat' dir='ltr'><strong>damnatorum</strong></span> <span class='ocrx_word' id='word_1_96' title='bbox 1275 1653 1410 1722; x_wconf 76' lang='lat' dir='ltr'><strong>inreti-</strong></span> 
     </span>
     <span class='ocr_line' id='line_1_13' title="bbox 268 1759 1412 1852; baseline 0 -23"><span class='ocrx_word' id='word_1_97' title='bbox 268 1784 393 1842; x_wconf 89' lang='lat' dir='ltr'><strong>corum,</strong></span> <span class='ocrx_word' id='word_1_98' title='bbox 411 1784 479 1829; x_wconf 87' lang='lat' dir='ltr'><strong>nen</strong></span> <span class='ocrx_word' id='word_1_99' title='bbox 489 1761 597 1828; x_wconf 88' lang='lat' dir='ltr'><strong>minus</strong></span> <span class='ocrx_word' id='word_1_100' title='bbox 611 1772 688 1829; x_wconf 86' lang='lat' dir='ltr'><strong>ante</strong></span> <span class='ocrx_word' id='word_1_101' title='bbox 701 1781 803 1851; x_wconf 85' lang='lat' dir='ltr'><strong>quam</strong></span> <span class='ocrx_word' id='word_1_102' title='bbox 814 1772 890 1852; x_wconf 89' lang='lat' dir='ltr'><strong>post</strong></span> <span class='ocrx_word' id='word_1_103' title='bbox 912 1762 987 1828; x_wconf 88' lang='lat' dir='ltr'><strong>Vlll</strong></span> <span class='ocrx_word' id='word_1_104' title='bbox 1000 1759 1166 1842; x_wconf 75' lang='lat' dir='ltr'><strong>seculum,</strong></span> <span class='ocrx_word' id='word_1_105' title='bbox 1181 1781 1307 1851; x_wconf 83' lang='lat' dir='ltr'><strong>semper</strong></span> <span class='ocrx_word' id='word_1_106' title='bbox 1319 1783 1412 1829; x_wconf 86' lang='lat' dir='ltr'><strong>cam-</strong></span> 
     </span>
     <span class='ocr_line' id='line_1_14' title="bbox 268 1865 1411 1959; baseline -0.001 -22"><span class='ocrx_word' id='word_1_107' title='bbox 268 1869 343 1938; x_wconf 88' lang='lat' dir='ltr'><strong>dem</strong></span> <span class='ocrx_word' id='word_1_108' title='bbox 357 1880 521 1937; x_wconf 70' lang='lat' dir='ltr'><strong>sanatam</strong></span> <span class='ocrx_word' id='word_1_109' title='bbox 529 1867 628 1959; x_wconf 72' lang='lat' dir='ltr'><strong>pense</strong></span> <span class='ocrx_word' id='word_1_110' title='bbox 638 1866 857 1936; x_wconf 80' lang='lat' dir='ltr'><strong>sententiandi</strong></span> <span class='ocrx_word' id='word_1_111' title='bbox 869 1888 1042 1947; x_wconf 70' lang='lat' dir='ltr'><strong>normam·</strong></span> <span class='ocrx_word' id='word_1_112' title='bbox 1054 1865 1338 1936; x_wconf 85' lang='lat' dir='ltr'><strong>interuenientibus</strong></span> <span class='ocrx_word' id='word_1_113' title='bbox 1350 1869 1411 1938; x_wconf 85' lang='lat' dir='ltr'><strong>sci-</strong></span> 
     </span>
     <span class='ocr_line' id='line_1_15' title="bbox 270 1972 1413 2065; baseline 0 -21"><span class='ocrx_word' id='word_1_114' title='bbox 270 1975 590 2057; x_wconf 63' lang='lat' dir='ltr'><strong>incantationibus,</strong></span> <span class='ocrx_word' id='word_1_115' title='bbox 611 1974 824 2056; x_wconf 76' lang='lat' dir='ltr'><strong>manatione,</strong></span> <span class='ocrx_word' id='word_1_116' title='bbox 844 1973 975 2041; x_wconf 89' lang='lat' dir='ltr'><strong>testium</strong></span> <span class='ocrx_word' id='word_1_117' title='bbox 997 1972 1260 2065; x_wconf 83' lang='lat' dir='ltr'><strong>allepationibus,</strong></span> <span class='ocrx_word' id='word_1_118' title='bbox 1287 1987 1317 2042; x_wconf 87' lang='lat' dir='ltr'><strong>et</strong></span> <span class='ocrx_word' id='word_1_119' title='bbox 1336 1975 1413 2044; x_wconf 83' lang='lat' dir='ltr'><strong>aliis</strong></span> 
     </span>
     <span class='ocr_line' id='line_1_16' title="bbox 266 2079 1409 2173; baseline -0.001 -21"><span class='ocrx_word' id='word_1_120' title='bbox 266 2083 406 2173; x_wconf 82' lang='lat' dir='ltr'><strong>publicis</strong></span> <span class='ocrx_word' id='word_1_121' title='bbox 421 2082 545 2152; x_wconf 84' lang='lat' dir='ltr'><strong>actibus</strong></span> <span class='ocrx_word' id='word_1_122' title='bbox 560 2082 618 2173; x_wconf 79' lang='lat' dir='ltr'><strong>qui</strong></span> <span class='ocrx_word' id='word_1_123' title='bbox 635 2081 773 2171; x_wconf 78' lang='lat' dir='ltr'><strong>sorensis</strong></span> <span class='ocrx_word' id='word_1_124' title='bbox 788 2093 818 2149; x_wconf 87' lang='lat' dir='ltr'><strong>et</strong></span> <span class='ocrx_word' id='word_1_125' title='bbox 832 2080 1023 2148; x_wconf 72' lang='lat' dir='ltr'><strong>contentiosi</strong></span> <span class='ocrx_word' id='word_1_126' title='bbox 1037 2079 1164 2171; x_wconf 83' lang='lat' dir='ltr'><strong>judicii</strong></span> <span class='ocrx_word' id='word_1_127' title='bbox 1175 2081 1307 2173; x_wconf 85' lang='lat' dir='ltr'><strong>proprii</strong></span> <span class='ocrx_word' id='word_1_128' title='bbox 1323 2095 1409 2151; x_wconf 84' lang='lat' dir='ltr'><strong>sunt.</strong></span> 
     </span>
    </p>

    <p class='ocr_par' dir='ltr' id='par_1_7' title="bbox 270 2186 1413 2495">
     <span class='ocr_line' id='line_1_17' title="bbox 314 2186 1412 2280; baseline 0.002 -23"><span class='ocrx_word' id='word_1_129' title='bbox 314 2189 449 2280; x_wconf 88' lang='lat' dir='ltr'><strong>Proprie</strong></span> <span class='ocrx_word' id='word_1_130' title='bbox 464 2189 585 2257; x_wconf 89' lang='lat' dir='ltr'><strong>dictam</strong></span> <span class='ocrx_word' id='word_1_131' title='bbox 599 2188 750 2256; x_wconf 86' lang='lat' dir='ltr'><strong>Ecclesiae</strong></span> <span class='ocrx_word' id='word_1_132' title='bbox 768 2186 975 2277; x_wconf 82' lang='lat' dir='ltr'><strong>jndiciariam</strong></span> <span class='ocrx_word' id='word_1_133' title='bbox 992 2194 1179 2278; x_wconf 85' lang='lat' dir='ltr'><strong>potestatem</strong></span> <span class='ocrx_word' id='word_1_134' title='bbox 1197 2209 1261 2255; x_wconf 92' lang='lat' dir='ltr'><strong>non</strong></span> <span class='ocrx_word' id='word_1_135' title='bbox 1284 2195 1412 2259; x_wconf 80' lang='lat' dir='ltr'><strong>lantum</strong></span> 
     </span>
     <span class='ocr_line' id='line_1_18' title="bbox 270 2292 1409 2384; baseline 0.002 -21"><span class='ocrx_word' id='word_1_136' title='bbox 270 2295 404 2384; x_wconf 83' lang='lat' dir='ltr'><strong>agnovit</strong></span> <span class='ocrx_word' id='word_1_137' title='bbox 416 2295 634 2379; x_wconf 81' lang='lat' dir='ltr'><strong>iustinianus,</strong></span> <span class='ocrx_word' id='word_1_138' title='bbox 646 2293 701 2362; x_wconf 89' lang='lat' dir='ltr'><strong>sed</strong></span> <span class='ocrx_word' id='word_1_139' title='bbox 713 2315 783 2360; x_wconf 88' lang='lat' dir='ltr'><strong>eam</strong></span> <span class='ocrx_word' id='word_1_140' title='bbox 797 2293 898 2361; x_wconf 81' lang='lat' dir='ltr'><strong>sacris</strong></span> <span class='ocrx_word' id='word_1_141' title='bbox 908 2302 940 2361; x_wconf 90' lang='lat' dir='ltr'><strong>et</strong></span> <span class='ocrx_word' id='word_1_142' title='bbox 951 2292 1073 2361; x_wconf 88' lang='lat' dir='ltr'><strong>divinis</strong></span> <span class='ocrx_word' id='word_1_143' title='bbox 1084 2294 1262 2364; x_wconf 89' lang='lat' dir='ltr'><strong>canonibus</strong></span> <span class='ocrx_word' id='word_1_144' title='bbox 1274 2297 1409 2383; x_wconf 75' lang='lat' dir='ltr'><strong>sanciri,</strong></span> 
     </span>
     <span class='ocr_line' id='line_1_19' title="bbox 270 2401 1413 2495; baseline 0.001 -24"><span class='ocrx_word' id='word_1_145' title='bbox 270 2404 310 2471; x_wconf 89' lang='lat' dir='ltr'><strong>dc</strong></span> <span class='ocrx_word' id='word_1_146' title='bbox 326 2425 391 2495; x_wconf 89' lang='lat' dir='ltr'><strong>quo</strong></span> <span class='ocrx_word' id='word_1_147' title='bbox 403 2403 448 2470; x_wconf 89' lang='lat' dir='ltr'><strong>sic</strong></span> <span class='ocrx_word' id='word_1_148' title='bbox 459 2403 492 2469; x_wconf 91' lang='lat' dir='ltr'><strong>in</strong></span> <span class='ocrx_word' id='word_1_149' title='bbox 510 2401 638 2470; x_wconf 86' lang='lat' dir='ltr'><strong>novella</strong></span> <span class='ocrx_word' id='word_1_150' title='bbox 652 2405 691 2469; x_wconf 81' lang='lat'><strong>82</strong></span> <span class='ocrx_word' id='word_1_151' title='bbox 707 2427 714 2470; x_wconf 92' lang='lat'><strong>:</strong></span> <span class='ocrx_word' id='word_1_152' title='bbox 729 2401 770 2470; x_wconf 90' lang='lat' dir='ltr'><strong>Si</strong></span> <span class='ocrx_word' id='word_1_153' title='bbox 780 2401 935 2471; x_wconf 82' lang='lat' dir='ltr'><strong>delictum</strong></span> <span class='ocrx_word' id='word_1_154' title='bbox 948 2401 991 2469; x_wconf 89' lang='lat' dir='ltr'><strong>sit</strong></span> <span class='ocrx_word' id='word_1_155' title='bbox 1005 2402 1264 2482; x_wconf 85' lang='lat' dir='ltr'><strong>ecclesiasticum,</strong></span> <span class='ocrx_word' id='word_1_156' title='bbox 1278 2416 1309 2472; x_wconf 87' lang='lat' dir='ltr'><strong>et</strong></span> <span class='ocrx_word' id='word_1_157' title='bbox 1324 2405 1413 2474; x_wconf 89' lang='lat' dir='ltr'><strong>indi-</strong></span> 
     </span>
    </p>
   </div>
   <div class='ocr_carea' id='block_1_7' title="bbox 270 2508 1520 2602">
    <p class='ocr_par' dir='ltr' id='par_1_8' title="bbox 270 2508 1520 2602">
     <span class='ocr_line' id='line_1_20' title="bbox 270 2508 1520 2602; baseline -0.001 -23"><span class='ocrx_word' id='word_1_158' title='bbox 270 2523 346 2602; x_wconf 78' lang='lat' dir='ltr'><strong>peat</strong></span> <span class='ocrx_word' id='word_1_159' title='bbox 361 2509 556 2578; x_wconf 84' lang='lat' dir='ltr'><strong>correctione</strong></span> <span class='ocrx_word' id='word_1_160' title='bbox 571 2522 601 2577; x_wconf 87' lang='lat' dir='ltr'><strong>et</strong></span> <span class='ocrx_word' id='word_1_161' title='bbox 623 2531 724 2599; x_wconf 79' lang='lat' dir='ltr'><strong>paena</strong></span> <span class='ocrx_word' id='word_1_162' title='bbox 739 2508 962 2588; x_wconf 88' lang='lat' dir='ltr'><strong>ecclesiastica,</strong></span> <span class='ocrx_word' id='word_1_163' title='bbox 980 2512 1047 2575; x_wconf 89' lang='lat' dir='ltr'><strong>Deo</strong></span> <span class='ocrx_word' id='word_1_164' title='bbox 1063 2508 1216 2577; x_wconf 66' lang='lat' dir='ltr'><strong>nmamlis</strong></span> <span class='ocrx_word' id='word_1_165' title='bbox 1231 2511 1413 2602; x_wconf 78' lang='lat' dir='ltr'><strong>Episcopus</strong></span> <span class='ocrx_word' id='word_1_166' title='bbox 1519 2515 1520 2582; x_wconf 74' lang='lat' dir='ltr'><strong>l</strong></span> 
     </span>
    </p>
   </div>
   <div class='ocr_carea' id='block_1_8' title="bbox 268 2615 1428 4308">
    <p class='ocr_par' dir='ltr' id='par_1_9' title="bbox 268 2615 1414 3242">
     <span class='ocr_line' id='line_1_21' title="bbox 272 2615 1412 2706; baseline 0.002 -21"><span class='ocrx_word' id='word_1_167' title='bbox 272 2617 311 2685; x_wconf 90' lang='lat' dir='ltr'><strong>de</strong></span> <span class='ocrx_word' id='word_1_168' title='bbox 334 2617 394 2684; x_wconf 78' lang='lat' dir='ltr'><strong>icoc</strong></span> <span class='ocrx_word' id='word_1_169' title='bbox 413 2616 553 2706; x_wconf 88' lang='lat' dir='ltr'><strong>judicet,</strong></span> <span class='ocrx_word' id='word_1_170' title='bbox 580 2616 672 2684; x_wconf 86' lang='lat' dir='ltr'><strong>nulla</strong></span> <span class='ocrx_word' id='word_1_171' title='bbox 694 2619 786 2706; x_wconf 81' lang='lat' dir='ltr'><strong>saeta</strong></span> <span class='ocrx_word' id='word_1_172' title='bbox 809 2615 1101 2684; x_wconf 84' lang='lat' dir='ltr'><strong>communicatione</strong></span> <span class='ocrx_word' id='word_1_173' title='bbox 1124 2638 1200 2683; x_wconf 89' lang='lat' dir='ltr'><strong>cum</strong></span> <span class='ocrx_word' id='word_1_174' title='bbox 1225 2617 1412 2687; x_wconf 87' lang='lat' dir='ltr'><strong>clarissimis</strong></span> 
     </span>
     <span class='ocr_line' id='line_1_22' title="bbox 268 2721 1413 2815; baseline 0.003 -24"><span class='ocrx_word' id='word_1_175' title='bbox 268 2723 446 2815; x_wconf 72' lang='lat' dir='ltr'><strong>provincia</strong></span> <span class='ocrx_word' id='word_1_176' title='bbox 461 2721 642 2812; x_wconf 80' lang='lat' dir='ltr'><strong>judicibus.</strong></span> <span class='ocrx_word' id='word_1_177' title='bbox 661 2725 734 2791; x_wconf 88' lang='lat' dir='ltr'><strong>Nan</strong></span> <span class='ocrx_word' id='word_1_178' title='bbox 747 2723 833 2790; x_wconf 87' lang='lat' dir='ltr'><strong>enim</strong></span> <span class='ocrx_word' id='word_1_179' title='bbox 847 2723 998 2791; x_wconf 87' lang='lat' dir='ltr'><strong>uolumus</strong></span> <span class='ocrx_word' id='word_1_180' title='bbox 1012 2722 1120 2791; x_wconf 84' lang='lat' dir='ltr'><strong>civiles</strong></span> <span class='ocrx_word' id='word_1_181' title='bbox 1143 2723 1359 2813; x_wconf 82' lang='lat' dir='ltr'><strong>mapistratus</strong></span> <span class='ocrx_word' id='word_1_182' title='bbox 1373 2726 1413 2794; x_wconf 90' lang='lat' dir='ltr'><strong>de</strong></span> 
     </span>
     <span class='ocr_line' id='line_1_23' title="bbox 271 2827 1414 2920; baseline 0.003 -23"><span class='ocrx_word' id='word_1_183' title='bbox 271 2830 391 2898; x_wconf 85' lang='lat' dir='ltr'><strong>talibus</strong></span> <span class='ocrx_word' id='word_1_184' title='bbox 420 2829 557 2920; x_wconf 80' lang='lat' dir='ltr'><strong>nepotiis</strong></span> <span class='ocrx_word' id='word_1_185' title='bbox 581 2828 649 2897; x_wconf 87' lang='lat' dir='ltr'><strong>uilo</strong></span> <span class='ocrx_word' id='word_1_186' title='bbox 675 2827 771 2896; x_wconf 88' lang='lat' dir='ltr'><strong>modo</strong></span> <span class='ocrx_word' id='word_1_187' title='bbox 797 2851 993 2920; x_wconf 82' lang='lat' dir='ltr'><strong>capnoscere.</strong></span> <span class='ocrx_word' id='word_1_188' title='bbox 1019 2833 1072 2898; x_wconf 83' lang='lat' dir='ltr'><strong>Ea</strong></span> <span class='ocrx_word' id='word_1_189' title='bbox 1097 2829 1182 2897; x_wconf 88' lang='lat' dir='ltr'><strong>enim</strong></span> <span class='ocrx_word' id='word_1_190' title='bbox 1208 2831 1414 2900; x_wconf 84' lang='lat' dir='ltr'><strong>ecclesiastice</strong></span> 
     </span>
     <span class='ocr_line' id='line_1_24' title="bbox 271 2935 1413 3032; baseline 0.001 -26"><span class='ocrx_word' id='word_1_191' title='bbox 271 2936 472 3007; x_wconf 74' lang='lat' dir='ltr'><strong>dissiciendo</strong></span> <span class='ocrx_word' id='word_1_192' title='bbox 499 2949 594 3017; x_wconf 86' lang='lat' dir='ltr'><strong>sunt;</strong></span> <span class='ocrx_word' id='word_1_193' title='bbox 617 2948 647 3004; x_wconf 88' lang='lat' dir='ltr'><strong>et</strong></span> <span class='ocrx_word' id='word_1_194' title='bbox 673 2935 931 3027; x_wconf 84' lang='lat' dir='ltr'><strong>delinquentium</strong></span> <span class='ocrx_word' id='word_1_195' title='bbox 959 2937 1081 3032; x_wconf 78' lang='lat' dir='ltr'><strong>animae</strong></span> <span class='ocrx_word' id='word_1_196' title='bbox 1106 2937 1277 3006; x_wconf 84' lang='lat' dir='ltr'><strong>emendari</strong></span> <span class='ocrx_word' id='word_1_197' title='bbox 1297 2938 1413 3008; x_wconf 84' lang='lat' dir='ltr'><strong>debent</strong></span> 
     </span>
     <span class='ocr_line' id='line_1_25' title="bbox 268 3041 1413 3137; baseline 0.003 -25"><span class='ocrx_word' id='word_1_198' title='bbox 268 3067 329 3135; x_wconf 86' lang='lat' dir='ltr'><strong>per</strong></span> <span class='ocrx_word' id='word_1_199' title='bbox 343 3065 458 3134; x_wconf 86' lang='lat' dir='ltr'><strong>poenas</strong></span> <span class='ocrx_word' id='word_1_200' title='bbox 475 3041 711 3123; x_wconf 86' lang='lat' dir='ltr'><strong>ecclesiasticas,</strong></span> <span class='ocrx_word' id='word_1_201' title='bbox 725 3042 830 3132; x_wconf 78' lang='lat' dir='ltr'><strong>juata</strong></span> <span class='ocrx_word' id='word_1_202' title='bbox 849 3066 957 3112; x_wconf 84' lang='lat' dir='ltr'><strong>sacros</strong></span> <span class='ocrx_word' id='word_1_203' title='bbox 970 3056 1002 3112; x_wconf 90' lang='lat' dir='ltr'><strong>et</strong></span> <span class='ocrx_word' id='word_1_204' title='bbox 1021 3043 1147 3112; x_wconf 85' lang='lat' dir='ltr'><strong>divinos</strong></span> <span class='ocrx_word' id='word_1_205' title='bbox 1166 3066 1314 3127; x_wconf 86' lang='lat' dir='ltr'><strong>canones,</strong></span> <span class='ocrx_word' id='word_1_206' title='bbox 1332 3068 1413 3137; x_wconf 84' lang='lat' dir='ltr'><strong>qnos</strong></span> 
     </span>
     <span class='ocr_line' id='line_1_26' title="bbox 271 3149 1021 3242; baseline -0.001 -24"><span class='ocrx_word' id='word_1_207' title='bbox 271 3165 392 3220; x_wconf 81' lang='lat' dir='ltr'><strong>nostrae</strong></span> <span class='ocrx_word' id='word_1_208' title='bbox 404 3153 505 3220; x_wconf 87' lang='lat' dir='ltr'><strong>etiam</strong></span> <span class='ocrx_word' id='word_1_209' title='bbox 518 3151 601 3242; x_wconf 79' lang='lat' dir='ltr'><strong>Iepes</strong></span> <span class='ocrx_word' id='word_1_210' title='bbox 613 3149 705 3241; x_wconf 83' lang='lat' dir='ltr'><strong>sequi</strong></span> <span class='ocrx_word' id='word_1_211' title='bbox 714 3172 779 3217; x_wconf 88' lang='lat' dir='ltr'><strong>non</strong></span> <span class='ocrx_word' id='word_1_212' title='bbox 794 3149 1021 3242; x_wconf 74' lang='lat' dir='ltr'><strong>dediprmntur.</strong></span> 
     </span>
    </p>

    <p class='ocr_par' dir='ltr' id='par_1_10' title="bbox 269 3255 1428 4308">
     <span class='ocr_line' id='line_1_27' title="bbox 316 3255 1413 3349; baseline 0.002 -23"><span class='ocrx_word' id='word_1_213' title='bbox 316 3257 438 3326; x_wconf 84' lang='lat' dir='ltr'><strong>Forum</strong></span> <span class='ocrx_word' id='word_1_214' title='bbox 465 3255 615 3325; x_wconf 76' lang='lat' dir='ltr'><strong>Ecclesiae</strong></span> <span class='ocrx_word' id='word_1_215' title='bbox 638 3256 873 3325; x_wconf 89' lang='lat' dir='ltr'><strong>contentiosum</strong></span> <span class='ocrx_word' id='word_1_216' title='bbox 899 3257 1037 3348; x_wconf 85' lang='lat' dir='ltr'><strong>probant</strong></span> <span class='ocrx_word' id='word_1_217' title='bbox 1063 3257 1196 3348; x_wconf 88' lang='lat' dir='ltr'><strong>insuper</strong></span> <span class='ocrx_word' id='word_1_218' title='bbox 1210 3259 1413 3349; x_wconf 70' lang='lat' dir='ltr'><strong>paenitentia</strong></span> 
     </span>
     <span class='ocr_line' id='line_1_28' title="bbox 269 3361 1410 3456; baseline 0 -23"><span class='ocrx_word' id='word_1_219' title='bbox 269 3363 420 3456; x_wconf 79' lang='lat' dir='ltr'><strong>publicae,</strong></span> <span class='ocrx_word' id='word_1_220' title='bbox 438 3385 513 3453; x_wconf 85' lang='lat' dir='ltr'><strong>quae</strong></span> <span class='ocrx_word' id='word_1_221' title='bbox 538 3363 711 3454; x_wconf 87' lang='lat' dir='ltr'><strong>perplura</strong></span> <span class='ocrx_word' id='word_1_222' title='bbox 735 3361 855 3430; x_wconf 81' lang='lat' dir='ltr'><strong>smcula</strong></span> <span class='ocrx_word' id='word_1_223' title='bbox 878 3361 912 3429; x_wconf 91' lang='lat' dir='ltr'><strong>in</strong></span> <span class='ocrx_word' id='word_1_224' title='bbox 940 3385 1001 3430; x_wconf 88' lang='lat' dir='ltr'><strong>usu</strong></span> <span class='ocrx_word' id='word_1_225' title='bbox 1025 3362 1099 3449; x_wconf 87' lang='lat' dir='ltr'><strong>luit,</strong></span> <span class='ocrx_word' id='word_1_226' title='bbox 1118 3362 1201 3430; x_wconf 87' lang='lat' dir='ltr'><strong>ratio</strong></span> <span class='ocrx_word' id='word_1_227' title='bbox 1225 3373 1257 3432; x_wconf 86' lang='lat' dir='ltr'><strong>et</strong></span> <span class='ocrx_word' id='word_1_228' title='bbox 1282 3385 1410 3434; x_wconf 82' lang='lat' dir='ltr'><strong>norma.</strong></span> 
     </span>
     <span class='ocr_line' id='line_1_29' title="bbox 272 3467 1428 3562; baseline 0.001 -21"><span class='ocrx_word' id='word_1_229' title='bbox 272 3471 401 3562; x_wconf 85' lang='lat' dir='ltr'><strong>Duplex</strong></span> <span class='ocrx_word' id='word_1_230' title='bbox 417 3470 535 3537; x_wconf 87' lang='lat' dir='ltr'><strong>scilicet</strong></span> <span class='ocrx_word' id='word_1_231' title='bbox 558 3468 621 3536; x_wconf 88' lang='lat' dir='ltr'><strong>fuit</strong></span> <span class='ocrx_word' id='word_1_232' title='bbox 636 3467 794 3559; x_wconf 87' lang='lat' dir='ltr'><strong>ejusmodi</strong></span> <span class='ocrx_word' id='word_1_233' title='bbox 817 3469 1020 3560; x_wconf 74' lang='lat' dir='ltr'><strong>penitentia,</strong></span> <span class='ocrx_word' id='word_1_234' title='bbox 1037 3469 1107 3560; x_wconf 88' lang='lat' dir='ltr'><strong>ipso</strong></span> <span class='ocrx_word' id='word_1_235' title='bbox 1130 3469 1248 3538; x_wconf 85' lang='lat' dir='ltr'><strong>latente</strong></span> <span class='ocrx_word' id='word_1_236' title='bbox 1270 3469 1428 3561; x_wconf 80' lang='lat' dir='ltr'><strong>lllorino,¹</strong></span> 
     </span>
     <span class='ocr_line' id='line_1_30' title="bbox 272 3575 1415 3671; baseline 0.002 -25"><span class='ocrx_word' id='word_1_237' title='bbox 272 3585 447 3671; x_wconf 87' lang='lat' dir='ltr'><strong>spontanea</strong></span> <span class='ocrx_word' id='word_1_238' title='bbox 462 3583 493 3643; x_wconf 89' lang='lat' dir='ltr'><strong>et</strong></span> <span class='ocrx_word' id='word_1_239' title='bbox 508 3583 626 3645; x_wconf 89' lang='lat' dir='ltr'><strong>coacta.</strong></span> <span class='ocrx_word' id='word_1_240' title='bbox 647 3575 760 3646; x_wconf 82' lang='lat' dir='ltr'><strong>«Cum</strong></span> <span class='ocrx_word' id='word_1_241' title='bbox 782 3585 947 3667; x_wconf 82' lang='lat' dir='ltr'><strong>peccatum</strong></span> <span class='ocrx_word' id='word_1_242' title='bbox 961 3586 1030 3644; x_wconf 86' lang='lat' dir='ltr'><strong>erat</strong></span> <span class='ocrx_word' id='word_1_243' title='bbox 1050 3576 1230 3668; x_wconf 91' lang='lat' dir='ltr'><strong>publicum,</strong></span> <span class='ocrx_word' id='word_1_244' title='bbox 1248 3577 1288 3645; x_wconf 89' lang='lat' dir='ltr'><strong>ad</strong></span> <span class='ocrx_word' id='word_1_245' title='bbox 1304 3581 1415 3670; x_wconf 88' lang='lat' dir='ltr'><strong>poeni-</strong></span> 
     </span>
     <span class='ocr_line' id='line_1_31' title="bbox 276 3682 1415 3774; baseline 0.004 -23"><span class='ocrx_word' id='word_1_246' title='bbox 276 3713 291 3751; x_wconf 77' lang='lat' dir='ltr'><strong>a</strong></span> <span class='ocrx_word' id='word_1_247' title='bbox 317 3685 450 3754; x_wconf 87' lang='lat' dir='ltr'><strong>tentiam</strong></span> <span class='ocrx_word' id='word_1_248' title='bbox 475 3683 602 3774; x_wconf 87' lang='lat' dir='ltr'><strong>publice</strong></span> <span class='ocrx_word' id='word_1_249' title='bbox 627 3682 786 3771; x_wconf 80' lang='lat' dir='ltr'><strong>agendam</strong></span> <span class='ocrx_word' id='word_1_250' title='bbox 814 3691 994 3774; x_wconf 88' lang='lat' dir='ltr'><strong>peccatores</strong></span> <span class='ocrx_word' id='word_1_251' title='bbox 1017 3685 1355 3754; x_wconf 83' lang='lat' dir='ltr'><strong>excommunicatione</strong></span> <span class='ocrx_word' id='word_1_252' title='bbox 1382 3697 1415 3756; x_wconf 89' lang='lat' dir='ltr'><strong>at</strong></span> 
     </span>
     <span class='ocr_line' id='line_1_32' title="bbox 276 3788 1414 3883; baseline 0.002 -25"><span class='ocrx_word' id='word_1_253' title='bbox 276 3821 292 3858; x_wconf 82' lang='lat' dir='ltr'><strong>a</strong></span> <span class='ocrx_word' id='word_1_254' title='bbox 315 3789 503 3861; x_wconf 88' lang='lat' dir='ltr'><strong>omnimoda</strong></span> <span class='ocrx_word' id='word_1_255' title='bbox 514 3789 555 3854; x_wconf 86' lang='lat' dir='ltr'><strong>ab</strong></span> <span class='ocrx_word' id='word_1_256' title='bbox 568 3788 709 3856; x_wconf 83' lang='lat' dir='ltr'><strong>Ecclesia</strong></span> <span class='ocrx_word' id='word_1_257' title='bbox 720 3789 911 3880; x_wconf 84' lang='lat' dir='ltr'><strong>expulsione</strong></span> <span class='ocrx_word' id='word_1_258' title='bbox 923 3790 1135 3879; x_wconf 84' lang='lat' dir='ltr'><strong>cogebantur.</strong></span> <span class='ocrx_word' id='word_1_259' title='bbox 1151 3793 1195 3858; x_wconf 81' lang='lat' dir='ltr'><strong>At</strong></span> <span class='ocrx_word' id='word_1_260' title='bbox 1213 3801 1414 3883; x_wconf 87' lang='lat' dir='ltr'><strong>cum&#39;pecca-</strong></span> 
     </span>
     <span class='ocr_line' id='line_1_33' title="bbox 276 3895 1411 3990; baseline 0.002 -25"><span class='ocrx_word' id='word_1_261' title='bbox 276 3927 293 3965; x_wconf 78' lang='lat' dir='ltr'><strong>n</strong></span> <span class='ocrx_word' id='word_1_262' title='bbox 316 3909 384 3968; x_wconf 88' lang='lat' dir='ltr'><strong>tum</strong></span> <span class='ocrx_word' id='word_1_263' title='bbox 400 3905 469 3965; x_wconf 85' lang='lat' dir='ltr'><strong>eret</strong></span> <span class='ocrx_word' id='word_1_264' title='bbox 482 3895 658 3980; x_wconf 82' lang='lat' dir='ltr'><strong>occultum,</strong></span> <span class='ocrx_word' id='word_1_265' title='bbox 676 3896 875 3986; x_wconf 76' lang='lat' dir='ltr'><strong>poenitentias</strong></span> <span class='ocrx_word' id='word_1_266' title='bbox 891 3896 1030 3986; x_wconf 75' lang='lat' dir='ltr'><strong>publicas</strong></span> <span class='ocrx_word' id='word_1_267' title='bbox 1045 3897 1127 3966; x_wconf 89' lang='lat' dir='ltr'><strong>actio</strong></span> <span class='ocrx_word' id='word_1_268' title='bbox 1140 3906 1210 3966; x_wconf 85' lang='lat' dir='ltr'><strong>erat</strong></span> <span class='ocrx_word' id='word_1_269' title='bbox 1223 3906 1411 3990; x_wconf 85' lang='lat' dir='ltr'><strong>spontanee,</strong></span> 
     </span>
     <span class='ocr_line' id='line_1_34' title="bbox 276 4001 1415 4092; baseline 0.004 -22"><span class='ocrx_word' id='word_1_270' title='bbox 276 4033 293 4070; x_wconf 84' lang='lat' dir='ltr'><strong>a</strong></span> <span class='ocrx_word' id='word_1_271' title='bbox 316 4006 377 4073; x_wconf 91' lang='lat' dir='ltr'><strong>hoc</strong></span> <span class='ocrx_word' id='word_1_272' title='bbox 390 4011 450 4087; x_wconf 86' lang='lat' dir='ltr'><strong>est,</strong></span> <span class='ocrx_word' id='word_1_273' title='bbox 464 4001 505 4070; x_wconf 89' lang='lat' dir='ltr'><strong>sd</strong></span> <span class='ocrx_word' id='word_1_274' title='bbox 517 4013 588 4069; x_wconf 88' lang='lat' dir='ltr'><strong>eam</strong></span> <span class='ocrx_word' id='word_1_275' title='bbox 604 4002 677 4089; x_wconf 77' lang='lat' dir='ltr'><strong>cogi</strong></span> <span class='ocrx_word' id='word_1_276' title='bbox 692 4022 758 4069; x_wconf 93' lang='lat' dir='ltr'><strong>non</strong></span> <span class='ocrx_word' id='word_1_277' title='bbox 773 4009 920 4092; x_wconf 85' lang='lat' dir='ltr'><strong>poterant</strong></span> <span class='ocrx_word' id='word_1_278' title='bbox 932 4002 998 4070; x_wconf 89' lang='lat' dir='ltr'><strong>ulla</strong></span> <span class='ocrx_word' id='word_1_279' title='bbox 1012 4005 1344 4074; x_wconf 83' lang='lat' dir='ltr'><strong>excommunicatione</strong></span> <span class='ocrx_word' id='word_1_280' title='bbox 1358 4015 1415 4075; x_wconf 89' lang='lat' dir='ltr'><strong>aut</strong></span> 
     </span>
     <span class='ocr_line' id='line_1_35' title="bbox 276 4107 1411 4200; baseline 0.004 -23"><span class='ocrx_word' id='word_1_281' title='bbox 276 4118 592 4178; x_wconf 80' lang='lat' dir='ltr'><strong>«sacramentorum</strong></span> <span class='ocrx_word' id='word_1_282' title='bbox 621 4107 751 4199; x_wconf 89' lang='lat' dir='ltr'><strong>publica</strong></span> <span class='ocrx_word' id='word_1_283' title='bbox 776 4109 1001 4198; x_wconf 82' lang='lat' dir='ltr'><strong>denegatione.</strong></span> <span class='ocrx_word' id='word_1_284' title='bbox 1027 4135 1045 4173; x_wconf 77' lang='lat' dir='ltr'><strong>n</strong></span> <span class='ocrx_word' id='word_1_285' title='bbox 1072 4110 1242 4200; x_wconf 85' lang='lat' dir='ltr'><strong>(Morinos,</strong></span> <span class='ocrx_word' id='word_1_286' title='bbox 1269 4111 1309 4180; x_wconf 91' lang='lat' dir='ltr'><strong>de</strong></span> <span class='ocrx_word' id='word_1_287' title='bbox 1334 4117 1411 4181; x_wconf 84' lang='lat' dir='ltr'><strong>Sec.</strong></span> 
     </span>
     <span class='ocr_line' id='line_1_36' title="bbox 274 4215 1322 4308; baseline -0.006 -18"><span class='ocrx_word' id='word_1_288' title='bbox 274 4217 409 4298; x_wconf 69' lang='lat' dir='ltr'><strong>Panic„</strong></span> <span class='ocrx_word' id='word_1_289' title='bbox 427 4218 450 4284; x_wconf 91' lang='lat' dir='ltr'><strong>l.</strong></span> <span class='ocrx_word' id='word_1_290' title='bbox 472 4221 503 4304; x_wconf 82' lang='lat'><strong>5,</strong></span> <span class='ocrx_word' id='word_1_291' title='bbox 518 4239 546 4284; x_wconf 90' lang='lat' dir='ltr'><strong>c.</strong></span> <span class='ocrx_word' id='word_1_292' title='bbox 567 4219 620 4303; x_wconf 81' lang='lat'><strong>17,</strong></span> <span class='ocrx_word' id='word_1_293' title='bbox 638 4239 672 4283; x_wconf 92' lang='lat' dir='ltr'><strong>n.</strong></span> <span class='ocrx_word' id='word_1_294' title='bbox 692 4220 724 4303; x_wconf 87' lang='lat'><strong>7,</strong></span> <span class='ocrx_word' id='word_1_295' title='bbox 742 4238 818 4308; x_wconf 77' lang='lat' dir='ltr'><strong>pag.</strong></span> <span class='ocrx_word' id='word_1_296' title='bbox 836 4219 912 4302; x_wconf 77' lang='lat'><strong>298,</strong></span> <span class='ocrx_word' id='word_1_297' title='bbox 931 4215 1007 4286; x_wconf 75' lang='lat' dir='ltr'><strong>edit,</strong></span> <span class='ocrx_word' id='word_1_298' title='bbox 1024 4216 1194 4286; x_wconf 82' lang='lat' dir='ltr'><strong>Bruxelles</strong></span> <span class='ocrx_word' id='word_1_299' title='bbox 1212 4219 1322 4308; x_wconf 77' lang='lat' dir='ltr'><strong>tcto.)</strong></span> 
     </span>
    </p>
   </div>
   <div class='ocr_carea' id='block_1_9' title="bbox 0 0 1538 4962">
    <p class='ocr_par' dir='ltr' id='par_1_11' title="bbox 0 0 1538 4962">
     <span class='ocr_line' id='line_1_37' title="bbox 0 0 1538 4962; baseline 0 0"><span class='ocrx_word' id='word_1_300' title='bbox 0 0 1538 4962; x_wconf 95' lang='lat' dir='ltr'><strong> </strong></span> 
     </span>
    </p>
   </div>
  </div>
 </body>
</html>
