3030 4980
534 441 609 488 PARS
631 440 778 488 SECUNDA·

608 771 693 864 511.

255 967 389 1022 Evolvitur
401 969 474 1021 notio
488 968 521 1020 ds
531 970 624 1022 nutura
634 967 773 1022 sicuristus
783 970 915 1036 generalis
924 970 1058 1035 Episcopi.

125 1204 271 1287 Qursrm
286 1205 328 1274 1².
346 1241 390 1257 -
413 1207 532 1273 Utrum
553 1203 699 1274 Vieorios
721 1205 883 1297 pecoralis
897 1205 1055 1298 Episcopi
1061 1205 1229 1297 jurisdic-

80 1313 206 1382 tionem
218 1312 339 1382 doleat
351 1335 374 1380 o
389 1312 469 1404 leqc,
488 1335 533 1380 an
547 1333 623 1380 vcro
637 1312 679 1380 ab
694 1313 856 1404 Episcopo
867 1317 882 1380 3
894 1351 939 1364 —-
954 1312 1067 1405 Aliqui
1082 1312 1229 1383 doctores
1338 1391 1340 1397 ,

78 1418 320 1505 sustinuerunt,
341 1416 472 1488 Vicerio
488 1417 634 1508 generali
647 1416 800 1510 Episcopi
810 1417 1073 1508 jurisdictionem
1087 1418 1229 1488 derivari

79 1525 123 1592 eb
146 1524 317 1617 Episcopo,
347 1547 414 1594 non
433 1546 453 1593 u
474 1525 556 1614 lege.
583 1524 632 1592 lu
655 1524 786 1594 Gurcies
809 1523 858 1614 (de
880 1524 1057 1616 Beneficiis,
1080 1533 1170 1616 parte
1196 1531 1228 1616 5,

79 1655 153 1723 cep.
183 1636 214 1720 8,
243 1656 276 1701 n.
308 1635 348 1700 21
375 1642 407 1701 et
430 1632 500 1725 25),
526 1654 652 1702 necnon
682 1632 936 1702 Pax-Jordnnus
964 1632 996 1722 (1.
1030 1633 1160 1718 12,111.
1197 1639 1229 1722 1,

80 1763 116 1808 n.
138 1741 191 1830 13)
206 1767 215 1826 ;
232 1740 351 1832 quibus
366 1739 645 1832 accedithymen
659 1740 705 1831 (in
721 1763 793 1832 cap.
812 1743 844 1828 1,
861 1739 949 1808 tituli
961 1744 1016 1827 23,
1034 1741 1112 1809 libri
1130 1746 1144 1810 1
1163 1743 1231 1810 lle-

80 1848 265 1936 oretanum,
284 1871 318 1916 n.
341 1848 387 1938 3),
409 1847 490 1916 dum
509 1847 614 1916 dicit:
640 1871 658 1912 <r
677 1846 802 1918 Vicsrii
822 1846 983 1936 generalis
998 1869 1057 1916 seu
1070 1846 1229 1918 Officialis

85 1981 104 2018 c
126 1952 323 2045 jurisdictio,
337 1976 412 2046 quae
422 1961 454 2022 et
468 1953 539 2046 ipso
550 1952 718 2022 ordinaris
729 1963 789 2042 est,
806 1953 926 2024 directe
938 1955 1088 2045 provenit
1099 1955 1140 2024 ab
1150 1955 1232 2048 Epi-

86 2087 104 2124 o
130 2083 227 2151 scopo
248 2069 374 2129 creante
389 2068 421 2128 et
434 2059 622 2128 instituente
634 2060 828 2141 Vicarium3
851 2059 1006 2129 indirecte
1021 2083 1100 2130 vcro
1122 2085 1141 2130 a
1158 2061 1230 2150 lege

86 2195 104 2233 u
131 2191 189 2236 sen
198 2191 333 2254 cunone,
349 2168 427 2261 quio
444 2190 548 2238 canon
561 2168 784 2236 auctoritatem
796 2166 853 2236 dut
866 2167 1034 2238 Vicerium
1047 2169 1232 2260 generalem

87 2301 105 2340 o
130 2275 322 2346 instituendi
348 2304 356 2344 ε
381 2298 456 2344 nam
472 2275 617 2367 alioquin
637 2297 733 2343 nemo
753 2273 903 2366 Principe
924 2275 1060 2345 inferior
1086 2275 1231 2345 officium

86 2408 105 2448 o
130 2391 188 2451 aut
205 2383 464 2474 jurisdictionem
485 2405 591 2469 suom,
610 2381 685 2474 jure
705 2380 872 2450 ordinario
891 2383 1119 2470 exercendam,
1141 2406 1233 2452 com-

87 2517 106 2558 α
133 2489 259 2560 mittere
274 2497 390 2584 potest.
409 2517 427 2558 »

130 2597 348 2668 communius
367 2607 475 2669 temen
490 2599 574 2668 hunc
596 2599 787 2668 sententiam
810 2597 975 2690 rejiciunt,
998 2607 1031 2667 et
1050 2598 1231 2692 oppositum

84 2729 148 2798 pro
164 2715 253 2775 certa
266 2715 378 2776 tenent
389 2707 547 2776 doctores.
574 2705 676 2775 «Lex
696 2705 768 2796 ipss
785 2712 834 2774 est
852 2705 908 2797 (eit
925 2705 1137 2799 Pignulellus)
1157 2731 1231 2799 quae

89 2841 108 2879 u
133 2813 190 2882 dat
205 2813 463 2904 jurisdictionem
484 2814 619 2884 Vicario
638 2811 795 2902 generali,
827 2811 1007 2881 secundum
1034 2814 1174 2904 glossam
1199 2819 1233 2885 iu

88 2945 109 2987 u
134 2943 205 3012 cap.
222 2925 373 2991 Romano
387 2922 431 3012 (3,
453 2921 539 2989 tituli
561 2924 614 3006 15,
632 2918 708 2988 libri
723 2922 756 3006 2,
774 2920 812 2986 in
830 2921 948 3008 sexto),
966 2920 1065 2990 verbo
1087 2923 1232 2993 Genero-

91 3053 109 3094 «
135 3028 258 3096 liter.»
283 3030 389 3121 (Toni.
419 3033 452 3114 1,
478 3027 616 3097 consult.
637 3031 692 3114 37,
716 3049 750 3095 n.
778 3028 824 3119 5.)
846 3027 996 3097 ditantur
1017 3036 1129 3099 nutem
1146 3033 1234 3101 ibia

87 3135 285 3226 Pignotello,
306 3145 461 3227 tanquam
482 3134 587 3205 eidem
609 3135 778 3203 sententiae
797 3133 1014 3223 adherentes,
1039 3137 1232 3228 Hostiensis,

88 3240 204 3310 Abbes
221 3243 486 3330 Panormitenus‚
508 3249 540 3326 et
558 3241 719 3312 Vestrius.
749 3241 944 3324 «Quinimo
967 3241 1023 3334 (sit
1043 3243 1122 3312 alibi
1146 3245 1233 3316 idem

94 3376 113 3414 o
136 3351 257 3439 auctor)
274 3349 445 3419 Vicarium
455 3373 524 3418 esse
542 3349 733 3436 Praelotum,
750 3355 930 3416 constater
945 3371 984 3417 eo
1005 3349 1094 3441 quod
1106 3362 1234 3422 exercet

94 3483 114 3522 o
138 3464 237 3524 totam
252 3456 342 3525 illam
360 3456 619 3548 jurisdictionem
634 3479 733 3549 quam
749 3455 846 3524 hahet
865 3455 934 3546 ipse
949 3455 1141 3549 Episcopus.
1158 3460 1236 3529 Haec

96 3589 114 3629 o
137 3571 248 3632 autem
260 3563 448 3655 jurisdictio
462 3565 627 3634 constituit
639 3563 876 3650 Praelstursm3
892 3570 924 3630 et
936 3562 1073 3654 proinde
1088 3575 1238 3636 censetur

95 3697 113 3736 o
138 3670 334 3740 constitutus
360 3670 473 3761 alege
491 3722 542 3758 ...,
560 3679 592 3740 et
615 3669 730 3762 accipit
754 3668 1015 3761 jurisdictionem
1039 3671 1151 3762 alege
1181 3675 1239 3744 ubi

96 3803 114 3843 α
138 3777 283 3868 primum
297 3777 447 3847 Vicerius
468 3777 675 3847 constituitur
693 3806 746 3857 ...;
763 3779 850 3847 unde
866 3776 964 3845 hebet
979 3775 1238 3868 jurisdictionem

97 3913 115 3949 o
139 3884 265 3954 ratione
286 3885 385 3955 oliicii
411 3897 442 3955 et
463 3887 558 3956 titulo
581 3885 802 3955 vicariatus.»
825 3885 931 3977 (Tom.
960 3887 993 3972 3,
1014 3886 1154 3955 consult.
1182 3893 1238 3978 61,

95 4018 129 4061 n.
156 3994 202 4084 1.)

147 4131 164 4171 o
186 4105 379 4198 Respondeo
400 4104 456 4197 (sit
470 4102 663 4192 Leurenius)
688 4101 832 4195 accipere
852 4099 1023 4171 Vicorium
1037 4099 1245 4192 jurisdictio-

101 4242 118 4279 «
143 4237 232 4302 nem,
248 4236 314 4284 non
327 4223 396 4283 tom
409 4213 451 4283 nb
465 4213 638 4304 Episcopo,
656 4232 755 4304 quem
776 4210 817 4278 ab
833 4209 904 4301 ipse
922 4208 1013 4299 lege3
1031 4231 1069 4278 co
1085 4211 1186 4302 quod,
1205 4213 1246 4299 ΙίιιΙ
