3030 4980
294 470 356 533 490
656 488 831 534 rnncrnrus
859 489 898 534 oe
921 488 1053 534 rnorcns.

290 600 419 686 obiisse,
444 621 511 668 non
532 599 631 669 modo
653 599 785 670 clericos
808 601 843 670 in
869 599 981 686 saeris,
1005 599 1062 668 sed
1085 611 1117 668 et
1140 599 1329 693 Episcopos,
1353 599 1429 668 licet

290 708 351 774 sub
366 707 763 795 aredi-cancellariorum,
783 731 842 778 sen
861 729 1057 798 mapttorum
1079 708 1350 781 emutilariorttm
1372 731 1429 776 na-

290 814 388 884 mine.
403 815 530 896 Quibus
547 814 707 903 adductis,
730 816 777 885 sic
797 814 948 884 laudatus
968 821 1081 884 auctor
1103 813 1295 906 subiungit:
1317 841 1335 878 a
1350 814 1429 884 Pos-

292 947 309 987 a
331 930 403 990 sant
418 930 448 990 et
461 922 525 991 alia
538 922 707 1015 complura
722 922 786 992 huc
800 930 992 1013 argumenta
1006 922 1215 1009 accumulari,
1233 922 1355 1014 quibus
1373 946 1429 991 ra·

294 1055 311 1095 a
332 1028 433 1098 lidius
449 1029 509 1098 boc
529 1031 636 1122 ipsum
655 1038 860 1120 argueretur,
877 1030 945 1122 jam
967 1029 1079 1098 indaa
1102 1028 1302 1121 temporibus
1323 1029 1428 1098 Caroli

294 1135 446 1226 «magni
473 1135 617 1205 officium
648 1137 767 1206 notarii
795 1135 957 1227 gradatim
988 1137 1169 1206 surrexisse
1195 1135 1237 1204 ad
1263 1158 1428 1205 summum

293 1269 309 1310 a
333 1243 497 1337 quoddam
504 1245 683 1335 fastigium,
696 1245 962 1337 exambitumque
971 1244 1083 1331 fuisse,
1095 1243 1428 1336 primumadieconis,

293 1377 310 1418 ι(
333 1351 409 1422 inde
423 1375 442 1420 a
455 1352 666 1444 presbyteris,
683 1353 784 1421 immo
799 1353 840 1420 ab
856 1353 1038 1444 EpiscopiS,
1053 1350 1203 1442 adoptato
1217 1351 1281 1420 alio
1300 1352 1430 1421 nomine

293 1487 309 1528 a
331 1460 419 1554 quod
434 1461 607 1550 augustius
620 1461 744 1554 aliquid
759 1483 874 1530 sonare
888 1460 1065 1530 videretur.
1082 1461 1166 1528 Huic
1184 1483 1218 1528 se
1232 1466 1312 1528 tunc
1327 1459 1430 1530 officio

292 1594 310 1634 a
332 1568 405 1636 laici
425 1568 531 1636 rarius
545 1567 749 1657 ingerebant,
771 1575 842 1637 tum
864 1567 953 1660 quod
975 1566 1158 1636 litterarum
1174 1565 1305 1658 penitus
1327 1575 1432 1636 esseut

293 1701 310 1740 a
333 1674 442 1763 rudes,
465 1683 535 1744 tum
555 1675 643 1767 quod
664 1698 730 1744 non
752 1685 817 1744 mm
837 1683 978 1766 spectata
996 1682 1078 1744 esset
1101 1696 1213 1743 eorum
1233 1673 1316 1743 fides
1337 1683 1430 1767 atque

292 1807 309 1846 «
333 1782 563 1852 clericorum...
582 1782 764 1851 Adnotasse
779 1781 916 1850 sufficiet
927 1782 1010 1870 loca,
1025 1781 1431 1874 quibuaoonstatnotarios

292 1913 309 1954 a
332 1889 432 1958 fuisse
442 1890 585 1976 clericos,
599 1898 630 1957 et
641 1889 833 1958 clericorum
846 1889 1018 1980 privilegia
1031 1888 1211 1957 vindicasse
1223 1888 1299 1977 sibi,
1311 1912 1431 1980 qrtam·

292 2021 310 2061 a
333 2018 430 2087 quam
447 1996 612 2088 conjugati
628 2003 746 2083 essent,
761 1996 918 2088 usquead
934 2019 1058 2065 annum
1082 2000 1178 2064 1459.
1197 2023 1214 2064 n
1238 1996 1358 2087 (Gitato
1380 2021 1431 2064 ca-

288 2104 366 2196 pite,
390 2127 422 2172 n.
451 2104 496 2195 3.)
525 2104 575 2172 Ex
605 2104 757 2196 subjectis
782 2103 1035 2172 aTbomassino
1060 2103 1279 2190 citationibus,
1307 2105 1432 2196 aliquas

288 2211 459 2280 dumtaxat
472 2211 720 2280 transcribimus
738 2238 746 2280 :
763 2214 837 2301 Epo
851 2211 994 2294 clericas,
1012 2211 1143 2280 tabellio
1158 2210 1249 2280 decri
1273 2215 1433 2302 Bar-paa-

288 2317 390 2386 diae...
413 2318 530 2388 Clerici
540 2332 571 2389 et
585 2319 708 2388 notarii
716 2319 831 2410 jurati
853 2318 1075 2387 Vesontienses.
1088 2317 1230 2409 (Recaeit
1237 2341 1331 2409 pour
1344 2320 1431 2387 ttic-

289 2425 371 2493 taire
380 2425 633 2517 deBourpoprte,
645 2449 721 2518 pag.
737 2431 814 2511 283,
829 2428 907 2509 287,
922 2429 999 2510 255,
1015 2429 1090 2510 teo,
1107 2423 1197 2515 607.)
1212 2425 1311 2496 Anno
1327 2430 1429 2494 1417:

289 2535 361 2624 Epo
384 2536 500 2601 Petras
517 2533 651 2602 clericas
676 2533 935 2624 Rotomapensis,
964 2532 1168 2600 authoritate
1195 2533 1385 2623 Apostolica
1405 2547 1433 2601 et

288 2640 455 2730 imperiali
476 2641 664 2710 notarius...
689 2641 787 2708 Anno
814 2643 923 2707 1457:
953 2639 1076 2707 Clerioo
1099 2638 1279 2707 Parisieasi
1300 2641 1338 2707 ia
1356 2640 1434 2730 jure

286 2748 443 2815 canonico
454 2748 631 2830 licentiato,
646 2747 778 2840 publico
793 2746 978 2839 Apostoliea
992 2759 1022 2814 et
1035 2745 1203 2836 imperiali
1215 2747 1431 2824 authoritate,

286 2867 317 2921 et
328 2854 428 2928 curta
440 2853 628 2945 episcopalis
641 2854 831 2922 Parisiensis
843 2853 974 2922 notario
980 2853 1113 2942 jurato.
1130 2852 1222 2942 (Qum
1235 2851 1303 2921 duo
1320 2854 1435 2921 ultima

287 2960 435 3050 exempla
451 2962 603 3052 reperies,
617 2961 760 3029 Histoire
771 2959 810 3028 de
823 2960 910 3028 saint
921 2959 1047 3030 Martia
1058 2958 1113 3027 des
1127 2959 1284 3050 Oltamps,
1301 2982 1378 3049 pag.
1394 2965 1432 3026 24

287 3073 317 3132 et
330 3067 420 3155 252.)
434 3066 465 3134 Α
477 3067 613 3135 concilio
624 3067 801 3134 Basileensi
811 3067 954 3134 notarios
967 3066 1093 3133 habitos
1105 3065 1203 3132 fuisse
1215 3065 1435 3156 properandis

285 3172 517 3260 ecclesiasticis,
533 3196 569 3241 nc
585 3173 720 3265 proinde
736 3181 814 3243 tunc
825 3172 985 3264 'temporis
997 3171 1106 3240 adhuc
1126 3171 1312 3260 generalem
1335 3173 1433 3242 fuisse

287 3279 565 3366 consuetudinem,
590 3287 627 3348 ut
654 3280 761 3348 clerici
792 3281 988 3347 notariatum
1012 3286 1212 3364 exercerent,
1243 3289 1369 3348 constat
1395 3303 1434 3349 ex

288 3386 428 3453 sessione
447 3392 464 3454 5
486 3413 493 3454 :
514 3387 654 3458 Mandat
676 3388 744 3456 bae
765 3385 910 3478 synodus
930 3385 1147 3468 Patriarcdis,
1165 3387 1431 3480 Arabiepiaeopis,

285 3493 466 3585 Episcopi,
485 3507 517 3562 et
533 3495 608 3563 aliis
628 3493 833 3562 ecclesiarum
848 3493 1012 3575 Praetutia,
1027 3493 1223 3584 clericisque,
1237 3495 1392 3576 notaria,
1406 3507 1435 3563 et

288 3598 362 3666 aliis
370 3601 517 3691 personis
532 3601 758 3670 ecclesiasticae.
775 3599 957 3669 Concilium
970 3599 1161 3668 Coloniense
1180 3600 1266 3668 cirea
1288 3600 1435 3670 dimoesis

287 3707 503 3775 visitationem
526 3707 567 3775 ab
590 3708 749 3799 Episcopo
772 3708 990 3798 peragendam
1008 3706 1053 3773 ite
1075 3704 1204 3774 edixit:
1231 3707 1436 3777 Adhibentur

288 3813 437 3880 notarius
448 3814 562 3905 quirit
574 3813 733 3897 sacmdos,
746 3826 806 3882 ant
819 3814 936 3882 saltem
945 3812 1079 3880 clericam
1090 3833 1157 3880 non
1169 3814 1385 3905 conjugatus.
1395 3815 1434 3882 Et

288 3917 418 3987 tandem
435 3919 470 3987 in
485 3922 564 3988 actis
579 3921 705 3990 concilii
721 3919 974 4005 Cameracensis,
991 3918 1071 3986 anni
1087 3923 1171 3987 1565
1190 3920 1250 4008 (tit.
1270 3924 1328 4007 nt,
1340 3946 1368 3991 c.
1386 3923 1430 4011 7),

292 4026 338 4094 ita
350 4027 515 4096 occurrit:
537 4029 704 4111 Quoniam
717 4051 785 4097 aaa
795 4027 899 4119 pauci
916 4028 1027 4096 indae
1044 4026 1432 4120 prouinciae-aperiantur

285 4132 468 4224 presbyteri
482 4146 514 4202 et
528 4135 645 4218 clerici,
661 4157 718 4203 scu
730 4157 793 4227 pro
809 4134 930 4203 talibas
942 4157 1007 4203 sese
1021 4147 1176 4226 parentes,
1204 4135 1265 4226 qai
1282 4158 1315 4206 se
1334 4149 1430 4204 nata-

290 4241 355 4308 rios
366 4240 514 4331 publicos
527 4243 673 4312 scebant
687 4255 718 4310 et
731 4242 918 4324 nominant,
936 4264 1080 4332 quoram
1093 4241 1274 4335 imperitia,
1290 4250 1350 4314 etc.
