3056 4972
584 465 658 510 rsus
681 465 786 510 rurus.
1192 445 1252 508 185

107 585 203 668 verit,
221 585 287 654 nisi
306 607 371 677 pro
393 608 428 654 eo
454 597 588 654 tontum
604 585 693 676 quod
713 585 747 652 in
772 584 910 652 cumino
925 585 1098 653 contituta
1118 585 1165 654 od
1185 587 1256 678 ejus

104 694 320 783 praeentiam
335 715 400 762 uon
424 693 567 776 accessit,
586 693 782 784 infirmitate
800 692 946 761 detentus
963 693 1048 782 (cum
1068 715 1133 761 non
1150 694 1274 785 possit.

108 800 181 890 quis
199 802 282 891 copi,
308 801 373 869 nisi
394 801 482 882 velit,
510 800 543 868 in
566 800 721 890 precibus
742 799 847 868 conus
866 811 1116 891 procuratorem
1135 800 1256 868 consti-

108 906 226 998 tuere),
244 921 276 975 et
289 908 357 1000 ipse
370 906 638 999 adprobandum
661 907 891 998 infirmitatem
913 929 1009 975 suom
1029 907 1256 998 presbyterum

107 1026 138 1080 et
162 1013 339 1083 diaconum
363 1014 584 1096 destinaverit,
608 1037 682 1082 cum
708 1015 870 1084 absolvere
895 1012 1072 1082 abeodem
1097 1013 1256 1082 sententia

108 1122 243 1189 mnume
267 1121 435 1212 differatis.
466 1123 645 1190 Damnatus
671 1122 777 1190 luerat
799 1121 935 1190 clericus
954 1123 1025 1190 A...
1044 1143 1085 1190 ex
1109 1143 1146 1190 eo
1167 1119 1254 1212 quod

106 1249 166 1295 nec
181 1228 252 1319 ipse
276 1228 492 1320 adjudicium
511 1229 661 1315 venisset,
679 1251 737 1296 nec
761 1237 1003 1321 procuratorem
1024 1227 1253 1316 constituisset,

105 1335 163 1402 sed
181 1342 308 1403 tantum
325 1335 484 1428 quosdam
499 1336 638 1404 misisset
653 1336 694 1404 ad
711 1335 916 1428 probandum
938 1335 1137 1404 infirmitatis
1151 1334 1254 1427 impe-

105 1441 302 1513 dimentum.
320 1443 427 1524 Quam
443 1443 633 1512 sententiam
649 1443 723 1512 ideo
737 1444 889 1535 reprobat
903 1442 1090 1514 Alexander
1105 1444 1163 1529 lll,
1177 1445 1254 1535 quia

19 1613 20 1622 ,
105 1571 204 1618 nemo
228 1559 355 1620 tenetur
374 1559 616 1643 procuratorem
643 1551 838 1620 constituere
861 1551 927 1619 nisi
947 1551 1035 1620 velit.
1053 1551 1135 1634 Qum
1155 1551 1255 1620 verba

105 1656 173 1724 nisi
198 1657 291 1738 velit,
319 1667 509 1748 supponunt
538 1667 693 1750 tauquam
722 1659 869 1748 regulam
898 1659 1083 1749 generalem
1110 1659 1251 1728 liberum

106 1764 224 1854 cuique
247 1787 327 1852 esse,
345 1765 374 1832 si
396 1765 484 1846 velit,
504 1775 747 1855 procuratorem
771 1765 966 1834 constituere
985 1773 1017 1834 et
1038 1765 1252 1857 personaliter

105 1893 172 1940 non
187 1895 387 1963 comparere.

150 1980 282 2048 lineum
298 1983 344 2046 ³².
355 2019 399 2031 -
412 1980 538 2048 Dantur
554 1981 632 2049 certi
648 2003 741 2049 casus
756 1981 790 2048 iu
805 1980 924 2072 quibus
935 1980 1039 2072 judex
1055 1980 1150 2049 etiam
1168 1980 1252 2048 inle-

107 2088 173 2154 rior
188 2087 232 2176 (id
249 2094 297 2154 est
312 2110 331 2155 a
345 2087 495 2178 Principe
511 2087 671 2178 diversus)
690 2089 758 2156 sive
772 2087 973 2174 ordinarius,
987 2088 1056 2156 sive
1072 2087 1249 2177 delegatus,

107 2202 210 2284 potest
227 2201 334 2284 portes
347 2194 389 2263 ad
405 2195 616 2286 personaliter
630 2193 886 2288 comparendum
907 2217 1034 2285 cogere.

149 2301 284 2369 Primus
305 2325 424 2370 casces:
444 2303 472 2370 si
486 2325 582 2372 causa
601 2304 642 2370 sit
662 2303 852 2370 criminalis.
869 2302 952 2371 Nam
977 2303 1011 2370 in
1035 2325 1136 2396 supra
1157 2303 1252 2372 citata

19 2451 20 2478 ;
112 2409 182 2498 (sub
205 2409 320 2498 regula
344 2391 388 2500 lt)
407 2409 560 2480 decretali
581 2410 682 2492 luris,
705 2433 858 2506 expresse
878 2409 932 2478 ille
956 2433 1050 2480 casus
1074 2411 1247 2502 excipitur.

19 2543 20 2552 ¹
107 2515 177 2584 Non
204 2517 368 2584 tamenin
394 2517 483 2585 omni
507 2539 604 2586 causa
630 2517 792 2585 criminali
820 2524 923 2608 potest
943 2516 1048 2608 judex
1076 2524 1183 2609 partes
1209 2517 1250 2586 ad

107 2621 318 2712 personaliter
339 2624 593 2714 comparendum
618 2645 751 2712 cogere;
776 2622 831 2690 sed
853 2631 980 2690 tantum
1003 2623 1031 2691 si
1054 2623 1251 2716 imponenda

107 2729 146 2795 sit
155 2751 253 2820 poena
268 2729 413 2819 corporis
428 2729 594 2814 afflictius,
609 2729 660 2796 vel
674 2730 738 2797 alia
751 2753 826 2822 quae
838 2739 1008 2822 reputetur
1019 2730 1117 2798 exibo
1133 2731 1247 2821 major.

106 2835 141 2902 lu
165 2835 304 2921 caeteris,
320 2836 426 2904 Reum
446 2838 488 2928 (et
512 2859 531 2904 a
552 2837 678 2905 lortiori
695 2837 857 2926 Actorum)
875 2859 968 2928 posse
985 2859 1043 2928 per
1057 2849 1250 2929 procurato-

107 2963 173 3009 rem
190 2963 390 3034 comparere,
405 2950 515 3011 tenent
534 2944 710 3012 canonista
730 2965 771 3012 ex
792 2945 889 3034 praxi
908 2943 1134 3013 tribunalium.
1154 2945 1250 3034 (Vide

107 3049 409 3139 Sohmalzgrueber,
427 3049 461 3117 in
481 3050 613 3120 titulum
634 3054 648 3118 1
666 3050 706 3120 de
718 3051 866 3133 Iudiciis,
883 3052 958 3119 libri
975 3056 993 3118 2
1019 3052 1247 3137 Decretalium,

107 3178 138 3222 n.
156 3161 215 3243 473
232 3165 265 3224 et
277 3156 311 3224 in
332 3157 462 3224 titulum
480 3160 519 3224 38
536 3156 576 3226 de
591 3159 873 3242 Procuratoribus,
891 3159 967 3226 libri
985 3163 999 3226 1
1019 3158 1248 3247 Decretelium,

19 3263 20 3266 ’
109 3285 139 3331 n.
158 3263 228 3353 21.)

149 3369 319 3440 Secundus
330 3393 422 3440 carus
432 3399 443 3439 :
455 3371 483 3439 si
499 3372 721 3464 praestandum
735 3374 775 3443 sit
787 3373 1011 3465 juramentum
1023 3373 1063 3442 de
1074 3375 1249 3463 calumnia,

109 3488 159 3544 aut
183 3500 244 3569 pro
262 3477 396 3546 veritate
423 3477 570 3549 dicenda.
589 3479 626 3547 ld
650 3481 746 3548 etiam
769 3503 921 3572 expresse
943 3489 1078 3551 cavetur
1097 3484 1131 3551 in
1155 3483 1251 3552 citata

19 3593 20 3600 ’
110 3582 256 3652 decretali
284 3585 385 3654 luris.
416 3586 526 3654 Potest
555 3595 664 3655 tameo
694 3586 775 3656 mitti
803 3597 996 3680 procurator
1020 3611 1094 3658 oum
1119 3590 1250 3682 speciali

19 3703 21 3788 j
111 3691 257 3761 mandato
280 3691 320 3760 ad
345 3692 570 3783 juramentum
596 3693 787 3786 hujusmodi
813 3697 1049 3787 praestandum,
1066 3704 1097 3765 et
1117 3697 1162 3765 sic
1184 3721 1252 3767 non

19 3801 20 3858 ἶ
111 3807 152 3865 est
168 3800 348 3869 necessaria
369 3801 548 3891 personalis
573 3803 759 3894 praesentia,
776 3803 855 3895 quia
874 3826 944 3872 eam
966 3827 1031 3873 non
1046 3804 1149 3894 exigit
1166 3805 1251 3896 juris

111 3906 286 3974 riecemitas.
312 3907 373 3975 Ast
399 3906 562 3999 ejusmodi
584 3909 811 4000 juramentum
836 3909 1007 3996 obsolevit,
1036 3921 1072 3978 ut
1095 3933 1155 3981 suo
1181 3913 1252 3982 loco

19 4061 20 4106 3
112 4010 261 4082 dicemus.

155 4121 276 4189 Tertius
299 4144 419 4190 casce:
443 4123 470 4191 si
490 4124 671 4214 specialiter
693 4125 876 4194 examinari
894 4133 1040 4217 oporteat
1060 4127 1249 4218 qualitatem

19 4187 21 4290 i
109 4223 266 4317 persona,
296 4230 515 4302 maturitatem
545 4233 661 4322 aetatis,
689 4243 719 4302 et
760 4233 951 4306 facultatum
984 4233 1250 4306 intellectualium
