3046 4968
557 499 632 544 rrns
655 499 760 545 ιιιιιιι.
1164 479 1225 544 159

86 618 307 712 exequendum
335 619 487 699 mandet;
505 619 584 711 quio
609 643 666 710 per
680 620 774 688 illum
791 619 906 687 melius
930 619 1004 688 lieri
1018 627 1135 711 potest,
1152 644 1228 690 eum

87 725 236 795 officiales
251 727 384 796 idoneos
397 727 526 814 hebeat,
543 727 656 820 quoles
671 727 863 818 plerumque
889 749 952 794 nou
974 726 1070 795 hebet
1085 727 1152 818 ipse
1170 728 1228 819 ju-

88 833 149 900 dex
162 832 342 923 delegatus.
360 834 434 916 Quo
448 857 523 902 essu
547 836 710 926 quseritur
723 857 765 901 on
781 833 969 902 ordinarius
990 855 1104 925 parere
1117 849 1229 904 teneo-

88 949 152 1025 tur,
170 939 203 1008 id
230 950 291 1028 est,
307 941 447 1031 delegati
461 941 620 1032 pontilieii
644 941 833 1010 sententiam
856 941 998 1032 exequi?
1019 941 1229 1011 Affirmative

89 1046 282 1137 respondent
295 1047 443 1116 doctores
457 1047 675 1116 communiter
690 1072 697 1115 :
719 1072 737 1112 ι
751 1047 861 1116 Potest
874 1047 1042 1136 delegatus
1056 1047 1153 1138 Papae
1170 1050 1229 1138 (eit

91 1179 108 1216 u
131 1153 298 1246 Pirrhing)
315 1154 540 1223 executionem
555 1154 722 1222 sententie
750 1176 770 1220 e
791 1175 825 1222 se
845 1153 919 1222 latre
940 1154 1037 1221 etiam
1055 1153 1157 1243 judici
1171 1178 1229 1222 or-

91 1285 107 1324 o
130 1259 257 1327 dinnrm
281 1259 496 1341 demandare3
513 1261 565 1328 cui
588 1259 775 1330 ordinarius
799 1259 930 1327 obedire
948 1259 1054 1346 debet,
1071 1270 1102 1328 et
1123 1283 1143 1329 o
1161 1284 1227 1352 quo

92 1365 280 1457 «compelli
304 1374 408 1458 potest
427 1366 469 1434 od
491 1366 673 1458 poreudum
698 1375 729 1434 et
756 1365 1004 1455 exequendum
1030 1367 1149 1460 quippe
1169 1368 1227 1458 qui

90 1499 108 1536 u
130 1473 201 1563 ipso
213 1472 379 1543 ordinario
390 1474 426 1541 in
437 1473 498 1542 hoo
511 1495 609 1544 causo
624 1473 727 1564 mojor
742 1481 772 1540 et
788 1472 938 1562 superior
949 1481 1025 1540 estu
1045 1474 1089 1563 (iu
1106 1475 1154 1542 tit.
1170 1479 1226 1560 29,

86 1579 163 1647 libri
189 1584 204 1647 1
233 1580 372 1669 neree,
390 1589 466 1650 sect.
496 1585 529 1667 4,
546 1581 567 1672 §
584 1585 616 1666 3,
635 1603 667 1647 n.
689 1579 756 1670 93).
782 1578 819 1647 ld
844 1587 954 1647 tomen
979 1579 1227 1670 intelligendum

86 1696 134 1754 est
148 1688 344 1777 repulus-iter
358 1715 370 1756 .·
383 1711 460 1757 nom
476 1689 503 1756 si
525 1688 712 1757 ordinarius
732 1685 811 1756 sciet
832 1686 987 1777 injustum
1003 1709 1071 1756 esse
1090 1687 1228 1778 delegati

87 1795 245 1886 pontificii
262 1796 466 1884 sententiam,
482 1795 594 1888 ulique
608 1796 713 1864 oritur
726 1794 811 1864 inter
825 1795 971 1863 doctores
994 1799 1212 1866 controversia
1220 1823 1230 1884 ;

86 1926 187 1994 quam
204 1901 280 1971 vide
305 1903 393 1995 opud
417 1902 709 1992 Schmulzgrueber
726 1902 772 1991 (in
793 1901 842 1968 tit.
871 1905 927 1986 29,
944 1901 1019 1969 libri
1045 1905 1058 1968 l
1087 1902 1228 1994 Decret,

87 2032 122 2077 u.
140 2009 209 2098 18).

132 2119 164 2185 8.
186 2143 205 2182 s
218 2115 391 2207 Delegotns
405 2115 499 2184 Sedis
514 2115 712 2207 Apostoliese
729 2113 771 2182 ad
785 2114 951 2183 sententiae
970 2137 990 2181 a
1009 2137 1043 2183 se
1063 2115 1137 2184 lntae
1153 2140 1230 2188 exe-

88 2253 107 2290 u
130 2223 308 2312 ontionem,
324 2247 389 2294 non
412 2233 539 2292 tentum
559 2223 718 2308 censuris,
734 2220 872 2313 aliisque
888 2221 1048 2290 similibus
1064 2223 1229 2311 remediis,

89 2332 180 2399 nuti
206 2330 362 2400 adversus
387 2340 591 2400 contumaees
615 2339 647 2398 et
675 2329 764 2397 illem
794 2327 1006 2419 impedientes
1030 2338 1146 2419 potest,
1174 2334 1229 2402 sed

89 2465 106 2503 ιι
129 2439 244 2524 etiam,
260 2439 287 2506 si
302 2438 347 2506 ita
371 2437 589 2506 remesarius
605 2437 718 2522 fuerit,
733 2434 859 2504 bruchii
877 2435 1043 2504 saeoularis
1069 2437 1230 2508 auxilium

90 2575 108 2613 s
131 2549 327 2640 implorare:
342 2549 431 2641 quod
446 2549 559 2635 etium,
575 2549 604 2616 si
620 2547 764 2637 legitime
780 2546 862 2614 illud
877 2547 1117 2638 imploraverit,
1132 2551 1230 2622 dene-

89 2683 106 2720 n
130 2656 205 2746 geri
219 2656 325 2725 eidem
345 2678 411 2724 non
432 2663 555 2747 polest3
580 2668 611 2722 et
637 2655 665 2721 si
690 2654 751 2723 hoo
770 2653 874 2744 judex
902 2655 1066 2724 secularis
1090 2657 1232 2728 indebite

89 2791 107 2829 o
131 2769 241 2854 neget,
262 2763 303 2832 ad
324 2763 356 2831 id
376 2762 599 2831 exhibendum
624 2784 643 2830 a
665 2760 813 2851 delegato
840 2761 1061 2830 ecclesiasticis
1087 2766 1233 2832 censuris

89 2901 106 2934 e
130 2870 283 2962 compelli
307 2871 437 2961 poterit.
455 2869 629 2960 Colligitur
649 2890 691 2935 ox
716 2889 837 2936 oenone
857 2867 1146 2940 Admim'strntores
1162 2873 1230 2962 (26,

89 3006 106 3042 ι
130 2999 240 3046 oeusae
255 2981 310 3063 23,
328 2985 444 3070 quiesi.
465 2977 510 3068 5).
526 2975 740 3068 Prooeditque
753 2974 828 3060 hoe,
845 2984 882 3042 ut
895 2975 1018 3044 auxilio
1035 2977 1095 3045 isto
1112 2979 1160 3046 uti
1175 2979 1232 3047 de—

89 3113 106 3150 e
129 3085 259 3174 legatus
271 3084 383 3175 possit,
399 3083 525 3152 etiamsi
540 3105 606 3151 non
621 3081 662 3149 sit
678 3081 825 3150 munitus
847 3081 976 3171 speoisli
992 3083 1149 3172 clausule,
1167 3109 1232 3176 qua

89 3219 106 3256 e
130 3190 321 3282 hujusmodi
334 3191 518 3282 imploratio
528 3189 633 3258 eidem
646 3189 863 3280 permittetur.
878 3211 895 3252 r
916 3187 1231 3281 (Schmolzgrueber,

87 3301 121 3366 in
137 3301 189 3366 tit.
209 3303 264 3386 29,
282 3297 337 3365 lib.
357 3301 371 3363 1
393 3297 624 3383 Deoretolium,
641 3319 676 3362 u.
695 3297 762 3384 99.)

630 3565 702 3632 Vll.

345 3737 472 3800 Qumnodo
489 3741 565 3786 cesset
582 3737 683 3802 judicis
698 3737 813 3802 derepere
828 3737 987 3802 jurisdictio.

138 3941 170 4003 1.
189 3935 300 4004 Cesset
314 3957 372 4026 per
386 3943 524 4004 mortem
539 3934 694 4024 delegati,
711 3935 739 4002 si
755 3934 914 4024 delegatio
929 3935 992 4024 ipsi
1007 3939 1234 4027 personaliter,

92 4043 126 4112 id
141 4057 203 4130 est,
218 4023 372 4136 expresso
397 4044 531 4136 proprio
554 4043 625 4135 ejus
647 4043 792 4130 nomine,
811 4043 894 4111 inote
920 4043 973 4110 sit.
1000 4043 1092 4112 Tune
1116 4047 1235 4118 scilieet

92 4152 231 4242 delegati
250 4151 435 4242 jurisdictio
457 4173 561 4244 neque
577 4151 618 4218 sd
633 4150 703 4241 ejus
720 4150 878 4237 haeredes,
897 4152 1055 4240 nequead
1073 4153 1142 4242 ejus
1161 4178 1236 4224 suo-

92 4281 235 4330 oessores
261 4259 386 4328 transit.
407 4260 455 4326 De
480 4281 545 4349 qus
571 4257 662 4325 nullo
686 4267 733 4325 est
758 4257 991 4326 controversie.
1015 4257 1108 4342 Quod
1132 4260 1236 4354 juris-
