3056 4972
579 485 653 532 PARS
681 485 786 532 PRIMA.

582 811 725 882 CAPUT
752 811 792 879 11.

119 1029 258 1084 QUAESTIO
280 1032 322 1077 ΔΝ
344 1029 412 1087 QUIS
434 1030 480 1078 str
502 1026 687 1094 mnesteus,
712 1028 898 1078 fflOLVlTUR
920 1032 952 1077 nt
975 1031 1065 1078 ISTA!
1094 1035 1102 1076 :
1123 1033 1165 1078 AN
1186 1031 1254 1087 oms

167 1139 411 1186 JURISDIOEIONRU
433 1139 502 1186 SIVE
520 1138 709 1186 carmanum
730 1137 800 1184 SIVE
822 1139 1113 1188 ursanenmatuarr
1135 1141 1256 1188 aaran

168 1248 199 1292 nt
222 1247 323 1294 rm
346 1245 459 1294 TALIUH
481 1245 681 1294 emmanuet!
703 1245 834 1292 CAUSAM.

171 1469 200 1532 l.
222 1465 441 1558 Gompetorte‘o
456 1465 544 1534 nisit
555 1463 651 1534 aliod
662 1476 708 1533 est
722 1486 824 1558 quom
839 1465 977 1557 insnmet
994 1465 1193 1557 jurisdictio.
1211 1505 1254 1520 -

120 1571 206 1640 Nam
221 1571 275 1640 ille
286 1571 388 1662 judex
405 1580 591 1664 competens
615 1571 734 1641 dicitur
753 1572 809 1664 qui
823 1579 1010 1664 potestatem
1030 1572 1126 1644 habet
1137 1574 1192 1665 jus
1205 1573 1256 1642 di·

122 1678 218 1746 cendi
229 1678 346 1747 talibus
358 1679 503 1771 personis
517 1679 625 1771 quoad
637 1679 733 1748 tdem
747 1679 916 1748 materiam
927 1701 983 1747 seu
996 1679 1091 1748 talem
1103 1701 1252 1749 causam:

122 1783 181 1852 sed
193 1785 412 1876 jurisdicnndi
428 1793 567 1878 potestas
581 1795 629 1854 est
642 1785 676 1856 id
691 1787 797 1878 ipsum
819 1783 907 1877 quod
925 1784 1183 1877 jurisdictionem
1199 1808 1256 1856 vo-

121 1912 236 1959 camus
254 1913 354 1981 :ergo
369 1891 582 1985 competentia
596 1890 681 1962 idem
698 1900 745 1960 est
757 1915 795 1960 ac
806 1890 1001 1982 jurisdictio.

169 2001 200 2064 2.
221 1999 442 2090 Competentio
458 1999 595 2090 proprie
615 1998 703 2067 dicto
725 2009 771 2066 est
787 1997 975 2090 jurisdictio
990 1997 1026 2066 in
1035 2021 1193 2090 personas
1208 2001 1255 2068 si-

122 2105 199 2174 mul
209 2119 239 2174 et
255 2127 369 2174 aarum
384 2127 537 2190 consom,·
550 2129 616 2175 non
635 2127 710 2174 vero
732 2106 768 2174 in
787 2106 871 2174 solas
886 2118 1131 2198 personasse!
1152 2107 1256 2176 solam

121 2234 270 2285 massam.
288 2213 425 2282 -Nam
443 2213 512 2281 fieri
528 2220 631 2305 potest
646 2221 682 2281 ut
697 2213 770 2304 quis
782 2210 1036 2303 jurisdictionem
1051 2213 1184 2306 quidem
1199 2213 1258 2284 ha-

121 2321 199 2388 heat
213 2320 247 2386 in
262 2331 363 2388 certas
376 2342 542 2411 personas,
558 2320 614 2388 sed
626 2319 733 2411 quoad
748 2319 891 2411 aliquam
903 2318 1071 2388 dumtaxat
1086 2343 1257 2391 causarum

122 2425 276 2517 speciem,
293 2448 358 2494 non
379 2449 457 2496 vero
481 2427 588 2520 quoad
612 2449 724 2496 omues
749 2447 872 2514 causas,
896 2449 971 2518 quse
995 2425 1079 2496 inter
1097 2427 1258 2520 ejusmodi

121 2556 279 2626 personas
294 2534 375 2603 oriri
394 2542 551 2627 possunt:
570 2533 657 2627 quod
674 2533 872 2621 verificatur,
890 2533 981 2602 verbi
996 2533 1112 2623 gratia,
1131 2535 1165 2602 in
1179 2535 1258 2626 Epi-

121 2663 223 2732 seopo
235 2667 243 2709 :
257 2642 284 2709 is
294 2642 381 2710 enim
394 2640 653 2732 jurisdictionem
665 2639 796 2733 quidem
806 2641 840 2709 in
852 2661 964 2711 omnes
975 2640 1172 2710 diaecesanns
1182 2664 1258 2711 suos

122 2747 234 2835 hahet,
250 2747 305 2816 sed
323 2749 429 2841 quoad
454 2748 692 2836 ecclesiasticas,
709 2770 775 2816 non
793 2746 900 2840 quoad
921 2747 1091 2817 saeculares
1112 2747 1258 2840 ipsorum

123 2857 342 2925 commitem
356 2855 426 2925 fieri
443 2863 546 2947 potest
559 2864 596 2924 ut
607 2856 681 2947 quis
691 2853 948 2948 jurisdictionem
962 2853 1078 2924 habeat
1088 2855 1123 2922 in
1135 2863 1258 2924 certum
1311 2879 1314 2884 ·

122 2963 257 3054 aliquod
271 2985 441 3033 causarum
456 2987 571 3056 genus,
588 2964 645 3032 sed
659 2965 720 3032 sub
741 2963 801 3031 hec
814 2962 998 3032 conditione
1013 2963 1206 3050 restrictiva,
1223 2971 1261 3033 ut

122 3093 232 3140 caussa
253 3071 316 3140 illae
336 3072 420 3140 inter
442 3077 544 3140 certas
569 3092 735 3163 personas,
758 3091 824 3139 nou
847 3070 932 3138 inter
952 3070 1043 3158 alias,
1059 3076 1227 3140 vertantur
1250 3099 1257 3139 :

123 3179 174 3246 sic
185 3177 362 3270 Episcopus
386 3184 572 3270 potestatem
588 3177 683 3246 habet
703 3177 927 3269 delinquentes
945 3177 1077 3246 clericos
1096 3176 1262 3267 judicandi

123 3293 158 3354 et
173 3285 348 3376 puniendi,
364 3295 551 3354 nontamen
565 3284 645 3353 alios
659 3307 757 3376 quam
781 3283 928 3352 dioecesis
949 3305 1031 3352 suae.
1047 3283 1131 3353 Hinc
1146 3307 1263 3376 quam-

124 3391 181 3459 vis
195 3414 341 3484 persouae
361 3393 426 3459 sint
440 3391 479 3460 de
494 3413 631 3460 numero
644 3414 757 3460 earum
780 3391 814 3458 in
836 3413 916 3482 quas
935 3391 1142 3481 magistratus
1162 3390 1263 3484 juris-

126 3499 302 3567 dictionem
329 3499 437 3586 habet,
461 3499 488 3566 si
511 3507 619 3567 manen
642 3521 738 3567 causa
762 3496 846 3566 inter
868 3499 954 3589 ipsas
981 3506 1052 3567 orta
1077 3522 1142 3568 uon
1164 3499 1264 3568 simul

128 3605 238 3674 eidem
258 3605 476 3696 jurisdictioni
500 3605 676 3696 subjaccat,
701 3611 855 3696 potestate
876 3604 1044 3696 judicandi
1062 3605 1118 3675 ille
1141 3605 1264 3696 magis-

128 3720 234 3781 tratus
260 3712 391 3781 carebit.
419 3714 511 3802 Item,
537 3714 687 3805 quamvis
714 3735 811 3781 causa
835 3711 877 3780 sit
899 3710 939 3780 de
965 3712 1069 3804 specie
1094 3733 1206 3781 earum
1232 3711 1266 3780 in

129 3845 213 3914 quas
237 3822 443 3912 magistratus
462 3821 644 3911 jurisdictio
663 3819 862 3907 extenditur,
879 3819 941 3888 nisi
967 3819 1064 3889 simul
1085 3819 1196 3888 eadem
1210 3822 1267 3913 ju-

129 3928 275 3998 risdictio
290 3927 482 3997 extendatur
498 3927 539 3997 ad
554 3951 707 4021 personas
730 3951 805 4021 quae
827 3927 867 3995 de
882 3926 942 3995 hac
967 3949 1062 3996 causa
1079 3927 1266 4018 judicanda

129 4044 220 4123 sunt,
235 4034 324 4104 deest
350 4037 468 4106 iterum
492 4035 711 4128 jurisdicundi
731 4043 881 4128 potestas.
899 4034 971 4104 dam
988 4057 1065 4103 vero
1082 4035 1139 4127 qui
1161 4043 1268 4128 potes-

129 4151 194 4212 tate
213 4165 342 4212 causam
362 4141 529 4236 judicandi
555 4151 653 4232 earet,
675 4163 881 4236 nequaquam
903 4141 1000 4211 habet
1023 4143 1269 4234 competentiam

129 4273 189 4320 seu
209 4249 468 4342 jurisdictionem
493 4252 624 4343 proprie
646 4249 785 4331 dictam;
813 4250 868 4320 sed
884 4274 902 4320 e
918 4257 1029 4321 contm
1050 4250 1269 4344 incompetens
