3030 4980
283 433 346 498 412
646 455 821 502 raimerus
849 457 888 502 aa
910 454 1043 504 ruamus.

280 562 362 632 Rota
377 563 499 654 pluries
518 566 666 655 negative
681 566 858 660 respondit,
879 573 1114 657 argumentans
1126 589 1149 636 a
1163 567 1301 654 fortiori,
1318 590 1360 636 ex
1378 591 1414 636 eo

279 671 365 760 quod
382 693 423 739 ne
437 694 541 741 auum
557 672 690 764 quidem
703 681 850 742 teneatur
863 673 1058 744 constituere
1074 673 1173 766 (quod
1187 672 1261 744 vide
1276 673 1311 742 iu
1324 673 1413 766 prio-

278 777 369 846 ribus
388 777 603 848 decisionibus
620 803 639 850 a
654 780 831 850 Monacello
849 780 989 849 collectis
1008 781 1049 850 ad
1071 781 1191 850 calcem
1211 779 1346 871 partiat
1366 782 1414 849 sui

278 883 390 973 legalis
401 885 609 978 formularii).
624 889 776 956 «Tamen
791 889 847 980 (ait
861 887 1059 958 Monaccllus
1072 888 1195 957 ibidem
1208 896 1279 980 post
1287 889 1414 958 citatam

283 1021 300 1060 a
322 992 516 1062 decisionem
527 994 618 1066 llatae
629 997 659 1086 l)
665 1047 674 1082 ,
686 995 1105 1066 siunadicecesisabaltera
1114 995 1296 1066 notabiliter
1307 995 1413 1084 distat,

282 1127 299 1167 a
322 1101 495 1172 Vicarium
513 1102 699 1190 generalem
714 1102 749 1170 in
772 1102 902 1172 dioecesi
917 1103 951 1170 in
966 1125 1032 1196 qua
1048 1125 1114 1172 non
1132 1102 1250 1172 residet
1263 1101 1416 1194 deputare

282 1235 300 1275 a
322 1208 433 1295 debet;
450 1217 487 1276 ut
503 1208 670 1299 respondit
692 1209 791 1278 Sacra
810 1210 1026 1300 Congregatio
1044 1209 1181 1280 Concilii
1201 1211 1235 1278 in
1248 1210 1415 1279 Gerundi-

282 1341 299 1384 a
321 1315 414 1384 nansi
429 1326 461 1384 et
479 1315 657 1385 Cariatensi
674 1321 694 1384 2
713 1317 854 1386 octobris
879 1321 976 1404 1706,
998 1316 1039 1386 ad
1061 1323 1091 1387 5.
1111 1343 1127 1382 r
1147 1318 1219 1386 Non
1239 1328 1288 1385 est
1306 1325 1414 1386 autem

277 1425 361 1492 inter
381 1431 558 1513 utrumque
579 1423 721 1492 tribunal
740 1423 803 1492 nisi
826 1447 986 1516 apparens
1006 1424 1177 1516 oppositio.
1202 1424 1288 1493 Nam
1309 1424 1414 1516 quoad

278 1527 442 1599 dioecesim
461 1529 648 1599 notabiliter
661 1529 849 1616 distantem,
866 1539 898 1599 et
917 1531 951 1598 in
967 1554 1031 1623 qua
1051 1530 1229 1622 Episcopus
1248 1553 1314 1599 non
1331 1531 1414 1598 resi-

277 1635 342 1723 det,
371 1636 461 1705 idem
485 1635 659 1706 dicendum
683 1639 772 1706 venit
788 1659 824 1706 ac
842 1636 883 1706 de
905 1660 982 1706 casu
1002 1637 1152 1731 Episcopi
1177 1637 1211 1705 in
1235 1660 1294 1706 sua
1319 1639 1414 1706 unica

278 1743 407 1812 dimoesi
424 1765 489 1814 non
513 1744 671 1813 residente
697 1772 705 1813 ι
727 1767 825 1835 porro
847 1745 881 1812 ia
901 1745 961 1814 lroc
984 1745 1102 1814 ultimo
1120 1767 1197 1812 casu
1217 1744 1319 1812 teneri
1339 1745 1414 1836 Epi-

279 1871 412 1939 scopum
420 1847 460 1918 ad
471 1848 695 1940 deputandum
704 1849 876 1920 Vicariam
886 1850 1085 1940 generalem,
1096 1849 1228 1920 admisit
1239 1850 1311 1942 ipsa
1319 1850 1411 1936 Rota,

279 1963 315 2024 ut
328 1977 426 2050 supra
439 1955 595 2025 vidimus.

508 2233 563 2292 Qua
572 2233 655 2284 torma
668 2233 865 2284 constituendus
875 2233 909 2284 ait
920 2233 1037 2286 vicarius
1050 2233 1186 2298 generalis.

321 2396 488 2478 Quaritur
514 2418 631 2487 nempe
659 2405 772 2465 utrum
797 2396 944 2466 adbiberi
973 2397 1152 2466 necessario
1176 2395 1291 2465 debeat
1313 2397 1413 2486 scrip

277 2513 363 2589 tura,
379 2525 423 2571 an
437 2525 514 2571 vero
529 2503 629 2595 possit
643 2503 821 2595 Episcopus
837 2524 914 2571 voce
928 2502 1100 2572 dumtaxat
1114 2502 1302 2593 generalem
1317 2503 1413 2572 Vica-

277 2611 365 2678 rium
383 2611 589 2679 constituere.
611 2609 719 2692 Quam
739 2611 956 2700 questionem
977 2609 1174 2678 sufficienter
1195 2607 1330 2676 resolvit
1343 2609 1412 2676 Mo-

275 2716 418 2785 nacellus
430 2716 492 2784 boc
505 2717 602 2785 modo
621 2743 628 2783 :
646 2716 832 2798 «Quamvis
844 2716 995 2785 Vicarius
1008 2716 1161 2810 Episcopi
1173 2715 1303 2784 dicatur
1314 2716 1413 2807 judex

278 2847 295 2886 a
318 2820 517 2908 ordinarius,
534 2832 566 2890 et
581 2823 700 2890 babere
717 2823 909 2892 mandatum
923 2847 942 2891 a
956 2824 1026 2913 lege
1039 2824 1090 2915 (...
1106 2823 1252 2893 doctores
1264 2845 1410 2891 commu·

279 2954 297 2994 a
320 2929 433 3020 nitar);
456 2929 671 2998 nihilominus
692 2929 785 2997 debet
807 2929 989 3021 inscriptis
1011 2930 1162 2999 constitui
1183 2937 1215 2996 et
1238 2929 1409 3020 deputari:

279 3061 296 3101 a
319 3057 385 3104 non
399 3036 477 3126 quia
492 3037 533 3104 sit
548 3035 725 3104 necessaria
738 3034 910 3126 scriptura,
927 3035 983 3104 sed
997 3036 1038 3104 ad
1051 3035 1277 3128 probationem
1288 3037 1325 3104 ia
1339 3057 1412 3105 casu

280 3167 296 3206 a
319 3165 419 3232 quoa
438 3142 584 3234 partibus
603 3142 672 3233 ejus
691 3143 865 3211 auctoritas
881 3165 980 3235 super
994 3143 1115 3233 aliquo,
1131 3141 1262 3232 speciali
1283 3142 1413 3233 dejure

279 3273 296 3314 a
318 3248 477 3340 Episcopo
495 3258 671 3334 reservato,
692 3257 879 3337 negaretur,
902 3249 954 3318 vel
973 3249 1055 3318 alias
1074 3248 1265 3318 indubium
1281 3271 1412 3319 revoca-

279 3381 296 3420 a
318 3363 419 3424 retur.
446 3355 630 3424 Periculosa
657 3363 705 3424 est
729 3356 818 3423 euim
843 3355 990 3424 doctrina
1012 3355 1205 3445 Ventrigliae
1236 3355 1283 3447 (in
1304 3357 1410 3448 praxi,

278 3487 296 3528 a
319 3471 409 3553 parte
424 3465 457 3547 2,
472 3471 582 3529 annot.
604 3465 655 3548 ll,
666 3485 701 3529 n.
722 3463 788 3552 52),
800 3461 858 3530 ubi
874 3470 1009 3530 conatur
1025 3461 1174 3551 probare,
1185 3461 1274 3553 quod
1287 3464 1317 3529 si
1333 3485 1411 3531 anc-

278 3569 429 3638 «toritas
457 3569 579 3638 Vicarii
610 3579 758 3660 negetur,
785 3578 843 3638 aut
875 3568 915 3636 de
950 3589 988 3636 ea
1017 3577 1212 3660 opponatur,
1240 3576 1413 3660 postquam

278 3699 296 3741 a
318 3675 467 3745 Vioarius
482 3697 520 3742 ea
538 3697 617 3744 usus
632 3684 693 3762 est,
707 3675 821 3744 debeat
834 3674 993 3766 praesumi
1007 3675 1098 3743 illam
1113 3675 1266 3744 habuisse
1282 3673 1326 3743 ad
1340 3697 1414 3744 sus-

280 3807 297 3845 «
318 3783 491 3853 tinendum
511 3788 634 3868 actum,
651 3782 795 3850 maxime
809 3782 838 3849 si
859 3790 1018 3872 praesente
1040 3782 1198 3875 Episcopo
1219 3781 1414 3872 explevisset

279 3913 297 3954 a
319 3911 356 3956 ea
370 3912 445 3980 quae
464 3889 635 3980 requirunt
653 3887 824 3980 specialem
842 3887 1041 3956 facultatem.
1063 3887 1147 3970 Quia
1166 3909 1242 3954 cum
1264 3887 1414 3978 specialia

280 3995 477 4086 «Episcopo
496 4017 516 4062 a
533 3995 608 4085 jure
631 4004 804 4082 reservata,
836 4017 902 4065 non
931 4003 1122 4064 censeantur
1150 4017 1255 4085 neque
1286 4016 1413 4086 praesu-

278 4127 295 4166 «ι
320 4109 453 4168 mantur
473 4123 633 4187 concessa,
653 4100 714 4168 uisi
737 4101 770 4168 in
798 4101 951 4170 mandato
976 4109 1008 4168 et
1034 4100 1263 4188 constitutione
1290 4099 1412 4170 Vicarii

279 4235 296 4276 a
317 4207 557 4299 exprimantur,
580 4206 792 4299 praesumptio
808 4215 870 4276 stat
888 4229 948 4300 pro
970 4207 1117 4282 nullitate
1135 4217 1239 4296 actus,
1256 4206 1321 4278 nisi
1336 4227 1411 4298 pro·
