3046 4962
7 173 8 190 r

7 191 8 200 r

7 203 9 214 t

7 223 8 246 l

7 269 9 286 r

7 329 12 578 l
550 459 624 508 raus
646 461 751 506 eurus.
1178 437 1217 504 27

88 575 183 664 cium,
201 579 237 646 in
252 601 318 671 quo
333 580 420 650 Reus
434 585 547 671 sponte
563 603 631 650 sese
653 603 818 668 accusans,
836 603 964 673 poenam
981 587 1013 649 et
1027 579 1218 649 seutentiam

87 710 108 754 a
115 686 221 776 judice
237 687 448 757 ecclesiastico
462 688 575 780 accipit
590 716 597 756 :
610 712 676 778 qna
689 689 858 774 sententia,
871 695 982 778 utpote
997 686 1220 756 sacramentali

87 800 117 859 et
130 792 287 861 divinitus
302 805 466 885 operante,
481 802 608 885 peccata
623 794 804 866 diluuntur.
824 795 867 862 At
882 816 987 886 neque
1001 794 1041 862 de
1057 794 1117 862 hae
1129 792 1220 884 judi·

7 909 8 936 ³
87 898 350 992 uariapotestate
365 900 570 990 bicagimus.

7 937 9 1082 l
129 1007 207 1074 ltam
224 1006 260 1074 in
272 1007 344 1076 loro
366 1007 577 1098 paenitentiali
599 1007 742 1097 publico,
760 1007 847 1098 quali
874 1006 989 1098 primis
1006 1015 1079 1097 post
1099 1006 1221 1075 Christi

7 1085 9 1188 l
86 1113 262 1181 adventum
287 1113 414 1182 saeculis
437 1137 496 1182 usa
518 1123 566 1182 est
588 1115 740 1198 Ecclesia,
756 1115 917 1206 reperitur
938 1112 1101 1203 quoddam
1127 1112 1221 1203 judi-

87 1220 192 1288 ciariae
210 1221 377 1310 potestatis
392 1221 581 1290 exercitium
592 1249 601 1308 3
619 1221 779 1312 siquidem
803 1223 837 1288 in
861 1221 1053 1312 prenitentes
1073 1219 1130 1311 qui
1152 1242 1221 1288 sese

88 1327 170 1394 Reos
190 1326 319 1418 publice
346 1337 377 1395 et
400 1336 574 1419 spontanee
595 1327 812 1413 declarabant,
837 1349 942 1418 pmuae
967 1305 1223 1395 decernebantur

7 1453 8 1458 ’
56 1489 61 1500 .
89 1443 117 1501 et
135 1434 295 1502 sententia
316 1435 489 1502 ferebatur.
516 1433 617 1503 Aliud
644 1442 753 1504 tamen
778 1433 1027 1523 intelligendum
1050 1433 1140 1501 venit
1165 1454 1223 1523 per

7 1533 8 1558 ¹
89 1540 217 1632 proprie
240 1539 358 1608 dictam
386 1541 537 1610 Ecclesiae
556 1539 763 1632 judiciariam
788 1548 987 1631 potestatem,
1011 1561 1110 1630 quam
1136 1561 1222 1606 nunc

7 1653 8 1656 ’
90 1647 150 1738 ipsi
164 1645 334 1716 vindicam
349 1647 560 1718 intendimus.

7 1765 11 1836 'f
130 1755 179 1822 Eo
206 1754 328 1822 sedicet
349 1755 541 1846 judiciarie
571 1756 734 1846 potestatis
764 1755 873 1825 stricte
902 1761 1040 1845 sumptas
1067 1754 1224 1823 vocabulo

7 1837 8 1894 l
91 1859 298 1949 designamus
315 1862 371 1953 jus
393 1863 545 1932 Ecclesiae
567 1885 606 1930 ea
620 1861 792 1932 exercendi
814 1884 889 1953 qum
905 1861 1066 1951 superiori
1084 1861 1222 1929 sectione

7 1899 9 2052 l
86 1969 220 2058 proprie
241 1967 330 2036 dieta
348 1969 481 2059 judicia
505 1969 693 2038 vocavimus
711 1969 770 2038 :id
793 1977 853 2054 est,
868 1967 1008 2037 habendi
1034 1967 1222 2054 tribunalia,

92 2073 259 2165 inquibus
279 2074 383 2165 ipsius
397 2075 553 2144 ordinarii
569 2076 777 2166 magistratus
791 2075 843 2143 vel
862 2077 904 2144 ab
924 2076 993 2144 istis
1014 2073 1164 2163 delegati,
1180 2073 1224 2140 ita

88 2179 138 2269 jus
158 2180 271 2248 dicant
293 2181 376 2250 cirea
402 2191 504 2252 certas
527 2205 640 2252 causes
663 2181 901 2266 ecclesiasticas,
928 2191 997 2252 tum
1019 2180 1130 2250 civiles
1154 2191 1223 2248 tum

91 2287 286 2373 criminales,
308 2297 345 2356 ut
371 2288 435 2356 reis
463 2311 571 2358 coram
600 2287 786 2379 hujusmodi
815 2289 1034 2358 ecclesiasticis
1059 2287 1223 2379 judicibus

90 2395 257 2462 conventis
278 2395 417 2464 liberum
443 2417 508 2464 non
532 2397 574 2462 sit
596 2418 781 2488 comparere
799 2397 852 2464 vel
875 2419 958 2483 nou3
987 2395 1043 2464 sed
1070 2418 1087 2463 e
1112 2402 1224 2462 contra

92 2509 260 2570 teneantur
279 2523 320 2570 ex
343 2502 551 2588 conscientia,
568 2511 599 2570 et
617 2510 771 2593 potestate
792 2503 911 2594 judicis
933 2502 1005 2592 cogi
1030 2500 1166 2592 possint,
1183 2499 1224 2568 ad

91 2609 343 2699 comparendum
370 2618 403 2676 ct
423 2609 464 2678 ad
487 2609 687 2676 subeundam
714 2617 745 2676 et
769 2608 991 2700 exequendam
1017 2607 1221 2676 sententiam.

92 2714 184 2782 Unde
197 2715 244 2782 sic
259 2713 418 2782 intellecta
434 2715 583 2784 Ecclesiae
601 2714 773 2806 judiciaria
786 2723 925 2806 potestas
946 2714 1096 2795 includit,
1119 2718 1149 2779 l·
1166 2737 1225 2805 pc-

92 2827 236 2890 testatem
261 2822 473 2910 cognoscendi
497 2821 537 2890 de
562 2821 785 2890 cerliacensis
811 2830 882 2889 tum
904 2821 1056 2890 civilibus
1075 2830 1143 2888 tum
1161 2820 1225 2887 eri-

92 3034 150 3101 sibi
173 3033 339 3102 exclusive
362 3034 569 3112 vindicandi;
588 3035 633 3103 ita
650 3044 687 3103 ut
713 3057 779 3102 non
806 3036 868 3102 nisi
891 3031 1024 3124 injuste,
1041 3031 1175 3099 abusive
1195 3039 1226 3098 et

93 3140 224 3208 nulliter
247 3142 294 3208 in'
309 3141 466 3230 ejusmodi
492 3163 605 3208 causas
631 3163 699 3208 sese
725 3141 852 3227 ingerat
876 3139 1040 3208 saecularis
1064 3145 1224 3230 potestas;

93 3250 124 3312 3ο
141 3253 330 3336 potestatem
347 3246 512 3336 obligandi
529 3246 640 3314 fideles
661 3245 701 3313 ad
722 3245 912 3315 deferendas
934 3243 1094 3337 ejusmodi
1114 3267 1227 3312 causas

92 3352 130 3419 ad
138 3352 283 3442 judicem
299 3353 560 3438 ecclesiasticum,
572 3353 744 3420 interdicto
757 3353 836 3443 ipsis
850 3351 931 3420 laico
945 3351 1117 3430 tribuuali;
1134 3355 1165 3418 t·
1172 3351 1227 3442 jus

94 3458 234 3528 habendi
264 3469 502 3549 procuratorem
539 3459 726 3527 auctoritate
761 3458 970 3528 ecclesiastica
1002 3459 1225 3542 constitutum,

92 3565 186 3656 cnjus
202 3565 331 3656 publico
346 3565 526 3635 ministerio
543 3574 705 3634 certorum
721 3565 894 3633 criminum
911 3567 957 3632 rei
974 3565 1225 3641 convenientum
1327 3635 1329 3644 ,

94 3679 124 3738 5·
139 3681 329 3764 potestatem
350 3672 516 3762 obligandi
537 3674 571 3740 iu
586 3673 778 3740 conscientia
793 3672 911 3757 Reum,
927 3673 968 3740 ab
982 3673 1099 3740 Actora
1121 3671 1162 3738 ad
1175 3670 1229 3760 jus

92 3789 256 3863 vocatum,
278 3787 314 3847 ut
337 3787 531 3870 compareat,
552 3779 809 3869 sententiamque
831 3777 944 3845 subeat
969 3787 1001 3846 et
1025 3783 1226 3867 exequatur;

94 3891 125 3954 θ’
141 3893 331 3976 potestatem
347 3887 497 3954 eumdem
514 3887 618 3954 Reum
644 3885 679 3953 vi
696 3884 841 3953 coactiva
864 3882 1076 3974 compellendi
1091 3882 1131 3950 ad
1152 3884 1229 3955 sub-

93 3995 234 4062 eundam
249 4003 281 4061 et
296 3993 517 4084 exequendam
539 3993 742 4061 sententiam.

7 4125 8 4148 ³
135 4103 183 4170 Ea
209 4100 420 4190 intelligenda
444 4101 589 4169 venitin
613 4107 678 4168 tota
706 4100 861 4191 praesenti
891 4099 1029 4166 sectione
1057 4096 1229 4188 judiciaria

94 4209 246 4280 Ecclesiae
268 4215 426 4300 potestas:
443 4207 603 4294 distincta,
621 4215 658 4274 ut
681 4216 778 4302 patet,
796 4217 866 4276 tum
883 4206 988 4276 atoro
1004 4204 1228 4298 poenitentiali,

7 2279 10 2360 l

7 2674 16 3271 ξ
91 2927 280 3013 minalibus,
309 2949 426 3018 easque
451 2927 646 3006 dirimendi;
677 2931 712 2994 2·
736 2927 790 3017 jus
822 2927 1007 3019 praedictam
1037 2934 1224 3016 potestatem
