3056 4972
540 470 614 516 rans
643 470 750 517 rmus.
1160 449 1220 514 187

81 593 192 684 (capot
209 590 392 662 Pastorolis
411 593 465 678 tl,
482 591 570 661 tituli
586 595 600 659 1
621 591 660 662 dc
676 591 825 676 Iudiciis,
842 591 919 662 libri
941 597 960 660 2
980 591 1221 682 Decretalium).

78 699 164 768 Huic
180 699 334 768 decretali
350 698 548 768 concordant
571 700 721 769 nonnulli
741 707 851 770 textus
866 699 1080 770 Justinianeur
1095 698 1227 790 legisla-

78 807 191 892 tionis,
208 829 290 899 quos
305 807 417 875 citatos
431 806 506 876 vide
519 807 607 899 apud
624 807 917 898 Schmalzgrueber
933 807 978 898 (in
1002 807 1135 876 titulum
1154 811 1167 874 l
1188 806 1228 876 de

79 914 228 998 ludium,
251 914 326 983 libri
346 919 365 982 2
392 915 623 1002 Decretalium,
642 938 675 983 n.
702 915 768 1005 tt).
793 916 873 986 lnde
896 925 1005 985 autem
1031 913 1230 986 concludunt

81 1023 298 1092 communiter
320 1023 511 1110 canonistas,
526 1031 683 1115 tannam
707 1023 890 1115 generalem
911 1023 1072 1116 regulam,
1090 1023 1228 1115 proponi

82 1131 198 1199 debere
213 1130 255 1199 ab
268 1130 349 1222 ipsis
366 1129 512 1221 personis
534 1130 757 1221 litigantibus,
775 1153 841 1200 non
857 1137 967 1200 autem
982 1130 1023 1200 ab
1037 1131 1226 1200 earumdem

83 1237 260 1325 advocatis,
276 1260 314 1305 ea
334 1259 409 1328 quaa
434 1236 475 1305 ad
498 1237 619 1307 lactum
643 1239 817 1331 pertinent.
844 1238 925 1321 Quae
951 1239 1036 1330 juris
1059 1237 1226 1331 dispositio

83 1345 288 1414 fundatores
307 1345 443 1432 ratione,
462 1345 550 1436 quod
569 1367 621 1414 res
639 1343 680 1414 ad
702 1346 824 1414 factum
853 1347 1049 1436 pertinentes
1065 1344 1228 1413 ordinarie

84 1451 199 1521 melius
214 1452 351 1520 calleant
365 1459 397 1520 et
412 1452 575 1546 explicare
593 1453 722 1522 valeant
742 1475 890 1546 persone
905 1453 1111 1546 principales,
1127 1473 1226 1544 quam

84 1561 229 1628 extranei
242 1568 299 1629 aut
312 1560 409 1628 etiam
426 1582 539 1629 earum
554 1559 714 1629 advocati.

125 1705 343 1797 Exceptiones
367 1703 415 1773 ud
434 1704 633 1796 predictam
660 1705 907 1774 conclusionem.
925 1743 970 1756 -
990 1704 1167 1774 Posuimus
1193 1702 1228 1770 in

85 1812 289 1882 conclusione
318 1835 431 1882 vocem
460 1813 676 1902 reputat-item·
701 1812 775 1881 ideo
800 1835 916 1904 nempe
946 1812 1024 1904 quio
1054 1809 1230 1880 nonnullas

86 1919 289 2011 exceptiones
309 1917 461 1988 admittit.
478 1918 627 2001 Quatuor
640 1920 822 2012 praecipuos
839 1942 934 1988 casus
955 1917 1164 2009 excipiendos
1185 1917 1231 1986 sic

86 2035 241 2096 memorat
256 2025 547 2115 Schmalzgrueber
561 2025 643 2117 (loco
658 2049 758 2117 supra
771 2025 899 2116 citato]:
915 2053 933 2090 o
947 2027 978 2092 1⁰
992 2024 1028 2093 Si
1042 2024 1230 2118 principalis

90 2159 105 2197 ι
126 2135 167 2202 sit
193 2134 293 2201 homo
317 2133 469 2224 simplex,
487 2134 545 2224 qni
569 2141 710 2200 mentem
734 2155 827 2202 suam
849 2132 1047 2202 sufficienter
1066 2132 1230 2225 explicere

89 2267 105 2304 u
127 2249 265 2332 nequeat
282 2239 397 2331 (capite
416 2239 597 2309 Pastorelis
621 2239 744 2330 eitsto);
764 2245 796 2308 2·
818 2239 847 2308 si
870 2238 1070 2309 consuetudo
1096 2239 1229 2332 exposi-

90 2377 104 2410 o
127 2350 230 2418 tiones
245 2349 320 2417 lacti
338 2349 379 2416 ab
397 2346 562 2417 advocatis
582 2348 731 2417 admittet
747 2374 754 2416 :
770 2358 802 2417 et
821 2349 869 2417 ita
890 2348 1009 2440 passim
1025 2346 1060 2416 in
1075 2347 1229 2416 tribuua-

15 2485 16 2500 κ
91 2483 106 2520 a
127 2456 212 2525 libus
233 2456 347 2550 praxis
365 2455 509 2543 obtinet;
533 2460 566 2524 ³⁰
588 2456 617 2523 si
637 2454 814 2526 advocatus
836 2455 878 2524 ad
904 2456 1026 2524 lactum
1049 2455 1085 2524 in
1106 2455 1231 2546 judicio

90 2589 105 2624 c
127 2561 376 2656 proponendum
390 2562 506 2631 habeat
521 2561 658 2655 speciale
674 2561 881 2649 mandatum3
901 2567 934 2630 t⁰
949 2563 975 2630 si
989 2559 1091 2654 judex
1110 2570 1142 2630 et
1155 2584 1232 2654 pars

91 2670 226 2739 uellera
253 2692 320 2737 non
342 2668 553 2757 contmdicat,
571 2667 704 2761 quando
726 2668 903 2738 advocatus
923 2691 961 2737 ea
984 2669 1231 2762 proponitque

92 2777 201 2845 alecti
226 2784 321 2863 sunt,
347 2784 424 2845 tunc
445 2777 535 2844 enim
557 2775 685 2844 nocebit
708 2776 807 2868 parti,
824 2777 919 2867 quasi
943 2777 978 2844 in
1002 2775 1230 2868 prejudicium

93 2905 224 2954 «suum
247 2883 471 2952 consentienti.
499 2909 516 2948 c

16 2973 18 2988 ζ
129 2991 248 3060 Contra
260 2990 500 3059 conclusionem
513 3011 614 3082 quam
627 2989 845 3058 stabilivimus
856 2991 979 3082 opponi
994 2990 1099 3059 solent
1110 2991 1230 3082 aliqum

90 3097 278 3188 objectiones
285 3123 296 3184 ;
325 3095 381 3164 sed
415 3119 489 3188 quae
517 3095 611 3166 lacile
637 3097 845 3184 refelluntur,
873 3107 910 3164 ut
933 3095 1043 3166 videre
1067 3104 1114 3164 est
1142 3095 1230 3188 apud

90 3203 374 3296 Schmnlegrueber
391 3205 497 3296 (citato
517 3204 612 3295 loco).

540 3569 685 3640 CAPUT
712 3569 769 3638 lll.

480 3781 519 3827 DE
549 3780 830 3828 PROCURATORIBUS·

136 4026 220 4119 Saepe
236 4027 396 4118 contingit
409 4033 445 4095 ut
460 4026 533 4120 quis
549 4050 606 4119 per
622 4050 656 4096 se
670 4027 779 4119 ipsum
791 4029 870 4120 jura
884 4049 944 4095 sua
959 4024 1044 4095 tueri
1059 4025 1160 4115 nolit;
1177 4027 1228 4096 vel

19 4215 20 4220 ἵ
96 4130 182 4201 etiam
211 4142 360 4228 nequeat,
384 4134 452 4203 sive
476 4133 563 4225 quod
591 4133 704 4226 procul
731 4133 843 4224 degat,
871 4133 939 4202 sive
968 4131 1032 4200 alia
1054 4132 1094 4201 de
1117 4155 1225 4202 causa.

19 4319 20 4326 ἵ
97 4237 172 4309 Hinc
194 4241 353 4333 tegetum
376 4241 466 4309 civili
486 4252 556 4310 tum
583 4240 796 4310 ecclesiastica
815 4248 971 4310 statutum
991 4247 1050 4331 est,
1066 4248 1103 4311 ut
1123 4248 1230 4334 partes
