3032 4976
268 441 331 506 ttt
638 457 815 506 mauranus
836 459 875 506 na
897 457 1030 506 moruus.

266 581 387 652 dicium
410 579 483 669 Rei,
507 579 618 650 Actori
648 579 842 670 regulariter
862 577 1024 651 incumbit
1044 601 1114 648 rem
1137 599 1236 672 quam
1261 575 1417 646 affirmat

264 686 424 782 probandi
438 686 605 778 obligatio.

308 793 511 888 Applicanda
525 803 633 862 autern
647 793 737 863 veuit
757 793 828 864 bec
847 794 974 886 regula,
990 802 1057 862 tarn
1073 792 1108 860 in
1129 793 1234 862 causis
1251 791 1416 860 crimina·

262 903 349 972 libus
362 925 461 995 quam
477 899 647 970 civilibus:
665 909 697 969 et
713 903 811 971 etiam
833 901 964 993 quando
976 899 1080 992 judex
1098 899 1243 992 procedit
1256 923 1298 968 ex
1316 921 1417 968 mero

262 1009 371 1080 olfido
387 1029 446 1100 per
460 1007 551 1076 uiam
564 1007 796 1100 inquisitionis,
815 1008 850 1078 id
865 1017 913 1078 cat
926 1009 1048 1100 absque
1064 1006 1132 1076 ullo
1149 1015 1333 1076 accusatore
1352 1015 1418 1076 aut

262 1115 507 1202 denuntiatorc3
525 1115 714 1184 nemetiam
737 1124 815 1184 tuuc
837 1138 904 1185 non
926 1123 1054 1184 tenetur
1067 1113 1156 1184 Reus
1175 1122 1286 1183 contra
1305 1136 1417 1206 quem

264 1223 448 1317 proceditur
468 1221 605 1314 probare
627 1221 845 1292 innocentiam
873 1245 979 1310 suam,
1002 1220 1058 1290 sed
1081 1230 1208 1290 tenetur
1226 1221 1327 1314 judex
1358 1218 1417 1288 vel

261 1338 428 1423 promotor
443 1327 561 1397 fiscalis
576 1329 714 1421 probare
730 1329 838 1422 ipsum
853 1330 1041 1422 deliquisse.
1064 1328 1159 1398 Unde
1174 1327 1297 1398 etiamsi
1316 1327 1418 1397 Reus

262 1433 385 1507 nullam
410 1434 644 1524 defensionem,
670 1436 859 1530 nullamque
886 1435 1110 1530 probationem
1134 1459 1193 1528 pro
1219 1459 1253 1503 sc
1277 1433 1414 1520 afferat,

260 1543 354 1614 debet
369 1542 505 1630 absolvi,
521 1543 549 1612 ai
564 1551 677 1611 contra
691 1545 801 1638 ipsum
814 1567 881 1613 non
901 1545 1069 1636 probetur.
1095 1544 1136 1612 Et
1155 1543 1200 1612 itu
1220 1540 1417 1610 decernitur

262 1652 366 1744 capite
377 1649 493 1720 ultimo
514 1649 601 1719 tituli
616 1651 656 1719 de
668 1650 907 1744 Jurejuroudo,
923 1652 1026 1746 capite
1045 1651 1142 1722 unico
1160 1650 1247 1719 tituli
1262 1661 1300 1718 ut
1313 1651 1415 1718 licet.

264 1759 364 1852 botes.
386 1759 454 1827 sinc
475 1755 556 1827 dim.
583 1757 719 1850 confer„
739 1781 866 1828 necnon
888 1759 959 1850 lega
980 1759 1046 1844 Qui
1070 1782 1222 1828 ocuuore
1241 1759 1287 1850 (4,
1310 1781 1338 1826 c.
1373 1757 1419 1826 dc

307 1973 347 2042 ll.
376 1971 550 2042 Receditur
572 1980 721 2042 tamena
744 1974 881 2066 prelata
902 1973 1017 2064 regula
1036 1973 1072 2041 in
1094 1971 1190 2042 certis
1210 1971 1418 2065 quibusdam

262 2079 401 2149 casibus.
425 2079 510 2148 Nam
535 2081 566 2146 1ο
587 2079 617 2148 si
633 2078 722 2148 Reus
738 2090 881 2173 opponat
898 2080 1041 2172 aliquam
1059 2079 1295 2171 exceptionem,
1317 2101 1418 2170 prae-

263 2185 438 2274 tcndendo‚
464 2185 555 2254 verbi
586 2186 704 2275 gratia,
728 2185 871 2277 judicem
898 2209 965 2255 uon
991 2211 1060 2256 esse
1084 2195 1331 2280 competentem,
1357 2188 1419 2256 vel

264 2297 417 2364 Actorum
448 2301 602 2362 testemve
632 2291 775 2386 aliquem
803 2317 870 2362 non
899 2316 968 2362 esse
1000 2293 1240 2386 recipiendum,
1266 2293 1328 2385 ipsi
1351 2294 1419 2360 in·

264 2401 387 2472 cambit
407 2399 566 2492 ejusmodi
583 2400 789 2493 exceptiones
810 2400 971 2493 probandi
996 2424 1089 2470 onus.
1113 2401 1249 2469 2⁰1tem
1273 2402 1300 2468 si
1325 2401 1419 2492 juris

264 2509 478 2603 praesumptio
492 2515 553 2576 stet
569 2529 628 2602 pro
643 2509 762 2576 Actcre
776 2507 973 2594 affirmante,
990 2509 1079 2577 Reus
1090 2530 1214 2599 negans
1226 2530 1294 2577 suae
1305 2529 1418 2598 nega-

265 2616 364 2685 tionis
379 2616 548 2684 veritatem
563 2613 700 2705 probare
717 2612 821 2682 debet.
838 2617 871 2681 3⁰
886 2615 922 2684 Si
933 2614 1035 2707 judex
1055 2639 1096 2684 ex
1115 2615 1204 2706 justa
1217 2638 1313 2684 causa
1327 2639 1419 2685 onus

266 2721 425 2814 probandi
440 2722 475 2790 in
494 2721 602 2789 Reum
617 2719 809 2808 transferct3
829 2729 865 2790 ut
886 2722 913 2789 si
933 2723 995 2813 ipsi
1014 2721 1139 2791 delerat
1156 2723 1383 2814 juramentum
1407 2752 1416 2792 :

268 2829 363 2896 dehet
377 2826 465 2896 enim
481 2835 559 2894 tunc
577 2825 667 2894 Reus
689 2849 824 2918 parerc,·
838 2835 871 2894 et
887 2824 921 2893 in
935 2825 997 2894 hoc
1014 2849 1093 2895 casu
1114 2826 1297 2918 praestitum
1313 2825 1419 2917 jura-

139 3011 148 3028 Ι
269 2943 415 3004 mentum
430 2933 501 3002 loco
510 2931 711 3024 probationis
724 2931 795 3001 crit.
814 2931 910 3024 (Vide
927 2931 1229 3024 Schmalzgrueber‚
1241 2932 1333 3000 iutit.
1356 2937 1416 3022 19,

267 3039 346 3109 libri
363 3044 382 3107 2
399 3039 628 3126 Decretalium,
643 3060 677 3105 u.
696 3037 765 3128 28.)

314 3147 459 3230 Qunsrro
475 3149 522 3213 9⁸.
531 3183 576 3196 -
586 3144 730 3213 Cutinam
745 3143 913 3212 incumbat
925 3143 1067 3236 probare
1082 3166 1151 3211 rem
1165 3144 1199 3212 iu
1208 3143 1340 3237 judicio
1354 3169 1419 3213 ue-

271 3256 410 3345 qotom?
423 3289 469 3303 -
489 3249 659 3342 Superiori
674 3250 852 3341 quaestione
875 3248 1002 3340 egimus
1018 3249 1057 3318 de
1073 3249 1242 3342 probanda
1260 3252 1418 3344 offirmo-

271 3361 358 3429 tione
371 3359 408 3427 in
418 3355 542 3450 judicio
552 3357 694 3449 prolata;
712 3357 858 3426 hisvero
874 3355 914 3424 dc
927 3356 1096 3448 probanda
1116 3357 1287 3448 nepotiano
1302 3381 1418 3430 move-
1505 3349 1506 3432 l

272 3479 328 3538 tur
342 3466 494 3558 quaestic.

321 3572 624 3662 «Distinguendum
644 3573 728 3640 iuter
747 3572 985 3664 propositiones
1003 3573 1190 3663 negativas3
1209 3596 1285 3643 uam
1304 3575 1420 3667 tripli·
1505 3571 1506 3592 ³

278 3711 295 3750 a
318 3684 365 3752 cis
378 3681 507 3772 generis
519 3701 589 3748 esse
602 3687 749 3770 possunt,
765 3701 832 3748 una
847 3679 935 3766 lacti,
953 3679 1018 3747 alia
1034 3679 1131 3770 juris,
1152 3679 1216 3748 alia
1234 3681 1416 3773 qualitatis.
1505 3761 1506 3766 .

279 3817 296 3858 a
319 3788 482 3880 Nepotico
493 3785 577 3879 facti
594 3783 712 3853 dicitur
732 3807 808 3876 quae
829 3793 924 3874 negat
948 3783 1073 3876 aliquid
1093 3783 1214 3853 lactum
1238 3784 1352 3874 fuisse,
1380 3796 1420 3855 ut

280 3925 298 3964 a
321 3919 386 3964 non
401 3893 503 3964 occidi
519 3891 654 3974 Titium,
674 3913 742 3959 non
760 3891 911 3960 contraxi
929 3913 1004 3960 uim
1026 3891 1235 3983 Sempronio.
1251 3893 1419 3983 Nepotiuo

280 4033 298 4073 u
316 4003 419 4095 juris,
437 4000 568 4094 quamn
583 4007 721 4089 negatur
735 3996 858 4090 aliquid
869 3997 943 4089 jure
955 3997 1027 4067 ficri
1040 4021 1133 4090 posse
1148 3997 1203 4068 vel
1213 3997 1337 4090 dejure
1348 3999 1420 4068 lac-
1505 4007 1506 4058 ἰ

157 4185 159 4194 ‚
280 4137 297 4177 o
320 4118 391 4176 tum
407 4105 525 4185 luiaae;
540 4112 576 4172 ut
587 4103 615 4172 si
629 4102 703 4193 quis
714 4112 810 4193 neget
823 4103 948 4172 Titium
961 4127 1136 4196 possessae
1152 4113 1417 4196 procuratorem

281 4247 298 4285 u
321 4215 374 4284 vel
386 4215 416 4282 si·
424 4213 498 4305 quis
506 4222 601 4301 negat
612 4209 875 4281 eloctionemease
884 4211 1008 4304 dejure
1017 4211 1144 4282 laetam
1156 4213 1318 4304 Nepotioo
1331 4238 1421 4304 quo·
