3030 4980
514 471 589 525 osas
616 470 761 525 omnem.
1143 453 1204 521 347

67 617 84 657 e
105 613 182 668 eum
194 596 264 668 eret
277 590 460 686 depositum
471 613 557 668 onus
570 592 779 668 mnteutiosae
794 591 892 668 totius
903 591 1094 686 episcopalis
1105 592 1206 685 iuris·

67 725 84 770 o
107 697 338 778 dictionis...»

110 806 225 876 «Cum
249 813 369 896 eutem,
395 816 469 900 post
492 828 616 876 anuum
639 807 761 878 Christi
784 807 1007 896 millesimum,
1035 809 1208 902 ompissent

66 939 83 980 u
104 913 258 1008 Episcopi
280 936 441 988 essersene
464 914 528 992 eibi
552 915 703 992 Vieerios
724 913 904 1005 generales,
923 937 1007 1006 quoe
1026 914 1067 989 ed
1088 923 1206 992 nutum

65 1045 82 1085 u
105 1029 237 1114 possent
248 1020 477 1110 essedorum,
492 1029 524 1092 et
535 1020 941 1111 officiuesmrouidieeoui
952 1043 1082 1115 quoque
1094 1023 1207 1116 poula-

65 1155 82 1193 u
106 1129 166 1198 tim
182 1129 315 1224 spoliari
326 1151 451 1223 empore
463 1129 598 1226 auliqtm
611 1129 833 1224 latissimaque
843 1129 1039 1204 authoritate
1051 1129 1117 1204 ills.
1134 1132 1207 1216 Quo

65 1262 82 1301 u
104 1235 227 1311 loetum
242 1245 302 1326 eet,
325 1245 374 1324 ut,
392 1236 615 1330 preeuntibus
629 1237 845 1314 mnoiliorom
863 1236 1002 1330 plsoitis,
1017 1261 1072 1310 eos
1087 1238 1129 1309 ud
1147 1238 1206 1310 bus

65 1369 81 1408 u
103 1344 273 1436 mgesaas
291 1343 471 1434 adegerint,
498 1356 537 1422 ut
557 1343 722 1419 modicam
740 1367 881 1438 poenam
897 1345 1026 1438 possim
1043 1346 1208 1439 imponere

64 1477 80 1518 e
104 1451 159 1524 ael
171 1449 219 1520 od
230 1449 397 1528 modicum
417 1463 545 1544 tompus
564 1449 805 1544 suspendere.»
827 1453 942 1544 (Vetus
956 1463 988 1522 et
1005 1475 1092 1527 novo
1110 1453 1206 1526 doci-

64 1583 81 1624 α
100 1558 211 1649 plina,
229 1565 319 1650 parte
337 1559 409 1646 1,1.
430 1563 463 1641 2,
479 1581 551 1651 oap.
570 1563 627 1646 20,
642 1581 677 1632 n.
697 1559 765 1650 12.)

107 1665 317 1755 «Ceterum,
341 1687 407 1737 nou
427 1666 638 1740 Visoriorum
664 1665 834 1742 dumtaxat
855 1673 887 1736 et
905 1665 1094 1740 officialium
1114 1691 1205 1738 orea-

63 1799 80 1838 e
102 1774 205 1861 uene,
230 1795 324 1842 susm
342 1772 383 1844 ed
404 1794 438 1844 se
459 1773 613 1865 Episcopi
626 1772 884 1865 jurisdictionem
906 1796 1075 1862 revorsr03
1091 1774 1148 1846 sed
1167 1798 1206 1846 eo

63 1908 80 1946 u
103 1881 313 1972 potissimum
333 1881 475 1967 decreto,
497 1903 564 1972 quo
584 1880 728 1968 voluere,
751 1903 792 1952 ue
811 1881 978 1971 graviores
1002 1881 1207 1976 majoresque

64 2009 227 2075 ueansae,
253 1989 433 2080 presertim
464 1988 733 2076 matrimoniales,
761 1987 840 2058 alibi
868 1987 1019 2079 deinceps
1045 2011 1146 2086 quem
1172 1992 1208 2059 in

64 2122 81 2161 u
104 2095 280 2187 episcopali
302 2096 373 2167 loro
393 2095 632 2182 diffinirentur3
661 2118 737 2168 oum
755 2102 830 2166 aute
850 2094 891 2166 de
910 2094 952 2166 iis
975 2095 1210 2169 Archidiaooni

65 2225 82 2264 u
103 2198 332 2291 judicarent.»
354 2201 464 2294 (thid,
482 2223 517 2270 u.
538 2203 605 2292 10.)

105 2308 159 2378 Ex
177 2307 229 2382 tis
248 2309 458 2382 Thomussiui
478 2310 621 2397 assertis,
643 2309 678 2380 iu
701 2331 843 2402 quorum
866 2308 1089 2400 probationem
1110 2310 1212 2382 multa

62 2437 156 2490 more
175 2437 235 2486 suo
253 2416 447 2488 documenta
461 2416 599 2512 profert,
622 2416 700 2488 setis
723 2421 811 2506 patet
829 2414 910 2509 quid
930 2416 1118 2488 mutationis
1137 2419 1210 2508 epi-

61 2522 207 2614 scopales
232 2524 332 2596 eurise
359 2523 531 2610 subierint,
550 2545 593 2597 ex
620 2522 805 2594 substitutis
829 2522 971 2594 Vioariis
989 2524 1208 2613 generalibus,

60 2631 96 2698 in
123 2630 232 2704 locum
259 2630 586 2704 Arobidieoouomm.
612 2629 687 2701 Non
713 2631 821 2703 miuus
843 2629 963 2704 seilicet
989 2651 1089 2721 quem
1114 2641 1209 2704 auten

61 2738 185 2823 extitit,
203 2745 322 2829 preter
337 2737 547 2831 Episoopum,
565 2735 752 2808 ordinarius
766 2734 882 2829 judex,
905 2736 963 2828 qui
978 2737 1210 2810 contentiosam

58 2842 324 2936 jurisdictionem
346 2853 528 2933 exeroerst3
551 2844 608 2913 sed
633 2845 674 2930 is,
699 2866 774 2912 oum
799 2853 894 2914 antee
917 2850 1093 2936 perpetuus
1115 2853 1210 2933 esset,

61 2952 96 3020 in
120 2950 337 3026 rovooubilem
359 2960 502 3026 mutatus
517 2959 565 3022 est
584 2977 591 3018 :
609 2961 718 3022 emoto
738 2950 988 3038 Archidieoono,
1006 2951 1115 3048 quiin
1135 2951 1211 3022 offi-

61 3059 113 3132 oio
140 3066 317 3150 perpetuus
337 3068 419 3146 erat,
443 3081 503 3151 pro
526 3058 682 3128 tribunali
704 3057 787 3126 sedit
813 3057 962 3128 vicarius
986 3057 1211 3148 generalised

59 3175 183 3242 nutum
195 3165 347 3258 Episoopi
362 3164 553 3240 revocabilis
570 3192 577 3234 :
592 3187 658 3237 uon
672 3163 837 3246 sublatum
852 3164 1009 3251 tribuual,
1026 3163 1083 3236 sed
1100 3166 1210 3258 potius

61 3280 191 3347 mutatu
209 3272 329 3364 judicis
349 3272 503 3344 conditio.
526 3271 607 3358 Qum
629 3270 810 3363 discipline
833 3271 1029 3361 immutatio,
1053 3272 1210 3366 paulatim

61 3389 183 3474 empta,
205 3387 238 3452 et
256 3379 382 3452 decimo
405 3380 498 3456 tertio
519 3379 652 3451 taudem
672 3379 793 3452 saeculo
813 3378 882 3450 lere
903 3377 1024 3474 ubique
1038 3380 1211 3473 oompleta,

60 3490 97 3559 iu
118 3493 280 3579 quantum
299 3487 451 3556 Eoolesiae
469 3487 592 3560 bonum
610 3485 753 3574 cesserit,
769 3485 877 3578 palam
900 3485 1023 3558 tedam
1036 3486 1124 3580 epod
1138 3487 1210 3556 bis-

61 3597 169 3666 torioa
187 3603 411 3682 monuments,
428 3593 574 3666 exitiales
589 3592 723 3682 ebusus,
739 3593 781 3662 ed
798 3617 880 3686 quos
893 3595 1077 3688 prisoorum
1089 3595 1212 3667 Archi-

62 3705 293 3790 diaeonorum,
308 3701 407 3770 officii
421 3702 476 3772 sui
489 3701 703 3793 perpetuitate
722 3700 895 3788 fretorum,
912 3701 1008 3772 elatio
1027 3703 1062 3771 iu
1078 3703 1214 3795 Episco-

61 3833 126 3904 pes
149 3817 246 3902 atque
268 3808 426 3882 aoerbitos
451 3809 661 3883 devenerunt.
684 3809 800 3880 Merito
825 3807 1005 3900 dejicienda
1029 3809 1091 3883 ituit
1116 3833 1213 3884 exor-

61 3919 177 3994 bitans
199 3923 352 4008 potestus,
379 3939 454 4009 qus
475 3917 636 4009 jamnon
662 3917 696 3988 in
720 3917 878 4008 juvamen
903 3917 1068 4010 Episcopi,
1095 3919 1153 3992 sod
1178 3919 1214 3992 in

61 4023 351 4116 impedimentum,
378 4046 445 4099 oon
469 4025 503 4094 iu
530 4021 791 4113 aedifioatiouem,
819 4024 937 4096 sedin
964 4023 1214 4100 destructionem

63 4138 218 4208 cesserat.
241 4131 416 4220 Quium,
441 4132 522 4224 quio
543 4131 731 4208 remotioris
756 4131 970 4208 iustitutionis
991 4140 1068 4209 suut
1091 4133 1215 4206 Vioarii

63 4238 249 4330 generulos,
267 4237 387 4316 frustra
400 4238 580 4332 quidquem
596 4238 636 4318 de
651 4260 765 4313 eorum
787 4239 898 4318 officio
913 4238 949 4318 iu
964 4239 1112 4336 quisque
1124 4241 1216 4320 libris
