3056 4972
548 505 622 552 rsss
644 505 751 552 rems.
1149 492 1212 557 227

75 621 138 711 (lu
158 645 233 694 oum
254 625 420 695 communi
442 625 708 719 jurisperitorum
735 628 893 698 sententia
911 627 1213 720 Schmalzgrueber‚

75 729 113 796 in
127 731 178 798 tit.
197 735 251 819 39,
267 732 345 801 libri
362 735 376 800 1
391 733 621 819 Decretalium,
637 757 671 801 n.
692 734 736 823 5.)

123 843 155 908 9.
168 839 309 908 Possunt
322 863 342 908 a
354 841 582 909 communitate
596 841 748 910 constitui
761 841 870 933 plures
882 842 1006 933 syndici
1017 871 1025 922 ;
1036 850 1068 911 et
1083 865 1216 913 censen-

75 959 133 1013 tur
147 946 292 1038 deputati
308 947 341 1015 in
356 947 508 1028 solidum,
525 948 675 1037 quamvis
691 945 724 1015 id
738 947 772 1015 in
786 949 1002 1017 instrumento
1017 970 1083 1018 non
1093 950 1216 1043 expri-

76 1061 205 1141 metur3
219 1065 390 1125 censentur
405 1056 499 1124 etiam
514 1057 679 1126 constituti
685 1041 769 1125 'com
784 1058 896 1142 libero,
909 1059 943 1128 id
957 1068 1016 1147 est,
1032 1073 1107 1129 'oum
1120 1061 1217 1152 plena

76 1161 197 1250 agendi
213 1171 378 1254 potestate.
397 1163 456 1254 (ita
468 1164 684 1233 communiter
699 1164 857 1236 doctores.
868 1165 952 1236 Vide
967 1166 1216 1259 Schmelcgrue·

76 1269 148 1358 ber,
165 1269 237 1339 toeo
254 1269 376 1360 citato.)

122 1375 483 1446 insinuaremus
508 1376 633 1467 syndici
657 1377 772 1448 iisdem
797 1379 902 1450 modis
921 1401 957 1448 sc
979 1379 1117 1449 aliorum
1138 1403 1216 1473 pro-

77 1493 286 1571 curatornm3
313 1485 379 1552 nisi
402 1483 489 1576 quod
513 1505 579 1551 non
609 1484 743 1553 finiatur
766 1494 868 1553 morte
891 1487 1115 1554 constituentis
1127 1487 1215 1578 (cnm

78 1591 294 1660 communitas
319 1599 487 1660 censeatur
511 1612 640 1681 semper
660 1588 771 1658 eadem
797 1591 1016 1682 permanere);
1043 1612 1102 1660 nec
1124 1592 1216 1660 finita

78 1697 234 1765 instantia
245 1721 302 1766 seu
314 1697 521 1789 pronuntiata
529 1695 647 1787 judicis
658 1696 826 1784 sententis,
838 1718 912 1765 cum
925 1695 1090 1788 syndicus,
1104 1705 1215 1788 utpote

77 1811 306 1893 permanenter
320 1802 361 1870 ad
374 1803 446 1871 lites
461 1823 584 1888 omnes,
601 1801 697 1870 etiam
721 1803 861 1888 futuras,
877 1804 1081 1891 constitutus,
1099 1803 1216 1895 appel-

77 1909 230 1978 lationem
245 1931 312 1978 non
326 1918 453 1977 tantum
470 1909 689 1999 interponere,
707 1907 762 1976 sed
779 1917 811 1977 et
823 1909 975 2003 prosequi
990 1911 1101 2001 possit.

121 2019 175 2084 11.
198 2017 287 2085 Licet
311 2016 497 2084 monasterii
522 2014 677 2105 syndicus
704 2037 769 2082 non
796 2001 938 2107 potuerit
963 2039 982 2084 a
1004 2016 1071 2086 solo
1090 2017 1215 2088 Abbate

77 2123 146 2190 sine
161 2145 320 2192 consensu
335 2121 467 2213 capituli
482 2123 647 2207 constitui,
665 2130 767 2213 potest
783 2129 891 2192 tamen
907 2145 926 2190 a
941 2123 1009 2192 solo
1022 2123 1147 2193 Abbste
1163 2147 1215 2193 re·

77 2232 197 2298 vocari.
219 2230 347 2299 «Ratio
360 2238 420 2311 est,
438 2229 482 2297 sit
496 2227 787 2318 Schmatzgrueber
804 2229 885 2321 (loco
908 2229 1030 2322 citato),
1047 2233 1125 2323 quia
1147 2233 1215 2323 ipse

82 2361 97 2398 e
119 2345 225 2426 potest
238 2357 334 2424 agere
349 2336 437 2404 solus
450 2336 484 2404 in
501 2335 608 2403 causis
623 2336 673 2404 sui
698 2338 884 2405 monasterii
902 2337 984 2428 (cap.
1003 2337 1142 2405 Edoceri
1158 2342 1213 2426 21,

82 2468 98 2506 α
119 2442 160 2510 de
175 2441 370 2534 Rescriptcc);
385 2465 464 2532 ergo
488 2443 583 2511 etiam
599 2442 687 2511 solus
708 2463 859 2511 revocare
875 2441 1049 2534 syndicum
1072 2453 1102 2513 et
1124 2444 1159 2512 in
1181 2468 1215 2514 se

81 2577 97 2614 α
120 2572 284 2618 assumere
303 2550 508 2618 actionem.»

122 2661 175 2724 12.
188 2685 205 2721 a
218 2657 238 2725 J
240 2679 278 2726 us
292 2655 432 2746 eligendi
446 2654 609 2747 syndieos,
621 2665 856 2747 procuratores,
871 2665 902 2723 et
918 2655 1071 2726 officiuim
1085 2681 1214 2728 monas-

81 2791 99 2830 «
120 2765 276 2832 teriorum
293 2763 495 2851 monialium,
506 2762 581 2854 juro
594 2762 762 2833 ordinario
777 2763 918 2855 pertinet
934 2763 975 2832 ad
988 2763 1184 2857 Episcopum
1204 2793 1212 2834 ι

82 2899 99 2936 a
120 2871 295 2962 aliquando
312 2879 417 2939 tamen
435 2869 548 2960 vigore
563 2870 644 2960 legis
665 2869 880 2960 fundationis,
896 2871 947 2940 vel
961 2871 1059 2940 etiam
1076 2896 1216 2942 consue-

80 3003 98 3040 α
121 2978 257 3063 tudinis,
270 2983 326 3046 ant
336 2977 586 3064 constitutionis,
604 2975 644 3044 ad
660 2977 832 3065 moniales;
848 2986 880 3046 et
898 2977 1090 3068 aliquando,
1105 2979 1215 3070 vigore

82 3111 99 3149 s
117 3086 203 3176 Jnris
218 3092 405 3176 patronatus
420 3093 476 3154 ant
491 3084 623 3152 alterius
636 3084 870 3171 conventionis,
888 3083 984 3152 etiam
999 3085 1041 3154 ad
1060 3085 1168 3156 laicos.

126 3217 142 3256 a
157 3192 324 3275 Quatenus
338 3188 398 3259 hoc
416 3189 471 3283 jus
486 3197 605 3281 spectat
620 3189 661 3258 sd
685 3190 853 3278 moniales,
871 3190 1050 3284 Episcopus
1065 3193 1149 3262 sinat
1163 3217 1216 3264 eas

82 3325 100 3365 e
122 3321 180 3367 suo
199 3301 275 3391 jure
296 3299 357 3385 nti,
374 3305 501 3366 servata
515 3296 576 3365 sibi
593 3297 824 3388 approbatione
839 3306 871 3366 et
886 3301 1066 3370 remotione
1086 3303 1126 3371 ad
1150 3304 1217 3373 for-

83 3431 100 3468 e
126 3429 207 3474 mam
224 3405 352 3474 concilii
363 3403 545 3472 Tridentini
555 3411 586 3470 et
597 3401 799 3472 decretorum
815 3405 923 3474 Sacrae
935 3407 1214 3498 Congregutionis,

83 3537 101 3574 a
123 3535 194 3604 quse
217 3512 317 3580 refert
334 3509 477 3579 Nicolius
495 3513 540 3601 (in
561 3511 678 3591 Flosc.,
697 3511 797 3578 verbo
816 3513 1066 3596 Monosterium,
1086 3537 1119 3584 n.
1140 3517 1213 3606 9)...

84 3645 102 3683 s
125 3619 159 3686 Si
172 3641 249 3687 vero
269 3616 380 3686 electio
402 3625 433 3684 et
458 3616 624 3709 deputatio
647 3615 687 3684 ad
714 3617 812 3686 laicos
839 3618 1025 3709 pertineret,
1040 3621 1218 3716 Episcopus

84 3751 103 3790 a
126 3747 187 3793 non
224 3725 331 3810 debet,
362 3744 466 3814 neque
497 3729 613 3813 potest,
642 3720 738 3789 talem
778 3723 1017 3813 deputationem
1052 3747 1216 3818 respuere,

85 3859 102 3896 c
126 3833 272 3923 quamvis
285 3833 330 3900 sic
342 3829 503 3922 deputatis
517 3829 718 3898 incumberet
730 3829 894 3898 redituum
912 3831 1097 3900 monasterii
1111 3833 1216 3903 admi-

85 3965 102 4003 α
127 3940 287 4017 nistratio;
312 3937 368 4005 sed
392 3944 562 4005 contentus
583 3943 711 4004 maneat
731 3935 849 4004 habere
870 3937 1215 4032 superintendentiam,

87 4071 105 4110 s
127 4045 215 4134 justa
230 4045 473 4136 dispositionem
490 4041 672 4110 Tridentini
697 4041 825 4110 concilii
845 4042 927 4135 (cap.
946 4049 962 4109 8
983 4052 1015 4112 et
1032 4049 1063 4132 a,
1079 4069 1157 4116 sess.
1175 4054 1216 4118 22

87 4177 105 4214 u
129 4152 164 4220 de
178 4155 275 4245 defi).
301 4178 318 4217 o

133 4263 180 4328 ts.
199 4260 368 4352 cSyndici
384 4260 452 4328 sive
467 4259 620 4328 officiales
635 4257 779 4349 deputati
795 4261 1065 4330 monasteriorum
1082 4263 1218 4356 (monia-
