3032 4976
580 507 656 558 PARS
678 509 783 557 esraa.

565 842 801 914 GONCLUSIO

388 1051 496 1100 TOTIUS
517 1053 634 1102 selonts
657 1054 765 1102 rsnrls
786 1055 970 1114 scamaros.

154 1277 228 1348 Non
249 1280 385 1350 miretur
401 1281 502 1351 lector
521 1281 628 1352 claudi
643 1283 713 1374 jam
733 1283 914 1353 institutam
933 1283 973 1352 de
989 1283 1127 1353 lodieir's
1141 1285 1176 1352 io
1192 1307 1252 1376 pe-

109 1409 187 1456 nerc
210 1387 491 1481 disceptationem,
519 1398 551 1459 et
573 1390 727 1482 reliquas,
754 1412 830 1482 quas
846 1389 886 1458 ad
915 1390 1002 1460 idem
1022 1401 1253 1483 argumentum

108 1494 309 1583 referuntur,
337 1497 535 1588 qnssstiones
558 1496 601 1566 ad
628 1497 804 1566 secundam
828 1505 984 1568 tractatus
1003 1507 1127 1591 partem
1145 1499 1250 1590 rejici.

108 1601 177 1670 Has
199 1602 287 1672 enim
306 1604 334 1672 si
355 1603 572 1674 voluissemus
592 1604 700 1698 quoad
725 1606 835 1674 omnia
857 1605 1037 1695 generatim
1055 1605 1182 1697 judicia
1197 1630 1253 1676 ee-

108 1708 284 1778 clesiastiea
312 1711 458 1802 primum
486 1711 648 1799 evolvere,
677 1712 904 1781 debuissemus
932 1719 1054 1804 postea,
1085 1713 1126 1782 de
1154 1715 1254 1784 variis

107 1815 143 1882 in
156 1817 343 1907 particulari
355 1817 554 1910 judiciorum
569 1817 737 1910 speciebus
751 1816 951 1906 disserendo,
975 1819 1086 1911 aliqua
1100 1843 1142 1888 ex
1164 1831 1254 1912 parte

108 1945 276 1992 revocare.
298 1923 344 1994 Ut
358 1947 437 2015 ergo
455 1925 605 2024 brevitati
624 1925 861 2012 consuleretur,
879 1925 988 1995 visum
1003 1935 1053 1994 est
1068 1928 1253 2017 generalem

110 2029 151 2097 dc
166 2029 353 2122 hujusmodi
374 2033 622 2124 questionibus,
642 2055 716 2124 quae
736 2031 792 2100 bic
807 2033 1016 2121 omittuntur,
1034 2035 1199 2103 notionem
1213 2035 1254 2102 ad

110 2159 150 2205 ea
171 2139 357 2230 posterioris
377 2140 559 2231 partitionis
576 2140 648 2208 loca
665 2141 842 2228 remittere,
865 2141 923 2210 ubi
946 2140 987 2209 de
1010 2141 1125 2211 iisdem
1147 2143 1256 2235 quoad

111 2243 255 2336 aliquam
278 2245 477 2337 judiciorum
502 2247 790 2317 ecclesiasticorum
815 2250 955 2339 speciem
977 2249 1105 2318 dicendi
1139 2272 1256 2318 occur-

112 2361 162 2420 ret
177 2353 363 2424 necessitas.
1012 2350 1015 2355 ¹

157 2459 271 2542 Quoad
290 2460 444 2530 traditam
459 2482 537 2530 vero
553 2461 617 2530 huo
636 2483 739 2552 usquc
757 2461 951 2547 doctrinam,
974 2485 1040 2530 non
1056 2463 1155 2532 unius
1174 2465 1256 2532 forte

112 2566 239 2636 lectoris
260 2575 414 2654 mentem,
436 2568 561 2638 subibit
583 2569 745 2658 cogitatio,
772 2570 880 2638 minus
904 2577 998 2638 cauto
1020 2570 1143 2638 adamo
1166 2593 1256 2639 com-

114 2682 217 2744 motas
231 2697 251 2743 a
265 2697 317 2743 me
337 2675 436 2744 luisse
455 2676 575 2744 arduas
592 2675 748 2767 quasdam
769 2677 978 2768 quastiones,
996 2699 1070 2768 quae
1089 2699 1150 2768 pro
1167 2700 1256 2768 prae-

113 2783 254 2851 sentium
274 2791 459 2874 temporum
482 2784 606 2852 ratione
626 2783 794 2853 nonnullis
816 2783 989 2853 offensioni
1012 2807 1080 2852 esse
1102 2785 1253 2875 possint:

112 2887 275 2979 imprimis
299 2912 415 2981 nempe
442 2890 499 2959 ubi
523 2890 694 2982 proprium
720 2891 887 2960 smcularis
911 2900 942 2960 et
966 2890 1172 2962 ecclesiastici
1193 2890 1257 2959 lori

112 2996 274 3087 objectum
291 2997 592 3069 determinavimus.
609 2999 647 3069 ld
665 3009 774 3070 tamen
793 3000 820 3068 si
835 3000 918 3069 forte
936 3000 1010 3090 quis
1026 2998 1107 3067 mibi
1127 3000 1256 3067 crimini

112 3104 305 3173 vertendum
330 3106 507 3191 existimet,
533 3104 724 3198 perpendat,
749 3129 820 3193 oro,
846 3129 927 3174 num
950 3105 1018 3197 ipse
1045 3105 1253 3197 scriptorum,

112 3211 170 3302 qui
189 3211 249 3279 bae
271 3220 383 3282 nostra
402 3221 495 3282 aetate
512 3211 552 3280 de
569 3213 644 3304 jure
659 3236 750 3281 sacro
770 3221 921 3298 tractant,
946 3223 1052 3304 partes
1072 3221 1168 3305 atque
1184 3212 1256 3281 offi-

112 3316 200 3385 cium
227 3316 337 3386 minus
361 3327 444 3388 recte
472 3318 643 3409 intelligat.
675 3319 745 3388 Etsi
769 3319 856 3386 enim
884 3341 939 3387 eos
964 3319 1022 3410 qui
1044 3320 1093 3387 rei
1112 3329 1257 3410 praesunt

112 3424 349 3512 ecclesiastiea,
364 3426 559 3518 quandoque
576 3427 696 3512 deceat,
714 3435 868 3494 attentata
887 3434 1000 3494 contra
1015 3425 1155 3495 Romani
1168 3427 1256 3496 Pon-

113 3529 210 3599 tifieis
238 3541 495 3625 caeterorumquc
524 3533 704 3624 praesulum
731 3532 799 3624 joc,
830 3531 1009 3624 prudenter
1037 3531 1254 3622 dissimulare,

112 3637 180 3706 imo
203 3647 234 3706 et
257 3638 297 3707 de
316 3639 377 3708 hoc
392 3639 467 3730 jure
488 3640 584 3730 plura
598 3639 736 3708 libenter
761 3639 862 3730 (salva
884 3649 992 3708 tamen
1012 3639 1159 3709 catholici
1175 3640 1256 3730 dog-

113 3745 209 3814 matis
239 3747 395 3838 essentia)
425 3747 588 3816 remittere
595 3773 604 3834 ;
640 3754 752 3814 atvero
789 3747 916 3838 privato
954 3747 1104 3838 scriptori
1134 3770 1257 3839 nequa·

112 3875 212 3944 quam
240 3853 315 3923 licet
343 3853 429 3921 idem
455 3853 509 3945 jus
538 3863 692 3922 truncum
723 3851 956 3945 mutilumque,
989 3853 1085 3922 etiam
1118 3853 1255 3943 silendo,

112 3958 299 4048 exhibere;‚
312 3959 368 4029 sed
394 3960 447 4030 vel
473 3984 492 4028 a
517 3959 673 4029 tradenda
696 3959 793 4028 hacce
816 3959 987 4051 disciplina
1011 3960 1181 4050 abstineat,
1205 3963 1257 4032 vel

113 4075 258 4158 pernotae
273 4068 336 4136 sibi
357 4067 488 4137 veritati
505 4068 728 4137 testimonium
747 4067 887 4136 fideliter
906 4065 1033 4135 reddat.
1056 4068 1164 4157 Quod,
1181 4093 1257 4138 eum

113 4177 203 4244 omni
217 4183 362 4267 tempore
375 4175 479 4267 ipsius
493 4173 637 4244 officium
654 4175 708 4262 sit,
725 4183 803 4242 tunc
815 4197 893 4242 vero
905 4172 957 4241 vel
971 4174 1112 4243 maxime
1126 4177 1257 4267 quando

112 4306 241 4354 errores
258 4285 398 4375 oppositi
420 4284 572 4352 audacter
593 4291 804 4376 sparguntur,
829 4293 861 4353 et
882 4307 901 4352 a
926 4283 1005 4353 viris
1025 4284 1121 4353 etiam
1144 4287 1201 4377 qui
1224 4311 1257 4355 se
