3030 4980
551 515 626 561 rans
649 513 794 561 saeuuoa.
1175 497 1237 562 iss

95 652 190 723 posse
205 631 371 702 Vicarium
393 635 589 724 generalem,
614 636 677 704 nisi
699 659 740 703 ex
759 635 887 726 speciali
913 637 1139 705 commissione
1161 639 1240 730 Epi-

94 740 185 829 scopi
201 765 210 824 ;
227 749 361 830 excepto
381 763 459 808 casu
480 741 531 832 (ut
551 741 652 833 aliqui
675 741 809 830 addunt)
831 763 897 832 quo
910 741 1088 832 Episcopus
1103 742 1238 814 abesset.

98 843 195 934 (Vide
209 846 419 934 Leureuium,
437 847 477 916 de
501 849 637 918 Vicurc'r's
651 850 776 940 Epire,
792 871 822 916 c.
842 853 874 936 3,
892 872 925 939 q.
947 850 1035 939 lit.)

140 951 284 1033 Qursmo
300 959 369 1022 25⁸.
386 995 430 1008 -
445 958 496 1024 An
507 957 611 1047 pessit
621 956 742 1046 absque
751 955 885 1046 speciali
896 955 1055 1024 mundato
1067 958 1242 1026 cernentire

94 1071 133 1126 ut
146 1060 254 1128 clerici
268 1061 397 1152 litipent
416 1063 453 1130 in
475 1063 542 1132 alio
562 1063 722 1130 tribunali
742 1061 950 1130 ecclesiastico
975 1085 1077 1154 qoam
1098 1069 1183 1131 suo?
1197 1105 1242 1120 -

97 1191 116 1230 u
138 1166 333 1257 Respondeo
353 1195 360 1237 :
377 1193 452 1238 cum
466 1170 555 1260 Papa
573 1170 687 1262 (capite
701 1168 915 1260 Sipaificostl,
934 1168 973 1238 de
986 1173 1070 1239 Fero
1089 1173 1241 1263 compet.)

95 1297 114 1338 a
138 1275 345 1364 prohibuerit
360 1277 485 1346 clericis
500 1278 681 1347 consentire
696 1277 732 1344 iu
746 1276 888 1367 judicem
903 1299 970 1346 non
990 1299 1099 1364 suurn,
1120 1279 1243 1371 absque

96 1403 115 1444 a
139 1381 269 1450 licentia
284 1385 409 1474 proprii
424 1384 588 1477 Episcopi,
608 1385 691 1454 hanc
713 1383 877 1454 licentiam
892 1406 958 1452 non
974 1385 1039 1453 nisi
1055 1385 1096 1453 de
1113 1387 1242 1478 speciali

94 1511 113 1552 u
138 1489 365 1560 commissione
388 1492 540 1584 Episcopi
558 1492 734 1562 concedere
758 1499 862 1584 potest
883 1492 1078 1562 Vioarius...
1097 1493 1191 1576 Quod
1215 1495 1243 1562 si

97 1620 115 1660 a
140 1617 218 1664 vero
231 1605 383 1686 ageretur
398 1596 438 1666 de
448 1599 558 1689 judice
574 1598 670 1684 laico,
685 1598 862 1690 nequidem
878 1599 946 1690 ipse
961 1599 1141 1691 Episcopus
1164 1624 1243 1670 oon-

96 1727 115 1768 «
139 1703 252 1772 cedere
278 1704 400 1775 valeret
422 1705 506 1775 hanc
523 1706 695 1775 licentiam.
720 1705 797 1774 Pari
816 1705 883 1776 lere
903 1706 998 1776 modo
1021 1709 1090 1776 sine
1112 1710 1243 1800 speciali

93 1834 112 1874 a
137 1811 303 1899 mundato,
329 1812 481 1882 Vicarius
502 1813 657 1904 Episcopi
674 1811 875 1902 suffraganei
897 1814 1072 1882 concedere
1091 1837 1156 1884 non
1182 1839 1243 1907 po-

95 1943 114 1980 «
137 1925 211 2003 test,
245 1927 282 1990 ut
315 1919 584 2010 Metropohtanus
616 1929 787 2008 cognoscat
822 1919 862 1988 de
897 1921 1025 2009 negotio
1056 1923 1240 2014 principali,

95 2049 114 2090 a
136 2025 257 2092 omisso
272 2025 410 2094 articulo
425 2026 650 2117 appellationis
670 2027 711 2094 ah
732 2025 845 2095 eodem
870 2027 1003 2096 Vioario
1019 2026 1061 2095 ad
1079 2027 1244 2121 Metropo-

95 2156 113 2196 ιι
136 2117 278 2200 litanum¹
289 2133 532 2224 interpositae.»
558 2133 764 2222 (heurenius,
788 2133 859 2203 loco
879 2133 949 2220 eit,
969 2158 1002 2226 q.
1028 2138 1104 2222 tte,
1127 2136 1160 2204 id
1183 2136 1243 2205 fir·-

93 2259 187 2306 meus
204 2239 303 2306 variis
318 2241 591 2330 auctoritatibus.)

138 2344 281 2425 Qumsrro
297 2351 365 2415 26².
380 2385 425 2400 -
440 2348 490 2416 An
501 2348 604 2438 possr't
617 2347 738 2438 ubsque
751 2348 887 2439 speciali
900 2349 1072 2431 mandato,
1096 2349 1241 2420 claecstrc

92 2452 292 2520 monialium
305 2453 512 2544 inpredierede'
524 2455 692 2522 licentium
707 2454 900 2523 concedere?
910 2493 954 2509 --
966 2456 1241 2546 Respondendum

92 2557 297 2630 affirmative.
323 2562 483 2643 Quamvis
507 2563 594 2630 enim
616 2562 844 2638 Tridentinum
866 2564 954 2651 (sess.
981 2568 1036 2651 25,
1063 2587 1090 2630 c.
1117 2563 1159 2654 5),
1179 2565 1240 2633 sub

92 2689 190 2756 poena
211 2669 557 2738 excommunicationis
586 2670 656 2760 ipso
686 2669 772 2736 tacto
798 2669 1005 2738 incurrendae
1037 2671 1241 2761 prohibuerit

91 2773 277 2863 ingressum
292 2777 326 2844 in
338 2776 422 2844 dicta
434 2777 585 2864 claustra,
599 2778 672 2844 sine
682 2777 839 2868 Episcopi
849 2778 901 2846 uel
909 2778 1086 2868 superioris
1096 2779 1239 2867 licentia,

91 2881 127 2948 in
153 2881 281 2973 scriptis
304 2883 447 2971 obtenta,
479 2885 545 2953 imo
573 2891 604 2951 et
629 2883 770 2952 noluerit
792 2906 886 2975 posse
907 2885 948 2952 ab
974 2885 1134 2976 Episcopo
1155 2887 1240 2954 hanc

90 2989 256 3058 licentiam
277 2990 409 3059 concedi
432 2991 496 3058 nisi
514 2992 550 3059 in
575 2992 703 3058 casibus
727 2991 927 3079 necessariis,
953 3014 1018 3059 non
1045 3001 1152 3061 mmen
1181 3017 1240 3085 per

92 3097 154 3164 hoc
182 3097 355 3167 Vicarium
376 3099 561 3188 generalem
584 3099 747 3167 exclusit:
775 3126 792 3164 a
810 3099 893 3168 Cum
916 3099 1068 3169 Vicarius
1086 3101 1237 3193 Episcopi

95 3229 112 3270 a
136 3204 263 3272 dicatur
277 3227 370 3295 aque
384 3206 534 3297 superior
548 3227 585 3272 ec
600 3206 779 3296 Episcopus
793 3205 902 3296 (juxta
917 3205 1192 3276 archidiaconum
1203 3212 1238 3281 in

92 3338 111 3378 a
134 3333 204 3402 cap.
223 3315 386 3394 Romana,
405 3311 445 3380 de
458 3313 586 3408 Appel„
604 3312 638 3379 in
655 3311 700 3402 6).
718 3312 783 3381 Sed
804 3335 909 3403 neque
930 3313 1037 3404 ipsum
1058 3315 1139 3384 illud
1163 3339 1236 3385 var-

94 3443 112 3484 a
136 3418 217 3486 bum
231 3418 412 3509 Episcopus
426 3419 571 3487 excludit
587 3419 769 3505 Vicarium,
783 3418 878 3510 juxta
894 3420 978 3487 dicta
993 3443 1013 3488 a
1034 3422 1127 3490 nobis
1150 3447 1236 3516 saepe

93 3551 112 3592 a
134 3525 259 3592 alias.»
280 3525 484 3614 (Leurenius,
500 3525 541 3593 de
564 3526 697 3594 Vicurir's
712 3527 836 3616 Epire,
855 3549 884 3593 c.
904 3530 936 3611 3,
954 3551 986 3618 q.
1008 3530 1096 3618 181.)

135 3632 277 3713 Quasrro
286 3637 354 3700 27³.
366 3671 411 3686 -·
426 3634 477 3700 Aa
488 3647 617 3723 recepta
630 3634 756 3723 rapula,
771 3655 938 3723 conpesce
960 3634 1125 3704 Viceraum
1138 3660 1235 3726 perie-

89 3743 196 3808 ralem
216 3763 332 3810 cousus
354 3740 540 3808 criminales
563 3740 682 3830 ubsque
700 3740 834 3832 speciali
855 3739 1013 3813 mandato
1035 3764 1232 3833 copposcere,

88 3849 222 3939 aliquos
236 3847 436 3938 exceptiones
444 3848 625 3938 patiatur?
640 3885 684 3898 -
706 3848 831 3915 Tenent
847 3847 995 3915 nonrmlli
1011 3849 1156 3918 doctores
1170 3875 1235 3921 non

88 3956 214 4046 requiri
235 3955 371 4045 speciale
390 3953 606 4027 mandatum:
631 3959 663 4022 1⁰
687 3953 714 4022 si
732 3954 882 4024 Vicarius
908 3955 1068 4044 generalis
1092 3957 1236 4049 inquirat

88 4071 121 4128 ct
134 4068 306 4150 eognoscat
320 4060 360 4129 de
376 4060 511 4148 delictis,
529 4082 593 4128 non
610 4073 645 4128 ut
660 4061 730 4151 ipse
744 4083 781 4128 ea
797 4063 922 4152 puniet,
948 4061 1003 4133 sed
1027 4071 1064 4130 ut
1087 4065 1128 4132 ad
1155 4067 1235 4157 Epi-

88 4191 225 4259 scopum
240 4167 383 4255 relerut;
403 4173 436 4234 2ο
451 4171 480 4238 si
493 4167 526 4236 id
547 4167 654 4254 iaciat,
677 4191 742 4236 non
762 4169 803 4235 ad
824 4169 1042 4259 puniendum,
1058 4173 1114 4238 sed
1131 4184 1166 4240 ut
1178 4175 1234 4240 de-

88 4275 274 4368 linquentes
301 4298 335 4344 se
358 4275 542 4364 corrigant,
567 4279 600 4342 3ο
626 4277 653 4344 si
682 4277 722 4345 de
746 4275 883 4365 delictis,
913 4299 979 4345 nou
1009 4279 1231 4372 criminaliter,
