3048 4976
558 491 632 536 rans
655 491 758 538 rarus.
1161 473 1223 536 219

77 618 169 678 rator
188 609 288 680 datus
309 611 345 678 in
364 633 435 678 rem
454 632 563 692 suam,
582 611 714 703 quando
741 612 940 680 constituens
966 611 1038 680 sive
1060 611 1227 698 domiuus,

79 739 140 806 per
170 729 300 808 pactum
330 717 524 809 particulare
555 720 585 787 ei
612 719 789 788 cessionem
822 719 898 788 lecit
933 718 1040 788 omnis
1070 719 1229 809 utilitatis,

79 845 140 893 seu
153 823 302 893 omniurn
323 823 505 912 fructuum,
522 847 605 918 quos
620 848 660 895 ex
677 825 732 894 lite
746 832 866 918 sperat,
886 832 919 894 et
933 825 1095 916 litigando
1117 847 1230 917 perse-

80 931 207 1021 quitur.

129 1041 181 1105 ro.
212 1038 341 1108 Mortuo
370 1047 580 1132 procuratore
610 1039 829 1109 substituente
855 1038 935 1108 dum
966 1059 1018 1106 res
1050 1036 1156 1106 adhuc
1183 1047 1232 1107 est

81 1144 222 1234 integra,
238 1146 435 1216 substitutus
463 1148 581 1240 poterit
603 1147 693 1217 litem
716 1146 884 1239 prosequi,
902 1145 932 1214 si
954 1145 1147 1215 substitutus
1169 1145 1232 1214 fuit

82 1274 122 1319 ex
141 1252 353 1342 permissione
369 1254 561 1346 principalis
587 1277 644 1324 seu
666 1253 812 1334 domini;
828 1253 906 1346 quis
926 1261 1004 1323 tunc
1026 1259 1175 1321 censetur
1189 1253 1231 1321 ab

82 1360 155 1449 ipso
179 1358 313 1430 domino
338 1363 561 1431 constitutus:
587 1385 680 1430 secus
702 1384 780 1430 vero
803 1361 831 1429 si
853 1368 1044 1451 procurator
1070 1382 1146 1428 eum
1168 1359 1231 1428 sibi

81 1465 286 1535 substituerit
301 1468 334 1536 vi
356 1467 518 1537 insultetis
539 1469 600 1537 sibi
618 1491 637 1536 a
655 1468 725 1559 lege
750 1490 924 1554 concessas,
940 1467 973 1536 id
994 1477 1054 1554 est,
1070 1490 1108 1536 eo
1128 1467 1229 1558 quod,

80 1572 137 1642 lita
162 1581 352 1660 contestata,
375 1580 443 1666 jam
469 1582 552 1644 esset
577 1574 731 1645 dominus
754 1575 819 1643 litis
846 1603 854 1643 :
883 1583 961 1643 tunc
987 1575 1075 1642 enim
1103 1583 1232 1644 mortuo

81 1688 296 1769 procuratore
321 1680 552 1768 substituente,
569 1683 697 1774 expirat
720 1681 885 1752 substituti
910 1680 1114 1766 mandatum,
1131 1681 1159 1750 si
1179 1703 1231 1751 res

84 1787 126 1854 sit
150 1786 257 1855 adhuc
280 1788 419 1878 integra.
451 1790 499 1857 lta
522 1789 702 1858 monuisse
730 1796 761 1856 et
784 1789 868 1859 Rota
886 1789 976 1881 (vide
1004 1787 1173 1878 Pirrhing‚
1197 1789 1233 1858 in

84 1894 134 1962 tit.
155 1896 210 1978 38,
226 1893 302 1961 libri
327 1897 340 1962 l
361 1895 503 1980 Deerat,
518 1917 553 1964 n.
578 1895 645 1987 77).
664 1896 822 1966 Remanet
847 1894 1023 1964 dicendum
1045 1895 1084 1963 cle
1106 1895 1232 1964 effecti-

83 2001 148 2068 bus
168 2009 302 2069 actuum
324 2001 544 2094 procuratoris
572 2002 703 2072 relative
724 2003 765 2071 ad
786 2002 960 2072 dominum
976 2003 1033 2094 qui
1055 2024 1130 2072 eum
1152 2025 1233 2071 eon-

85 2107 189 2176 stituit
208 2135 216 2175 :
234 2115 345 2178 uuum
370 2131 487 2201 nempe
513 2109 576 2202 ipsi
603 2118 740 2180 noceant
762 2110 812 2179 vel
840 2109 966 2201 prosint
985 2133 1005 2178 a
1023 2117 1234 2200 procuratore

84 2223 187 2304 gesta.

133 2325 185 2390 tl.
202 2321 239 2391 Si
254 2345 295 2392 ex
314 2323 434 2416 judicis
450 2323 502 2394 vel
522 2323 606 2414 legis
625 2332 789 2417 praecepto
813 2323 967 2396 dominus
984 2323 1108 2417 aliquid
1127 2324 1234 2393 lacera

84 2428 264 2517 debuisset,
280 2438 313 2500 et
334 2430 395 2499 hoc
413 2429 519 2500 tacere
543 2431 653 2500 omisit
673 2430 776 2524 ipsius
800 2439 1006 2524 procurator,
1022 2430 1154 2501 omissio
1176 2431 1233 2500 ills

85 2538 220 2610 domino
233 2541 414 2633 imputatur
427 2551 459 2613 et
474 2554 567 2615 nocet
584 2572 592 2612 ε
610 2543 674 2612 nisi
690 2550 799 2612 tamen
815 2542 1016 2634 procuratori
1032 2562 1234 2633 supervene-

85 2647 130 2714 rit
145 2668 215 2716 rem
230 2647 370 2717 faciendi
393 2651 526 2720 moralis
541 2649 799 2742 impossibilitas.
817 2648 865 2717 lta
880 2647 1026 2718 doctores
1044 2649 1234 2718 communi-

85 2761 136 2821 ter
148 2753 238 2844 (vide
254 2755 424 2846 Pirrbing,
439 2756 510 2826 loco
525 2757 596 2842 cit,
610 2779 644 2825 n.
663 2757 730 2847 78).

102 2936 107 2941 ,
133 2864 186 2929 12.
205 2860 241 2930 Si
263 2870 455 2953 procurator
474 2865 543 2956 ipsa
561 2867 639 2956 (non
661 2870 770 2932 autem
795 2862 960 2953 dominus)
977 2885 1018 2932 ex
1039 2861 1162 2954 judicis
1181 2863 1234 2931 vel

85 2967 171 3058 legis
198 2977 359 3060 proecepto
386 2971 510 3063 aliquid
532 2971 637 3040 iacere
655 2977 805 3038 teneatur
827 2977 859 3037 ct
879 2991 947 3038 non
972 2968 1079 3056 faciat,
1100 2976 1132 3036 et
1159 2969 1233 3036 talis

85 3075 130 3144 sit
142 3075 303 3166 ejusmodi
318 3075 530 3168 negligentis,
547 3086 584 3146 ut
598 3077 691 3146 cadat
706 3077 740 3145 in
756 3076 921 3161 delictum,
936 3084 968 3142 et
981 3097 1077 3168 poena
1091 3079 1133 3144 sit
1145 3075 1235 3168 plec-

87 3181 197 3269 tends,
222 3181 254 3252 id
280 3193 373 3254 nocet
397 3185 611 3275 procuratori,
632 3205 699 3254 non
733 3183 877 3252 domino.
907 3181 993 3264 Quia
1022 3205 1139 3275 nempe
1166 3205 1234 3252 non

87 3299 241 3361 censetur
276 3291 443 3379 dominus,
474 3303 717 3385 procuratorem
747 3290 845 3359 stiam
883 3289 1068 3380 generalem
1108 3291 1233 3360 cousti-

91 3399 227 3485 tuendo,
245 3398 387 3468 voluisse
413 3400 444 3469 ei
469 3399 624 3470 delictum
648 3399 836 3492 praeeipcre.
863 3397 1045 3489 (Pirrhing,
1068 3396 1140 3468 loco
1161 3398 1215 3467 cit.
1222 3449 1232 3484 ,

90 3531 126 3574 n.
146 3509 214 3598 79.)

139 3618 191 3682 l3.
217 3613 253 3683 Si
282 3637 360 3684 vero
385 3616 604 3708 procuratoris
635 3613 840 3684 contumacis
871 3614 905 3682 in
936 3612 1116 3682 omittendo
1145 3613 1233 3704 quod

90 3723 196 3792 facere
212 3729 350 3808 tenetur,
367 3744 434 3792 non
450 3731 538 3792 certo
553 3721 645 3791 cadet
661 3723 694 3790 in
710 3721 879 3808 delictum,
894 3720 927 3790 id
943 3728 991 3790 est
1010 3741 1076 3790 non
1089 3727 1176 3789 carto
1192 3721 1235 3789 sit

91 3831 132 3900 de
145 3830 188 3900 iis
200 3829 445 3918 omissionibus,
462 3853 538 3922 quae
558 3830 654 3922 juxta
670 3829 914 3921 dispositionem
930 3828 1013 3919 legis
1028 3849 1124 3920 poena
1139 3829 1233 3920 plecti

90 3937 223 4025 debent,
251 3945 329 4006 tunc
358 3937 577 4029 procuratoris
602 3937 802 4027 negligentia
826 3943 921 4006 nocet
945 3935 1089 4005 domino.
1123 3935 1231 4025 Unde,

93 4045 186 4114 verbi
208 4045 326 4134 gratia,
342 4044 372 4114 si
393 4056 583 4138 procurator
597 4045 707 4114 omisit
732 4043 895 4138 appellare
918 4043 1004 4112 intra
1019 4042 1128 4112 decem
1149 4042 1232 4132 dies,

92 4153 138 4220 its
165 4157 201 4220 ut
230 4150 390 4219 sententio
413 4152 449 4219 in
476 4172 544 4220 rem
569 4149 746 4243 judicatam
771 4158 926 4232 transeat,
953 4171 1019 4219 non
1044 4149 1234 4220 admittetur

91 4267 203 4352 postea
218 4258 372 4328 dominus
385 4259 548 4352 appellare
564 4259 687 4328 volens.
703 4258 784 4329 ltem
806 4259 834 4328 si
858 4266 1048 4356 procurator
1067 4258 1237 4352 negligens
