3046 4962
297 519 336 582 ot
665 538 842 585 narraras
864 537 902 584 aa
923 537 1056 586 runicus.

295 660 395 729 veluti
420 659 563 747 nomine,
589 659 628 728 de
655 662 809 751 praesenti
836 661 1015 752 quaestione
1043 659 1253 728 disserentem
1282 655 1431 749 profere-

192 859 193 862 ,
295 791 379 837 mua.

341 880 371 942 1⁰
387 873 507 943 Probat
521 874 641 942 Suarez
656 874 738 943 bane
752 876 936 964 generalem
952 875 1069 943 thesim
1087 901 1094 942 :
1113 873 1233 942 Punice
1253 871 1433 954 hereticos,

293 994 497 1074 apostatasa
517 980 584 1073 fide
607 1005 709 1073 qaam
733 982 768 1049 in
792 983 953 1074 baptismo
977 981 1115 1074 professi
1137 981 1437 1062 sanctarenae

292 1103 323 1159 et
336 1101 498 1169 sanctam,
515 1087 693 1157 dammodo
712 1089 778 1179 fiat
797 1089 839 1157 ab
862 1089 998 1158 bedente
1016 1100 1224 1180 potestatem.
1246 1088 1436 1177 (Tractatus

292 1197 332 1268 cle
346 1196 436 1279 Fide,
454 1196 575 1287 disput.
591 1201 647 1282 20,
665 1206 742 1265 sect.
762 1200 794 1284 3,
811 1219 844 1264 n.
865 1197 909 1286 6.)

337 1310 370 1372 2“
385 1302 549 1372 Puniendi
564 1303 733 1372 haereticos
754 1311 942 1396 potestatem
964 1304 1080 1372 asserit
1099 1303 1250 1372 Ecclesiae
1266 1301 1435 1393 propriam

275 1413 354 1482 boc
371 1409 466 1480 modo
485 1436 492 1476 :
517 1410 596 1478 Dico
611 1410 750 1479 secundo
767 1411 936 1480 :Ecclesia
961 1411 1058 1479 babet
1080 1421 1276 1501 potestatem
1298 1408 1345 1476 ad
1359 1433 1436 1500 pa-

291 1517 426 1588 niendos
452 1531 484 1584 ct
501 1516 685 1586 coercendos
704 1518 882 1586 hereticas.
901 1518 981 1586 Dr‘ci
995 1518 1031 1586 in
1042 1517 1241 1610 precedenti
1259 1518 1436 1584 assertione

286 1630 307 1718 j
310 1639 419 1695 astam
431 1646 493 1694 csse
504 1624 590 1692 hanc
603 1624 801 1693 coactionem
813 1624 1052 1706 hereticorum,
1067 1625 1096 1692 si
1103 1636 1246 1716 potestas
1257 1647 1321 1692 non
1331 1622 1435 1706 desit,-

292 1747 322 1802 et
338 1733 408 1802 ideo
422 1755 507 1799 nanc
520 1729 674 1800 addimus
688 1754 755 1799 non
771 1730 873 1799 deesse
893 1733 928 1798 in
948 1732 1093 1800 Ecclesia
1116 1732 1202 1798 banc
1216 1743 1434 1821 potestatem;

293 1839 381 1932 qaod
395 1852 555 1930 tanquam
576 1851 700 1907 certam
715 1837 754 1906 de
765 1837 831 1928 sicle
847 1838 1022 1907 tacendum
1038 1851 1094 1906 est.
1115 1836 1224 1927 (ibid,
1241 1859 1274 1904 n.
1295 1837 1361 1929 10.)

302 1983 306 1999 ·
338 1950 370 2014 3⁰
385 1947 467 2015 Rem
491 1946 594 2034 magis
614 1945 848 2030 determinans,
868 1956 899 2014 et
923 1945 964 2013 ed
988 1945 1215 2014 coercitionem
1242 1965 1299 2034 per
1319 1967 1435 2036 parnas

293 2053 485 2147 temporales
500 2061 532 2122 et
547 2053 729 2145 corporales
743 2051 930 2134 deveniens,
949 2051 1038 2120 addit
1057 2079 1064 2118 :
1083 2052 1162 2122 Dico
1178 2052 1272 2120 tertio
1291 2080 1302 2120 :
1318 2053 1400 2122 Eccl
1415 2093 1435 2104 -
1520 2141 1521 2146 ἵ

291 2162 347 2230 siae
363 2183 430 2228 non
446 2171 578 2228 tantam
594 2172 639 2227 est
660 2157 741 2227 data
761 2171 905 2251 potestas
921 2157 967 2226 ad
985 2157 1169 2227 coercendos
1192 2159 1359 2227 haereticos
1370 2182 1435 2250 per

291 2267 476 2358 spirituales
488 2289 615 2357 panas,
633 2265 689 2334 sed
702 2266 803 2334 etiarn
813 2289 876 2358 per
891 2267 1083 2357 temporales
1099 2279 1129 2334 et
1144 2266 1336 2356 corporales.
1354 2271 1435 2336 Haec
1520 2261 1521 2282 ³

291 2377 425 2444 assertio
449 2375 551 2442 etiarn
574 2386 619 2441 est
642 2373 681 2442 dc
699 2372 775 2463 fide.
800 2374 948 2463 Allegate
975 2375 1009 2441 in
1033 2374 1255 2465 probationem
1280 2374 1434 2443 Ecclesiae

290 2485 464 2554 traditione
486 2493 517 2550 et
540 2482 646 2574 praxi,
664 2482 817 2573 subjicit:
844 2482 1020 2573 alienique
1042 2482 1213 2550 necessitas
1233 2484 1285 2550 vel
1309 2483 1433 2551 utilitas
1520 2511 1521 2524 2

295 2619 311 2656 a
335 2588 524 2682 hujusmodi
549 2589 733 2676 coactionis,
751 2590 894 2656 maxime
918 2589 953 2656 in
974 2589 1025 2656 bis
1041 2590 1146 2680 poenis
1161 2591 1330 2658 cernitur:
1353 2613 1430 2658 narn
1520 2609 1521 2656 3

294 2724 311 2763 a
334 2697 403 2766 sine
418 2696 482 2765 illis
498 2695 574 2764 sola
591 2696 773 2785 spirituales
795 2717 911 2786 parum
933 2717 1063 2764 movere
1089 2696 1191 2765 solent
1210 2696 1355 2764 carnales
1370 2696 1433 2766 ho·
1520 2717 1521 2746 t

293 2833 310 2873 a
335 2805 456 2890 mines;
474 2803 551 2894 quie
566 2802 639 2869 lieet
654 2824 768 2870 revera
783 2802 949 2890 graviores
971 2802 1047 2888 sint,
1062 2823 1175 2870 earum
1196 2804 1432 2872 nocumentum
1520 2787 1521 2880 l

294 2937 311 2978 «
334 2934 400 2980 non
417 2911 459 2978 ita
475 2907 669 2977 sensibiliter
690 2908 866 3000 percipitur
885 2935 893 2975 ι
910 2908 963 2976 isti
979 2917 1087 2978 autem
1105 2910 1257 2999 vulgares
1281 2910 1432 2979 homiues

293 3042 427 3090 «sensu
450 3016 591 3085 maxime
616 3016 780 3083 ducuntur
797 3023 829 3083 et
850 3025 1022 3105 coguntur.
1046 3018 1153 3108 Atque
1176 3016 1237 3084 hcc
1265 3018 1432 3108 praecipue
1520 3067 1521 3098 ,

294 3154 310 3192 a
334 3129 441 3195 lecum
457 3125 551 3192 babet
565 3131 712 3214 respectu
728 3123 970 3206 baereticorum3
990 3124 1066 3214 quie
1088 3132 1154 3190 tote
1166 3123 1218 3190 vis
1231 3131 1262 3190 et
1286 3123 1432 3192 efficacia
1520 3151 1521 3164 ¹

295 3261 311 3298 a
335 3254 506 3324 paenarum
529 3229 746 3320 spiritualium
762 3228 879 3318 pendet
893 3251 931 3296 ex
950 3227 1027 3315 fide,
1044 3250 1101 3318 per
1114 3251 1212 3320 quam
1229 3239 1260 3297 et
1275 3229 1430 3300 Ecclesiae¹

190 3427 192 3432 Ι
294 3365 311 3404 «
336 3346 474 3429 potestas
488 3345 519 3403 et
536 3334 653 3402 veritas
674 3356 886 3402 censurarum
905 3333 1059 3402 creditur.
1077 3333 1171 3402 Unde
1192 3357 1266 3402 cum
1284 3333 1431 3402 baeretici
1520 3337 1521 3412 l

294 3475 309 3510 «
336 3446 431 3512 tidem
459 3442 644 3532 abjecerint,
667 3443 758 3532 quasi
786 3441 867 3508 nibil
892 3449 1041 3531 reputant
1065 3440 1253 3531 hujusmodi
1279 3463 1392 3533 paenas
1421 3471 1428 3508 :

294 3580 310 3620 a
334 3563 364 3622 et
393 3551 464 3618 ideo
490 3549 614 3640 quoties
639 3549 843 3637 Augustinus
873 3549 956 3616 benc
982 3547 1209 3616 baereticorum
1233 3549 1431 3618 coactionem
1520 3533 1521 3538 ἵ

294 3688 309 3724 «
334 3657 477 3726 defendit
491 3663 522 3723 et
536 3655 717 3746 persuadet,
734 3654 847 3722 dehac
863 3678 936 3746 quie
956 3655 1166 3747 corporaliter
1182 3653 1218 3721 fir
1233 3655 1389 3746 loquitur.
1410 3683 1428 3720 n
1520 3677 1521 3718 t

290 3766 400 3858 (thid,
416 3788 450 3832 n.
471 3761 538 3850 16.)
559 3761 732 3828 «Potestas
753 3763 793 3830 ad
815 3762 997 3854 puniendos
1019 3761 1237 3829 malefactores
1250 3771 1298 3828 est
1314 3784 1432 3830 neces·
1520 3793 1521 3848 3

294 3900 311 3939 c
334 3872 418 3941 saria
431 3872 465 3939 in
479 3868 570 3938 omni
584 3867 750 3958 republica
766 3869 847 3936 bene
863 3869 1009 3936 instituta
1027 3894 1079 3955 ..3
1095 3867 1183 3960 quod
1200 3867 1279 3937 adeo
1293 3869 1433 3937 evidens

293 4007 311 4046 a
333 3989 393 4066 est,
409 3988 445 4046 ut
461 3977 585 4044 seclusa
599 3974 695 4041 etiam
712 3973 776 4042 fide
791 3984 822 4041 et
841 3975 1035 4046 revelatione
1051 3973 1175 4060 divina,
1192 3997 1232 4042 ex
1248 3974 1433 4045 virationis

294 4111 311 4150 a
334 4107 444 4154 omnes
464 4081 613 4152 homines
634 4080 852 4148 intellexerint
866 4081 949 4150 banc
970 4089 1157 4172 potestatem
1174 4103 1242 4148 esse
1258 4093 1431 4151 connatam

293 4219 311 4258 a
334 4200 364 4259 et
380 4190 485 4258 datam
499 4188 540 4255 ab
551 4191 692 4255 Auctore
707 4195 846 4276 naturae,
860 4210 898 4256 ea
911 4189 981 4279 ipso
997 4187 1085 4277 quod
1100 4187 1247 4256 homines
1263 4188 1296 4255 in
1310 4211 1432 4280 corpus

295 4326 313 4368 a
336 4296 507 4391 mysticam
537 4293 636 4363 unius
666 4293 853 4383 reipublicae
883 4305 1122 4383 congregantur
1149 4321 1156 4362 :
1192 4295 1247 4362 sed
1274 4295 1430 4366 Christus
1520 4305 1521 4386 t
