3030 4980
547 511 622 557 esus
649 510 794 557 secura«.
1180 499 1237 561 sut

98 629 206 722 quoad
222 639 314 700 actus
327 639 359 699 et
374 632 500 702 curism
517 632 728 721 magistratus
743 631 957 722 ecclesiastici,
975 634 997 701 ii
1015 637 1071 728 qui
1095 659 1113 703 a
1135 645 1243 728 potes-

99 747 162 806 tate
177 739 339 825 saeculari,
355 760 420 807 non
434 747 542 806 annm
556 739 598 807 ab
612 739 837 826 ecclesiastica,
854 741 952 808 creati
965 741 1098 809 luerunt
1110 745 1240 815 notarii.

141 845 325 915 Paoeosnro
340 847 380 914 1⁸.
397 883 442 898 -··
456 849 590 916 Certum
602 859 648 914 cst
659 845 758 914 laicos
766 869 863 937 posse
875 847 910 914 in
925 848 1031 917 cornis
1051 849 1151 917 etiam
1171 852 1241 942 spi-

98 954 276 1024 ritualibus
302 977 365 1023 esse
390 955 536 1023 notarios
563 977 619 1023 seu
649 955 870 1024 cancellarios.
886 955 980 1025 -ld
1003 957 1135 1049 quidem
1163 960 1241 1028 olim

97 1062 246 1131 nonnulli
262 1063 438 1131 canonistas
453 1070 662 1152 negaverant.
674 1062 718 1130 As
734 1083 821 1130 nuuc
837 1064 1051 1132 cummuniter
1067 1074 1103 1133 ut
1117 1075 1241 1135 certum

96 1169 293 1256 admittitur,
309 1179 340 1238 ct
355 1193 425 1237 rem
441 1169 535 1260 plane
554 1169 710 1239 evincunt
731 1169 872 1238 rationes
889 1193 909 1238 e
929 1170 1085 1262 Fagnano
1104 1175 1209 1244 stlatae
1230 1203 1236 1244 :

101 1303 118 1341 «
141 1278 223 1362 lmo‚
240 1277 359 1369 iuquit,
374 1277 449 1346 laici
463 1285 599 1368 possunt
614 1299 682 1344 esse
698 1277 886 1346 tabelliones
898 1278 996 1346 etiam
1010 1280 1045 1347 iu
1056 1281 1162 1349 causis
1173 1284 1241 1375 spi-

100 1410 116 1448 «
141 1385 313 1453 ritualibus
326 1394 358 1454 et
374 1384 609 1471 ecclesiasticis,
629 1396 663 1452 ut
677 1385 790 1475 scripsi
807 1385 901 1476 plene
917 1385 950 1452 in
966 1396 1063 1478 caput
1086 1389 1242 1480 Quisquis

99 1519 116 1558 c
140 1515 173 1560 u.
193 1498 233 1560 19
245 1515 357 1584 supra,
373 1492 412 1561 de
431 1492 622 1581 Electione);
640 1491 758 1560 ethaeo
777 1500 826 1560 est
841 1493 911 1585 ipsa
930 1494 1061 1582 veritas,
1077 1503 1113 1564 ut
1135 1498 1241 1589 iuquit

99 1626 114 1664 «
140 1599 260 1667 Baldus
275 1601 323 1691 (in
341 1607 438 1691 caput
458 1599 680 1680 Decernimus,
697 1621 730 1666 u.
756 1600 810 1687 15,
827 1621 938 1691 supra,
963 1600 1003 1669 de
1021 1601 1182 1694 Iudiciis);
1209 1609 1242 1671 et

98 1733 115 1772 «
138 1707 201 1775 tuit
215 1707 324 1798 opinio
339 1705 590 1798 Compostellani
605 1716 637 1775 et
649 1706 788 1774 aliorum
805 1706 851 1797 (iu
866 1715 963 1800 caput
986 1709 1074 1792 Quia
1090 1723 1237 1802 propter,

96 1841 113 1879 «
137 1813 177 1883 cle
190 1813 384 1904 Electione);
402 1836 499 1906 quam
517 1813 667 1905 pluribus
683 1814 883 1904 comprobat,
901 1823 932 1882 et
947 1815 989 1882 ab
1011 1815 1144 1907 objectis
1163 1826 1239 1886 tuc-

96 1947 113 1985 n
138 1929 191 1989 tur
211 1921 322 1989 Abbas
341 1949 393 2001 ...;
415 1943 490 2012 quae
511 1920 612 1989 etiam
633 1929 782 1989 servatur
801 1919 841 1988 de
864 1921 1111 2009 consuetudine,
1129 1931 1166 1991 ut
1189 1925 1239 1992 fa-

96 2051 114 2092 «
136 2034 246 2095 tentur
261 2026 484 2096 Hostiensiset
496 2027 638 2096 loannes
654 2025 843 2094 Andreas...
860 2025 899 2094 Et
919 2049 1024 2118 nuper
1046 2051 1087 2094 ax
1110 2029 1238 2114 decreto

96 2161 113 2198 «
136 2133 404 2224 Congregstiouis
421 2157 441 2201 a
461 2132 671 2202 Sanctissimo
695 2134 835 2202 Domino
856 2133 974 2203 Nostro
997 2135 1184 2204 Innocentio
1206 2138 1238 2205 X

95 2267 113 2306 «
136 2240 303 2330 ablegatus
317 2249 365 2308 est
382 2238 593 2308 cancellarius
607 2239 710 2308 laicus
724 2240 766 2307 ad
778 2241 902 2308 curiam
911 2241 1156 2335 Arcbiepiscopi
1170 2245 1237 2312 Be-

94 2371 111 2412 «
136 2347 322 2415 narentani.
340 2347 479 2414 Densum
495 2346 603 2438 quoad
623 2345 684 2414 boc
704 2367 833 2413 omnem
854 2345 1087 2415 dubitationem
1105 2348 1239 2416 sustulit

95 2481 112 2520 ιι
136 2453 307 2522 concilium
325 2452 553 2522 Tridentinum
569 2453 685 2545 (cupite
699 2457 753 2540 ld,
769 2452 920 2521 sessionis
932 2454 985 2543 22)
1002 2476 1067 2546 quo
1080 2454 1236 2524 tribuitur

95 2587 112 2624 «
137 2560 270 2629 facultas
286 2561 456 2652 Episcopis
469 2560 566 2629 etiam
580 2568 734 2652 tauquam
752 2560 845 2628 Sedis
856 2559 1050 2650 Apostolieae
1066 2561 1234 2651 delegatis,

93 2695 111 2732 «
134 2667 344 2737 examinandi
360 2689 580 2759 quoscumque
599 2667 753 2753 notarios,
773 2667 898 2736 etiamsi
921 2666 1107 2758 apostolica,
1130 2669 1235 2760 impe-

94 2801 110 2840 «
134 2775 218 2862 usli,
232 2782 289 2844 aut
309 2775 398 2864 regia
417 2774 606 2842 auctoritate
626 2774 724 2841 creati
743 2774 875 2859 luerint,
901 2774 1011 2865 eisque
1030 2775 1139 2842 miuus
1159 2775 1234 2846 ido-

93 2910 110 2948 «
134 2883 204 2950 neis
230 2883 366 2974 repertis
395 2891 451 2949 aut
481 2882 515 2948 in
539 2880 644 2949 officio
676 2881 954 2972 delinquentibus,
979 2881 1174 2972 prohibendi
1200 2885 1233 2951 in

92 3017 109 3054 «
134 2999 324 3080 perpetuum
339 2989 448 3056 autad
466 2995 593 3079 tempus
608 2985 704 3056 officii
720 2987 790 3078 ejus
803 3009 898 3056 usum
911 2987 946 3054 in
958 2988 1107 3077 negotiis,
1123 2988 1233 3059 litibus

92 3123 109 3164 «
132 3105 164 3164 et
177 3095 281 3164 causis
295 3093 515 3164 ecclesiasticis
535 3117 573 3160 ac
595 3093 830 3184 spiritualibus.
853 3093 941 3184 Ergo
961 3094 1233 3184 sanctasynodus

90 3229 108 3268 «
131 3203 298 3271 evidenter
324 3200 478 3292 supponit
499 3200 642 3268 notarios
669 3199 829 3291 imperiali
856 3200 909 3268 vel
932 3199 1022 3290 regia
1044 3201 1231 3270 auctoritate

90 3335 107 3373 «
131 3317 266 3395 creatos,
284 3316 316 3376 et
331 3309 376 3375 sic
391 3307 502 3393 laicos,
520 3315 594 3376 ante
614 3306 865 3398 prohibitionem
888 3307 1039 3401 Episcopi
1057 3331 1148 3400 posse
1168 3310 1232 3379 hu-

90 3444 108 3484 «
128 3415 272 3507 jusmodi
293 3413 435 3484 officium
459 3435 623 3500 exercere,
641 3413 737 3482 etiam
767 3415 801 3480 in
822 3413 1046 3505 spiritualibus
1072 3423 1105 3484 et
1126 3418 1230 3486 eccle-

88 3551 106 3590 «
131 3524 281 3611 siasticis,
308 3544 383 3590 eum
413 3522 552 3615 privatio
583 3528 744 3613 supponet
771 3521 919 3590 habitum
937 3549 944 3589 :
962 3522 1107 3614 alioquin
1136 3547 1231 3616 poena

88 3659 105 3696 «
129 3629 350 3700 conciliiessct
364 3629 578 3698 frustratoria.
597 3629 691 3713 Item,
707 3651 748 3696 ex
768 3627 854 3696 dicto
872 3628 976 3720 capite
994 3629 1230 3720 (suessionis

89 3765 106 3804 «
131 3741 183 3827 22)
200 3738 245 3805 ita
259 3735 391 3804 demum
407 3735 524 3804 notarii
546 3735 712 3826 prohiberi
732 3743 867 3826 possunt
886 3735 990 3804 officio
1008 3735 1055 3804 uti
1075 3737 1109 3804 in
1132 3740 1230 3831 spiri·

88 3873 105 3912 «
129 3844 272 3913 tualibus
286 3851 317 3910 et
332 3842 564 3928 ecelesiasticis,
581 3842 608 3908 si
631 3843 757 3933 prsevio
782 3842 933 3910 examine
952 3843 1156 3934 reperiantur
1178 3847 1231 3915 iu-

88 3980 105 4018 «
129 3952 252 4021 habiles
266 3959 322 4020 unt
337 3951 370 4017 iu
386 3948 491 4018 officio
504 3948 750 4039 delinquentes:
777 3970 856 4038 ergo
877 3949 1001 4016 caeteris
1021 3948 1083 4017 boc
1106 3951 1230 4022 intelli-

87 4087 103 4124 «
128 4060 218 4149 gitur
229 4057 436 4150 permissum.
449 4055 489 4124 Et
500 4076 537 4123 eo
550 4055 667 4145 magis,
681 4056 847 4147 quiscum
864 4054 1040 4124 dubitasset
1051 4057 1229 4151 Episcopus

88 4194 104 4232 «
128 4163 370 4250 Recsnatensis,
386 4185 427 4230 an
443 4185 484 4230 ex
501 4162 654 4230 sessionis
671 4165 727 4249 22,
744 4161 847 4254 capite
862 4165 915 4247 tu,
932 4163 1015 4230 Cum
1027 4185 1067 4230 cn
1078 4169 1228 4236 notorio-

91 4301 108 4338 «
129 4295 217 4354 rum,
235 4280 311 4356 etc,
322 4269 366 4340 ibi
380 4297 388 4336 ε
402 4269 506 4338 Possit
518 4268 698 4362 Episcopus
707 4268 772 4338 illis
783 4292 850 4338 non
861 4267 984 4340 idoneis
995 4273 1142 4361 repertis,
1153 4282 1228 4364 etc,
