3030 4980
291 483 355 550 666
666 504 842 552 mucrnrus
864 503 903 552 un
925 503 1059 551 unrurs.

288 645 472 693 causarum.
498 623 582 693 Hinc
604 625 733 694 tertiam
754 627 842 694 illam
863 627 1085 718 probationem
1106 645 1172 696 non
1193 625 1366 718 posuimus
1385 625 1427 692 hir

287 739 444 822 tauquam
467 732 730 824 peremptoriam,
757 734 814 802 sed
838 742 964 803 tantum
990 733 1116 824 priores
1137 733 1232 802 duas.
1259 733 1428 802 Volnimus

209 907 212 914 ,
287 845 397 906 tamen
411 861 482 906 eam
499 861 674 930 exponere,
691 842 768 929 quia
784 841 863 910 solet
877 864 897 910 a
911 840 1086 909 canouistis
1104 841 1255 931 preferri.

333 945 389 1012 lIl.
409 944 505 1014 Dicta
520 946 678 1014 sententia
688 946 893 1038 jamdudum
904 947 974 1038 ficit
988 947 1186 1015 canonizata
1202 960 1345 1017 etenira
1359 971 1429 1016 con·

288 1051 481 1118 tracasiam
495 1052 605 1143 posita
621 1075 682 1144 per
699 1055 996 1146 Conprepatiaaum
1018 1058 1248 1122 Romanarum
1263 1053 1430 1124 decianae

287 1170 318 1226 et
325 1160 476 1252 praeim.
493 1199 538 1210 —
552 1161 816 1252 Discrepautibus
831 1163 917 1230 inter
933 1161 1179 1248 sudatoribus,
1199 1163 1227 1230 si
1243 1163 1432 1231 interveniat

284 1266 322 1334 in
333 1268 479 1334 favorem
493 1266 681 1335 alterutrius
695 1270 862 1338 sententiaa
875 1269 1163 1358 congregationum
1180 1276 1210 1336 et
1223 1269 1431 1338 tribunalium

287 1372 403 1442 Romae
423 1373 534 1464 praxis
549 1382 580 1440 et
598 1376 783 1462 auomritas,
802 1376 872 1466 jam
890 1375 947 1444 illa
964 1375 1124 1444 mummia
1139 1375 1364 1463 canonizatur,
1381 1397 1431 1443 seu

287 1481 355 1548 vim
365 1478 450 1570 juris
463 1479 615 1570 acquirit,
628 1489 660 1550 et
673 1482 810 1572 quaestio
826 1504 886 1575 pro
898 1482 1004 1550 soluta
1018 1491 1050 1550 et
1060 1481 1153 1550 finita
1165 1482 1317 1550 habenda
1327 1491 1387 1552 est.
1400 1481 1429 1548 ld

286 1609 385 1679 porro
400 1608 443 1654 an
458 1586 631 1676 contigerit
647 1588 756 1679 quoad
774 1590 966 1658 seutentiam
986 1587 1026 1658 de
1047 1589 1217 1658 caesaria
1233 1589 1360 1658 Vicarii
1378 1613 1431 1679 ge·

287 1693 407 1763 nerahs
422 1693 660 1785 jurisdictione,
678 1695 914 1786 expendamus.
931 1695 1066 1764 Certum
1085 1703 1134 1764 est
1153 1717 1196 1764 ex
1216 1695 1348 1766 decreto
1364 1697 1431 1764 Tri-

287 1805 419 1874 dentino
439 1805 522 1898 (cap.
546 1809 577 1893 1,
603 1828 681 1874 sees.
708 1810 764 1892 21,
791 1805 922 1897 deltos.
949 1807 1184 1897 matrimonii),
1207 1807 1341 1876 irritum
1370 1829 1431 1876 esse

286 1912 533 1981 matrimonium
557 1913 655 1980 aliter
677 1913 797 1980 initum
817 1935 920 2004 quam
938 1927 1100 2005 prasente
1115 1913 1275 2006 parocho,
1296 1916 1352 1983 cel
1371 1915 1431 1982 alia

286 2017 463 2087 Sacerdote
478 2017 518 2087 de
536 2019 639 2110 apricas
651 2019 791 2110 parochi
804 2042 860 2088 scu
883 2020 1056 2088 &dinarii
1070 2021 1212 2088 licentia.
1229 2020 1303 2102 Quo
1318 2023 1429 2112 posito,

286 2127 314 2197 si
330 2127 429 2196 Sacra
448 2124 667 2216 Congregatio
684 2125 823 2195 Consilii
839 2127 1051 2196 declaraverit
1067 2126 1174 2195 valere
1189 2127 1429 2198 matrimonium

286 2255 395 2301 coram
416 2233 579 2301 sacerdote
595 2255 661 2302 non
680 2234 834 2324 parocho,
851 2234 908 2302 sed
929 2233 1094 2303 licentiam
1111 2233 1249 2302 habente
1268 2235 1429 2304 aVieario

287 2339 444 2430 generali,
460 2339 522 2407 heo
535 2340 606 2429 ipsc
621 2340 783 2408 censenda
798 2350 847 2408 est
866 2341 1044 2410 declarasse
1064 2339 1234 2410 Vicarium
1249 2341 1429 2430 generalem

287 2469 355 2515 esse
386 2445 614 2514 Ordiaarium.
644 2447 726 2513 ltem
751 2447 778 2514 si
806 2445 1018 2514 declaraverit
1048 2446 1156 2514 valere
1186 2448 1428 2516 matrimonium

287 2575 395 2622 coram
416 2555 487 2645 ipso
507 2553 638 2621 Vicerio
660 2551 816 2641 generali,
836 2554 958 2643 absque
980 2552 1047 2620 ulla
1061 2552 1190 2620 licentia
1211 2553 1363 2646 Episcopi
1381 2561 1429 2622 aut

286 2660 431 2752 parochi,
447 2659 657 2746 celebratum,
676 2657 911 2750 equivalenter
926 2659 1103 2728 declaravit
1114 2659 1284 2728 Vicarium
1299 2683 1429 2749 genera-

286 2767 351 2836 lem
366 2788 435 2834 esse
449 2765 684 2851 Ordinarium3
700 2765 778 2856 quia
794 2765 821 2831 si
836 2765 989 2834 Vicarius
1002 2764 1164 2854 generalis
1179 2766 1222 2832 sit
1238 2766 1429 2834 ordinarius

287 2875 474 2958 dioeceseos,
496 2873 614 2964 poterit
632 2871 765 2963 quidem
788 2872 932 2941 valorem
953 2873 1162 2941 matrimonio
1183 2873 1427 2960 conferremus

286 3006 307 3050 a
320 2980 514 3049 Tridentino
528 2977 656 3047 decreto
672 2979 764 3070 (dum
780 2979 918 3070 requirit
932 2981 1139 3070 praesentiam
1155 2979 1302 3070 parochi,
1317 2981 1369 3048 vel
1384 3003 1427 3047 sa-

287 3087 424 3157 cerdotis
439 3085 571 3154 alterius
586 3085 627 3153 de
642 3086 773 3153 licentia
788 3085 922 3176 parochi
937 3094 994 3153 aut
1009 3085 1186 3176 Ordinarii]
1205 3109 1270 3154 non
1286 3087 1428 3154 excludi-

285 3205 341 3265 tur
366 3193 560 3264 Ordinarius
584 3191 759 3260 diaeceseos
783 3193 944 3283 superior,
969 3193 1064 3260 seda
1091 3191 1218 3260 fortiori
1241 3191 1425 3278 includitur,

286 3300 374 3394 quod
388 3299 588 3387 ceteroquin
603 3307 697 3366 extra
712 3298 967 3365 controversiam
983 3305 1031 3364 est
1049 3323 1056 3364 :
1073 3298 1193 3365 sivero
1210 3296 1363 3365 Vicarius
1376 3318 1428 3384 ge-

287 3408 406 3479 neralis
428 3428 495 3474 non
515 3407 556 3473 sit
575 3405 783 3492 Ordiuarius,
808 3404 927 3472 falsum
947 3405 1008 3472 erit
1027 3403 1175 3472 sufficere
1195 3403 1266 3494 ejus
1286 3426 1426 3496 praeseu-

286 3518 366 3586 tiam
391 3515 513 3604 absque
538 3513 670 3580 lieentia
694 3511 846 3602 Episcopi
871 3520 928 3579 aut
950 3511 1099 3601 parochi.
1125 3510 1228 3578 Porro
1256 3519 1427 3602 utrumque

287 3646 401 3694 revera
412 3623 475 3691 fuit
487 3643 507 3690 a
520 3620 619 3688 Sacra
630 3621 889 3709 congregatione
900 3618 1037 3688 Consilii
1050 3619 1263 3687 declaratum.
1277 3618 1332 3686 Sic
1344 3621 1425 3687 enim

286 3731 426 3799 affirmat
442 3727 636 3798 hlonacellus
653 3727 755 3818 (parte
772 3731 805 3814 2,
827 3727 876 3793 tit.
897 3729 951 3813 16,
968 3725 1110 3793 formula
1129 3729 1162 3810 2,
1188 3747 1326 3794 numero
1350 3729 1423 3814 tlt:

293 3838 487 3908 «Contrahi
517 3842 620 3927 potest
648 3833 755 3902 valide
779 3831 1066 3925 (matrimonium),
1096 3854 1162 3900 non
1192 3832 1300 3901 solum
1325 3853 1426 3900 coram

293 3973 310 4012 a
335 3945 498 4014 sacerdote
519 3943 656 4010 habente
677 3939 861 4009 facultatem
882 3939 1047 4008 aVicario
1069 3939 1227 4028 generali,
1247 3938 1304 4007 sed
1324 3959 1425 4006 coram

291 4081 309 4121 a
333 4051 462 4121 Vicario
482 4049 626 4139 generali
646 4047 780 4138 perinde
800 4070 837 4114 ac
857 4067 967 4115 eoram
987 4047 1175 4136 parocho.»
1206 4045 1425 4136 (Congregatio

289 4158 438 4244 Consilii,
457 4157 562 4247 ljulii
580 4160 676 4242 1662,
693 4154 778 4222 libro
794 4159 834 4221 26
851 4159 1073 4236 Decretorum,
1093 4153 1170 4221 folio
1187 4155 1255 4243 ll.)

335 4269 373 4338 ln
387 4263 574 4357 particulari
586 4271 708 4349 autem,
725 4261 812 4352 quod
829 4263 929 4353 possit
944 4262 1095 4330 Virarius
1108 4261 1284 4350 generalis,
1308 4261 1422 4351 absque
