3046 4968
276 471 316 537 78
647 487 821 538 anserinus
845 489 883 538 ns
905 489 1038 540 moreris.

273 616 345 682 lmo
361 612 537 704 previsum
553 613 614 682 luit
631 614 666 681 in
680 615 741 683 boc
757 613 898 702 decreto,
915 612 1089 707 aliquando
1103 609 1246 681 accidere
1260 633 1365 704 posse,
1382 617 1418 680 nt

273 721 440 791 secularis
455 728 608 814 potestas,
625 722 686 790 sub
713 722 945 813 predictorum
967 719 1141 791 effectuum
1162 720 1308 790 civilium
1331 741 1417 811 pras-

274 837 379 918 textu,
407 827 533 921 judiees
562 829 792 898 ecclesiasticos
819 829 931 922 jubeat
961 828 1187 922 ajudicandis
1222 825 1417 918 quibusdam
1515 853 1516 866 ¹

274 937 380 1006 causis
393 935 618 1005 ecclesiasticis
629 937 791 1006 abstinere
808 963 816 1004 :
834 937 955 1029 quibus
972 936 1045 1004 ideo
1061 935 1248 1028 injungitur
1262 955 1302 1003 ne
1316 955 1418 1026 prop-

275 1052 325 1112 ter
354 1043 449 1112 ulam
477 1043 749 1134 prohibitionem,
777 1043 1025 1113 eclesiasticum
1050 1043 1222 1112 dimittunt
1245 1041 1417 1132 justitiam

276 1173 432 1220 exercere.

319 1259 356 1326 ln
371 1258 467 1326 citato
482 1258 602 1348 pariter
613 1258 715 1350 capite
728 1261 832 1327 Tuam
843 1260 888 1348 (3,
900 1258 983 1326 tituli
997 1258 1140 1346 intimi
1153 1255 1413 1345 abutentium)

274 1366 384 1455 agitur
399 1365 591 1433 nominatim
608 1365 648 1433 de
662 1389 759 1434 cansa
771 1384 846 1458 ques
869 1365 983 1456 magni
1001 1367 1156 1434 momenti
1171 1365 1319 1433 effectum
1335 1362 1418 1433 civi-

274 1471 339 1539 lem
357 1471 521 1550 trabebat;
537 1471 578 1539 de
601 1474 783 1562 quastione
798 1472 918 1541 scilicet
932 1495 974 1541 an
991 1473 1105 1562 regina
1126 1471 1228 1562 Cypri
1245 1493 1287 1539 ex
1303 1470 1416 1538 matri·

275 1579 386 1647 monio
400 1578 544 1667 legitimo
559 1588 737 1666 essetnec,
752 1603 772 1647 a
787 1603 852 1671 qua
875 1580 1035 1672 pendebat
1053 1580 1108 1670 jus
1133 1579 1235 1670 ipsius
1250 1578 1284 1645 in
1300 1599 1415 1669 quem—
1517 1665 1518 1680 χ

274 1685 349 1754 dam
365 1686 551 1755 comitatum
573 1687 778 1756 succedendi.
794 1689 839 1755 De
854 1710 892 1756 ea
912 1699 1020 1756 tamen
1042 1709 1139 1756 causa
1161 1688 1207 1755 sic
1228 1686 1417 1779 pronuntiat

275 1793 440 1864 Honorius
459 1794 505 1863 lll
524 1822 530 1862 :
548 1793 593 1862 ad
614 1798 726 1885 (orum
749 1795 995 1864 ecclesiasticum
1016 1796 1169 1887 pertinet.
1199 1793 1282 1862 lllnd
1306 1801 1414 1861 antem

275 1900 453 1987 decretum,
475 1909 586 1993 utpote
608 1903 642 1970 in
662 1902 764 1970 libros
791 1903 1005 1971 llecretalium
1029 1904 1217 1971 auctoritate
1241 1901 1416 1992 apostolica

274 2007 446 2094 insertum,
464 2008 503 2076 ad
527 2008 710 2098 generalem
734 2009 884 2078 Ecclesia
907 2009 1140 2098 legislationem
1157 2018 1189 2076 et
1209 2008 1415 2100 disciplinam
1518 2081 1519 2092 χ

298 2116 424 2184 ertinet.

275 2137 297 2208 p
320 2224 399 2291 ltem
414 2245 522 2292 causae
545 2222 585 2292 de
600 2224 736 2291 crimine
763 2223 921 2291 haereseos
936 2225 1069 2292 effectus
1090 2224 1271 2292 societatem
1286 2223 1414 2291 civilem

274 2330 468 2418 attingentes
483 2329 678 2420 producunt.
694 2331 736 2397 Et
749 2330 789 2397 de
803 2331 841 2398 iis
857 2329 1071 2398 nihilominus
1086 2330 1229 2420 generali
1248 2330 1414 2397 ecclesias-

276 2437 339 2504 tica
353 2436 425 2526 lege
443 2436 489 2504 sie
511 2436 696 2505 decernitur
713 2464 720 2504 ε
737 2436 950 2504 Prohibemus
974 2436 1151 2506 districtius
1171 2436 1312 2505 domims
1331 2449 1416 2504 tem-
1519 2478 1520 2504 t

272 2544 453 2636 paratibus,
471 2565 512 2610 ne
525 2543 590 2634 ipsi
602 2542 641 2610 de
654 2543 714 2611 boc
727 2543 874 2624 rumine,
892 2567 967 2612 cum
983 2567 1070 2612 mere
1092 2545 1135 2611 sit
1154 2543 1412 2624 ecclesiasticum,
1519 2597 1520 2600 ,

275 2649 501 2743 quoquomodo
523 2662 713 2740 coqnoscant
733 2651 785 2720 uel
803 2650 967 2742 judicent.
992 2652 1061 2720 lmo
1091 2652 1124 2717 in
1150 2651 1263 2719 eodem
1287 2651 1416 2718 decreto

275 2757 484 2828 saeetrlaribus
499 2758 709 2846 potestatibus
733 2759 794 2826 sub
818 2780 914 2850 poena
935 2758 1278 2826 excommunicationis
1294 2758 1414 2846 praeci-

274 2864 375 2955 pitur,
389 2872 425 2931 ut
439 2870 586 2954 prompte
601 2863 721 2931 brachii
739 2863 904 2931 saecularis
924 2865 1085 2933 auxilium
1107 2871 1274 2954 praestent,
1291 2871 1322 2930 et
1336 2885 1415 2930 exea

274 2980 418 3061 quantur
431 2968 519 3061 quod
538 2967 637 3037 fuerit
662 2991 721 3058 pro
737 2969 813 3036 dieti
829 2969 975 3037 criminis
998 2969 1198 3060 repressione
1212 2992 1231 3036 a
1247 2968 1415 3060 jndicibus

273 3077 492 3145 ecelesiasticis
519 3075 714 3167 injunctum.
742 3074 879 3143 Omissis
905 3098 983 3165 ergo
1010 3076 1120 3144 multis
1144 3077 1217 3144 aliis
1241 3097 1315 3166 qnae
1337 3077 1413 3144 addi

273 3194 400 3275 possent
415 3182 603 3274 hujusmodi
620 3181 832 3268 documentis,
848 3191 1001 3273 tanquam
1015 3192 1138 3251 certum
1154 3181 1412 3252 concludendum

274 3297 334 3376 ast,
350 3289 525 3358 Ecclesiam
549 3289 691 3377 generali
715 3310 774 3357 sua
797 3288 995 3378 legislatione
1010 3298 1041 3356 et
1060 3290 1233 3382 disciplina
1254 3290 1412 3383 jurisdic-

272 3399 355 3467 tioni
367 3419 436 3464 suae
450 3407 603 3487 tanquam
616 3396 764 3487 proprias
772 3394 953 3464 vindicasse
965 3396 1148 3487 spirituales
1161 3419 1274 3465 causas
1285 3420 1410 3486 omnes,

274 3525 341 3572 nnn
355 3503 496 3592 exceptis
511 3504 551 3568 iis
562 3523 637 3593 ques
648 3501 788 3593 aliquem
802 3501 929 3571 civilem
942 3502 1093 3570 effectum
1109 3526 1217 3572 seeum
1233 3505 1409 3578 traherent.

273 3611 362 3700 Ergo
376 3609 475 3679 etiarn
489 3629 535 3676 aaa
550 3631 653 3676 cauam
669 3608 709 3676 ad
724 3607 831 3677 lorum
848 3608 1098 3678 ecclesiasticum
1114 3612 1285 3701 pertinent.

320 3721 353 3786 2⁰
368 3719 406 3785 lu
424 3716 584 3807 superiori
603 3716 702 3782 etiam
722 3716 825 3805 capite
845 3714 1050 3785 firmavimus
1070 3718 1290 3786 ecclesiasticae
1311 3719 1414 3810 juris·

274 3825 408 3894 dictioni
432 3820 646 3891 accensendas
667 3843 735 3889 esse
757 3844 882 3907 causes,
897 3845 978 3915 quas
993 3823 1068 3891 finis
1085 3824 1236 3892 Ecclesiae
1259 3826 1413 3917 proprius

272 3933 413 4025 postulat
426 3953 446 3998 a
458 3931 568 4021 jndice
591 3929 807 3997 ecclesiastico
829 3929 954 3998 dirimi.
971 3930 1074 3999 Porro
1092 3933 1166 3998 finis
1182 3931 1248 4017 ills,
1266 3933 1413 4000 sanctiti-

272 4043 356 4110 catio
371 4059 488 4128 nempe
509 4045 540 4104 et
562 4036 650 4103 salus
665 4037 863 4123 animarum,
880 4059 900 4105 a
915 4038 1012 4105 rebus
1027 4039 1127 4106 sacris
1141 4048 1172 4108 et
1188 4039 1412 4131 spiritualibus

273 4147 415 4219 maxime
440 4144 567 4235 pendet.
586 4143 630 4211 Ut
649 4144 844 4234 ergo-possit
870 4143 1011 4212 Ecclesia
1033 4144 1130 4213 finem
1154 4146 1216 4213 sibi
1242 4148 1411 4237 proprium

274 4253 502 4326 convenienter
531 4271 734 4342 promovere,
761 4250 854 4319 debet
878 4273 971 4341 posse
995 4253 1035 4319 de
1060 4253 1157 4322 rebus
1184 4253 1247 4321 illis
1272 4262 1412 4324 statuere
