3030 4980
522 474 596 520 raus
623 474 767 521 secusne.
1148 455 1208 520 121

70 593 191 686 legato.
220 594 445 664 Attendendus
469 617 548 685 ergo
577 595 694 664 modus
722 618 788 686 quo
814 595 994 687 Episcopus
1021 595 1211 664 mandatum

71 703 174 772 dedit.
193 703 275 772 Nam
293 704 367 770 1111
390 701 476 770 dicta
499 701 649 794 specialia
668 701 829 770 commisit
842 701 972 794 inipso
996 702 1213 772 instrumento

69 833 138 898 spuo
159 809 326 879 Vicarium
352 810 537 898 generalem
563 809 742 894 constituit,
764 818 912 877 censetur
933 831 1004 878 eam
1028 809 1211 879 facultatem

70 916 136 1004 ipsi
157 916 268 984 iecisse
282 925 437 1008 tanquam
453 916 585 985 Vicario
605 916 767 1005 generali5
784 914 871 983 unde
886 924 964 982 tunc
985 916 1057 982 haec
1078 914 1213 983 facultas

70 1022 257 1110 ingreditur
287 1022 492 1091 ordinariam
521 1021 645 1093 Vicarii
672 1021 833 1111 generalis
865 1021 1143 1112 jurisdictionem
1176 1045 1213 1090 ac

70 1129 211 1218 proinde
234 1128 275 1197 ab
290 1129 362 1221 ejus
384 1129 543 1198 sententia
561 1149 628 1197 non
650 1128 747 1197 datur
759 1127 931 1220 appellatio
946 1127 988 1197 ad
1001 1128 1209 1220 Episcopum.

70 1239 107 1301 2⁰
120 1236 158 1303 Si
172 1236 350 1328 Episcopus
374 1235 533 1328 ejusmodi
557 1234 708 1327 specialia
723 1235 921 1303 commiserit
942 1242 1035 1302 extra
1058 1237 1212 1306 commis-

69 1344 196 1412 sionem
209 1344 383 1414 vicariatus
397 1344 573 1433 generalis,
584 1353 616 1411 et
629 1363 781 1434 expresse
796 1342 917 1411 dixerit
931 1343 1013 1411 hanc
1026 1344 1211 1416 facultatem

68 1450 203 1520 Vicario
223 1451 366 1540 generali
379 1450 480 1518 tribui
501 1464 663 1541 tuaquom
683 1449 821 1531 Vicario,
840 1449 960 1518 iterum
980 1449 1015 1519 iu
1037 1450 1099 1520 hoc
1123 1453 1212 1522 ordi-

69 1558 197 1626 nariam
220 1557 479 1649 jurisdictionem
502 1559 531 1625 is
550 1557 683 1645 habere,
697 1565 730 1625 et
748 1579 815 1626 uon
831 1555 1009 1647 delegatam
1032 1561 1212 1630 censendus

69 1665 145 1733 erit.
170 1668 203 1731 3ο
219 1665 255 1734 81
270 1665 448 1757 Episcopus
462 1673 556 1734 extra
569 1663 746 1732 vicariatus
769 1663 930 1754 generalis
949 1666 1210 1736 commissionem

70 1772 223 1862 specialia
247 1773 437 1860 concedens,
455 1793 522 1840 non
541 1772 738 1862 expresserit
764 1793 807 1839 an
831 1779 984 1864 tanquam
1005 1772 1148 1862 Vicario,
1170 1799 1212 1844 aa

71 1889 227 1971 tanquam
249 1879 408 1970 delegato,
425 1902 463 1947 ea
476 1879 678 1965 concesserit,
693 1878 749 1946 sed
765 1878 806 1947 de
824 1877 886 1947 hoc
907 1879 1043 1967 siluerit,
1060 1881 1212 1954 Vicarins

69 1987 232 2070 generalis
259 1986 366 2078 quoad
392 2009 430 2054 ea
452 1985 619 2075 delegatus
642 1983 813 2054 dumtaxat
836 1986 1015 2054 censendus
1041 1995 1100 2056 est.
1128 1991 1212 2060 Nam

69 2115 148 2160 eum
163 2103 287 2162 certum
310 2093 351 2162 sit
371 2094 432 2185 ipsi
448 2115 514 2161 non
532 2099 713 2183 competere
734 2091 994 2183 jurisdictionem
1014 2095 1211 2168 ordinariam

70 2200 158 2267 circa
171 2200 332 2291 specialia,
348 2201 411 2268 nisi
426 2200 488 2292 ipsi
504 2212 665 2291 tauquam
684 2199 811 2268 Vicario
824 2200 996 2269 commissa
1018 2202 1094 2284 sint,
1110 2205 1211 2274 donec

69 2315 195 2375 constet
211 2307 322 2376 detali
343 2307 582 2392 commissione,
598 2327 707 2374 merus
729 2305 897 2396 delegatus
917 2309 1097 2377 censendus
1121 2311 1208 2380 erit:

69 2414 106 2480 in
119 2437 197 2482 casu
216 2423 325 2482 autem
348 2415 525 2506 proposito,
542 2412 578 2481 id
601 2435 667 2481 non
686 2421 828 2502 constat3
845 2435 920 2482 cum
941 2413 1120 2505 Episcopus
1143 2440 1210 2487 non

70 2521 247 2611 exprimat,
263 2521 371 2612 seipsi
388 2522 587 2589 committere
601 2518 751 2612 specialia
771 2528 926 2612 tanquam
940 2521 1083 2609 Vicario,
1097 2533 1130 2590 ct
1143 2547 1209 2594 non

70 2639 225 2718 tanquam
246 2649 336 2696 mero
358 2626 517 2717 delegato.
534 2626 629 2696 Unde
653 2635 730 2694 tunc
749 2649 769 2694 a
787 2626 930 2714 Vicario,
950 2626 1035 2695 dicta
1061 2631 1210 2721 specialia

68 2742 281 2821 cognoscente
309 2741 341 2801 et
363 2733 539 2824 judicante,
570 2732 701 2800 dabitur
726 2731 767 2800 ad
796 2732 993 2824 Episcopum
1022 2737 1205 2826 appellatio.

68 2839 228 2908 Eemdem
241 2847 349 2908 autem
362 2840 541 2909 doctrinam
558 2847 645 2908 tenet
663 2839 845 2909 leurenius
861 2838 912 2931 (de
933 2840 1066 2910 Vicariis
1079 2844 1205 2934 lipsa,

68 2969 141 3038 cap.
164 2949 197 3029 3,
210 2969 244 3038 q.
265 2947 354 3038 101).

598 3187 685 3278 av.

69 3378 235 3432 humeratio
253 3391 343 3430 eorum
359 3391 417 3443 qaas
432 3377 522 3441 nequit
538 3375 656 3428 vicarius
680 3376 808 3442 generatis
824 3377 939 3442 explere,
956 3377 1058 3430 etiamsi
1072 3380 1210 3432 accederet

427 3467 574 3518 commissio
590 3465 710 3531 specialis
725 3465 857 3531 Episcopi.

116 3674 147 3736 1.
166 3667 286 3760 Nequit
306 3666 488 3760 Episcopus
503 3665 636 3736 Vicario
657 3688 717 3736 suo
740 3666 884 3756 generali
904 3665 1089 3738 facultatem
1105 3668 1209 3738 lacere

67 3776 261 3846 absolvendi
275 3775 317 3846 ab
332 3775 457 3844 occulta
476 3774 519 3864 (l)
537 3773 673 3843 Hoeresi.
691 3773 788 3862 Nam,

100 4033 133 4093 (1)
149 4028 216 4089 Quid
228 4029 272 4082 hic
288 4043 336 4094 per
348 4029 475 4080 occultam
492 4027 608 4078 heresim
626 4025 826 4091 multigendum
839 4027 881 4090 sit,
894 4027 988 4078 diserte
1008 4029 1154 4092 explanavit
1165 4033 1211 4084 Ba·

67 4111 191 4162 nedictus
206 4109 261 4159 lth
273 4109 314 4176 (de
331 4109 431 4174 synodo
449 4108 630 4164 (1111111111.
653 4111 678 4169 9,
693 4122 717 4157 c.
734 4110 767 4170 1).
782 4109 868 4158 Primo
888 4107 989 4158 scilicet
1007 4119 1060 4158 non
1081 4109 1165 4174 agitur
1179 4112 1211 4162 de

68 4191 165 4244 lraeresi
176 4188 209 4240 sd
221 4190 333 4242 tribunat
351 4189 473 4254 Episcopi
493 4188 614 4251 deducta,
628 4192 654 4238 11
672 4188 709 4238 110
725 4189 837 4252 juridice
852 4193 913 4240 nota
924 4203 931 4238 τ
943 4190 975 4240 ab
988 4189 1037 4240 hac
1052 4195 1137 4255 potest
1153 4195 1212 4259 Epi.

65 4287 169 4340 scapus
183 4271 377 4337 resipiscentem
397 4271 549 4324 heroicum
569 4271 713 4324 absolvere.
731 4269 915 4330 secundanos
934 4270 967 4322 de
985 4271 1215 4326 111οεί111011-
