3030 4980
563 455 638 500 rras
661 453 807 502 sacuam.
1190 433 1251 500 389

110 574 236 643 carium
249 576 435 664 generalem
449 577 601 668 Episcopi
614 576 751 645 assumi.
770 576 812 644 Et
826 577 940 666 primo
961 576 1093 668 quidem
1119 599 1257 668 respon-

112 677 257 747 dendum
272 688 320 748 est
335 682 487 771 negative
501 682 608 773 quoad
629 682 813 770 bigamum,
835 682 869 750 id
890 690 949 770 cst,
973 682 1081 773 quoad
1104 705 1179 752 eum
1200 684 1258 776 qui

111 787 165 857 bis
180 811 318 857 uxorem
331 789 444 878 duxit3
461 813 536 858 cum
550 790 596 856 ita
611 788 776 858 decretum
786 789 827 856 sit
835 790 938 880 eapite
948 791 1056 877 unico,
1070 788 1110 858 de
1125 790 1258 858 Clericis

113 895 315 987 ronjupctir,
342 897 378 964 iu
403 905 506 966 sexto.
536 895 698 978 Secundo,
723 896 820 964 etiam
846 919 912 965 uon
941 897 1104 986 bigamus,
1130 906 1162 964 et
1188 897 1257 965 sive

113 1001 249 1070 duxerit
263 1002 416 1090 viduam,
433 1004 501 1072 sive
515 1003 611 1072 etiam
627 1003 803 1092 virginem,
822 1002 976 1071 inbabibs
994 1011 1042 1072 est
1057 1004 1099 1073 ad
1114 1003 1257 1073 officium

113 1109 238 1177 Vicarii
254 1110 426 1199 generalis.
441 1110 500 1178 Est
515 1110 703 1179 communis
716 1113 958 1180 canonistarum
974 1109 1139 1198 doctrina;
1157 1133 1256 1202 quam

113 1215 248 1305 quidem
271 1238 338 1285 non
362 1239 404 1285 ex
430 1217 522 1287 nullo
545 1239 700 1309 expresso
716 1216 801 1308 juris
821 1225 911 1286 textu
934 1217 1111 1306 deducunt,
1133 1217 1189 1286 sed
1215 1241 1257 1287 ex

113 1321 261 1411 generali
295 1323 466 1416 principio,
498 1322 587 1415 quod
615 1323 752 1392 clericus
778 1323 970 1414 conjugatus
1001 1332 1167 1414 reputetur
1198 1347 1257 1417 pro

112 1427 209 1497 laico.
237 1428 279 1497 Et
305 1429 402 1521 juata
421 1429 506 1499 banc
524 1429 705 1500 doctrinam
727 1429 930 1520 respondisse
951 1430 1086 1498 Sacram
1108 1431 1258 1520 Congre-

112 1537 279 1626 gaticnem
298 1537 550 1631 Episcoporum,
567 1546 599 1606 et
613 1537 816 1626 regularium
831 1545 966 1606 testatur
983 1537 1130 1608 Ferraria
1146 1539 1257 1626 (verbo

121 1643 270 1712 Vicamu
280 1645 452 1737 generales,
470 1653 531 1712 art.
551 1648 583 1730 l,
601 1667 634 1712 n.
650 1645 714 1734 19).
735 1643 882 1713 Similem
898 1645 1113 1735 questionem
1128 1656 1259 1717 movent

113 1750 291 1819 canonista
318 1751 359 1820 de
381 1752 509 1838 clerico,
540 1753 610 1844 qui,
633 1751 713 1819 dum
739 1759 822 1818 esset
844 1752 1051 1840 magistratus
1078 1754 1256 1842 saecularis,

114 1858 343 1948 pronuntiavit
366 1859 558 1928 sententiam
582 1858 763 1948 sanguinis.
793 1858 898 1940 Quam
918 1859 1095 1928 resolutam
1117 1863 1258 1953 reperies

112 1965 205 2056 apud
219 1965 418 2036 Leurenium
438 1967 489 2057 (de
513 1965 648 2035 Vicaruis
669 1966 795 2056 Epicu,
820 1987 889 2057 cap.
917 1969 949 2054 1,
970 1990 1003 2057 q.
1027 1969 1096 2059 46),
1116 1969 1151 2037 in
1171 1970 1259 2038 bunc

113 2095 268 2140 sensum:
291 2074 321 2141 si
345 2073 493 2142 nondum
511 2073 647 2142 clericus
672 2072 791 2141 dictam
811 2074 1002 2142 senoeutiam
1023 2077 1258 2166 pronuntiavit,

113 2181 228 2249 debuit
242 2181 516 2271 dispensationem
532 2178 781 2270 irregularitatis
795 2181 952 2270 obtinere,
968 2181 1010 2251 ad
1024 2183 1166 2274 primam
1181 2193 1257 2253 ton-

113 2311 228 2356 suram
239 2287 459 2379 recipiendam
473 2315 480 2356 :
492 2289 622 2357 obtenta
634 2297 745 2356 autem
757 2287 818 2357 bac
831 2287 1081 2379 dispensatione,
1092 2291 1184 2360 nulla
1194 2293 1261 2360 alia

114 2393 276 2484 indigebit
290 2403 326 2462 ut
345 2395 445 2486 possit
458 2395 611 2466 Vicarius
625 2393 786 2483 generalis
799 2395 964 2463 constitui.
982 2395 1019 2473 Si
1029 2396 1099 2485 jam
1122 2397 1257 2468 clericus

113 2510 196 2589 crat,
235 2524 310 2570 cum
342 2503 462 2570 dictam
501 2501 692 2570 seutentiam
721 2501 960 2594 pronuntiavit,
982 2502 1096 2571 cecidit
1123 2504 1257 2594 quidem

113 2611 214 2678 etiam
229 2617 307 2678 tunc
320 2610 355 2678 in
369 2609 659 2699 irregularitatem
676 2631 743 2678 non
759 2618 865 2677 tamen
879 2609 952 2678 ideo
970 2610 1080 2678 amisit
1096 2609 1258 2680 clericalia

113 2715 305 2807 privilegia3
322 2715 409 2786 unde
425 2725 456 2784 et
471 2715 600 2806 poterit,
619 2715 741 2806 absque
756 2714 1008 2806 dispensatione,
1023 2715 1145 2786 Vicarii
1158 2740 1257 2806 gene-

113 2823 195 2892 ralis
211 2846 331 2892 munus
346 2823 447 2892 obire.

162 2930 306 3013 Quasmo
322 2935 368 2998 2².
387 2970 432 2982 —
448 2933 612 3015 Quanam
625 2932 659 2998 ia
677 2931 803 3000 Vicario
811 2931 958 3022 pcnerali
965 2932 1155 3024 requiratur
1163 2946 1257 3004 atas.

112 3077 161 3090 -
175 3037 368 3130 Respondeo
383 3065 390 3106 ι
407 3038 586 3129 requiritur
598 3047 676 3107 aetas
692 3042 734 3105 25
749 3059 911 3107 annorum
923 3039 1161 3108 inchoatorum.
1176 3043 1256 3111 Pro·

112 3148 214 3215 batur
226 3145 333 3238 primo
347 3145 449 3237 capite
464 3145 565 3226 Licet,
583 3155 615 3214 et
634 3146 735 3236 capite
759 3147 846 3214 Cum
864 3146 901 3214 ia
928 3147 1062 3229 eunctis,
1077 3147 1117 3215 de
1135 3149 1255 3231 Elaea,

114 3255 152 3322 in
164 3260 272 3334 sext03
290 3275 367 3320 nam
379 3252 426 3320 ibi
441 3253 525 3320 dicta
542 3260 620 3320 atas
636 3253 814 3344 requiritur
829 3253 862 3320 in
886 3253 927 3321 iis
948 3253 1069 3344 quibus
1089 3275 1168 3322 cura
1187 3259 1260 3325 ani-

116 3383 248 3429 marum
268 3359 467 3451 imponitur:
483 3382 582 3451 porro
597 3359 722 3429 Vicarii
734 3361 895 3449 generalis
908 3359 1014 3429 officio
1030 3361 1167 3430 inhaeret
1181 3364 1257 3431 ani-

116 3489 247 3536 marum
264 3489 355 3555 cura,
376 3490 453 3536 cum
477 3489 575 3558 penes
598 3467 707 3558 ipsum
722 3466 862 3534 resideat
876 3467 1038 3556 generalis
1049 3480 1081 3536 et
1094 3469 1258 3538 ordinaria

109 3574 308 3667 jurisdictio.
320 3573 483 3643 Probatur
494 3573 635 3642 secundo
651 3573 756 3665 capite
771 3576 823 3658 12,
838 3574 989 3642 sessionis
1002 3579 1043 3642 rt
1057 3574 1258 3674 Tridentinae

114 3679 255 3773 synodi:
272 3703 347 3748 nam
356 3679 403 3748 ibi
415 3685 457 3748 25
470 3703 634 3749 annorum
648 3687 727 3748 retas
739 3679 921 3770 requiritur
931 3681 972 3749 ad
984 3681 1169 3770 dignitates,
1184 3683 1259 3773 qui-

112 3790 178 3858 bus
193 3788 377 3856 animarum
393 3809 472 3855 cura
484 3787 593 3856 subest
612 3813 619 3855 ε
638 3788 724 3855 inter
744 3786 934 3877 hujusmodi
953 3797 1061 3857 autem
1085 3787 1260 3879 dignitates

113 3895 290 3967 vicariatus
305 3894 465 3984 generalis
479 3902 526 3963 est
537 3893 748 3984 reputandus.
767 3893 922 3961 Doctores
941 3893 1075 3984 insuper
1091 3895 1126 3962 in
1142 3895 1203 3963 hac
1224 3919 1259 3964 rc

113 4003 250 4073 omnino
264 4001 460 4072 concordare
474 4001 626 4094 reperies.

162 4109 305 4192 Quusrro
323 4112 369 4178 3³.
388 4147 433 4161 -
453 4110 504 4178 Aa
521 4107 628 4200 possit
649 4129 713 4178 esse
743 4107 889 4177 Vicarr'ra
912 4107 1070 4198 poneretis
1091 4110 1150 4200 qui
1169 4123 1260 4179 ortus

115 4241 183 4288 reon
205 4239 245 4286 ea
266 4215 480 4286 matrimonio
502 4214 659 4306 legitimo.
686 4253 732 4266 -
752 4218 784 4282 l·
805 4214 939 4286 Certum
958 4225 1006 4284 est
1026 4239 1103 4284 eum
1123 4219 1180 4308 qui
1201 4239 1259 4286 na-
