3046 4968
293 459 354 524 tac
666 477 841 526 macrinus
865 479 903 525 nn
925 479 1057 527 runicus.

293 623 362 667 eam
389 621 535 692 unquam
562 623 579 668 e
603 599 699 691 praxi
722 601 888 670 excidisse.
916 603 1000 670 Hinc
1025 603 1123 669 etiam
1151 599 1247 669 hodie
1269 623 1327 692 pro
1348 599 1439 668 nulla

292 707 440 775 habenda
455 716 503 776 est
528 708 689 776 sententia
709 708 828 798 judicis
848 709 1070 796 ecclesiastici,
1088 709 1144 800 qui
1161 709 1195 776 in
1211 706 1324 776 eadem
1340 729 1439 776 causa

292 813 486 883 advocatum
502 817 581 905 egit.

335 922 429 1004 erod
446 931 558 992 tamen
573 923 782 993 limitandum
799 933 859 1012 est,
878 925 904 993 si
925 933 1042 1015 agatur
1059 923 1099 992 de
1126 945 1280 1014 supremo
1297 922 1409 1013 judice
1428 952 1436 990 :

291 1017 369 1098 nam
382 1055 459 1100 eum
475 1053 569 1122 posse
585 1031 767 1124 inproprie
787 1054 884 1101 causa
906 1032 1131 1125 pronuntiare,
1150 1031 1236 1099 inlra
1252 1031 1409 1122 probatur
1427 1057 1435 1096 :

290 1139 450 1207 alortiori
465 1162 544 1228 ergo
560 1140 678 1230 poterit
692 1163 823 1209 causam
851 1143 887 1208 in
903 1163 968 1232 qua
982 1140 1075 1231 prius
1094 1139 1288 1208 advocatum
1304 1139 1371 1228 egit
1387 1137 1442 1205 di-

290 1245 421 1313 rimere.
441 1245 535 1316 Unde
554 1248 581 1314 si
600 1247 674 1337 quis
692 1255 864 1339 postquam
886 1247 1080 1316 advocatum
1105 1246 1183 1336 egit,
1199 1245 1240 1312 ad
1255 1244 1441 1313 Summum

289 1351 519 1420 Pontificatum
541 1353 710 1440 evehatur,
732 1355 848 1444 poterit
875 1363 1032 1446 tanquam
1056 1354 1145 1445 Papa
1166 1351 1312 1444 judicare
1337 1351 1377 1418 de
1401 1375 1442 1419 ea

288 1480 397 1545 causa,
416 1481 515 1550 quam
531 1468 625 1527 antea
641 1467 800 1552 tanquam
821 1461 996 1530 advocatus
1012 1459 1210 1528 defenderat.

334 1566 464 1636 lineum
482 1571 527 1635 3².
542 1605 586 1618 -
610 1566 722 1635 Validc
742 1569 960 1658 pronuntiare
982 1567 1094 1658 nequit
1116 1565 1234 1656 judea,
1252 1565 1310 1657 qui
1331 1566 1441 1632 consi-

290 1674 402 1741 milem
429 1675 496 1766 apsa
521 1696 668 1756 causam,
692 1687 853 1766 tanquam
881 1678 978 1744 Actor
1000 1677 1053 1743 ccl
1077 1678 1172 1754 Reus,
1195 1672 1303 1741 dabat.
1327 1711 1372 1724 -
1401 1671 1439 1739 ld

289 1782 426 1872 probare
450 1781 555 1850 solent
580 1784 757 1852 canonista
785 1806 844 1874 per
869 1782 1062 1852 decretalem
1086 1780 1263 1850 Innocentii
1285 1780 1343 1864 ΙΙΙ,
1360 1801 1439 1870 quae

288 1887 427 1956 hahetur
449 1890 722 1980 capitc18,tituli
748 1893 778 1977 1,
797 1891 872 1958 libri
891 1895 909 1958 2
938 1887 1169 1959 Decretalium.
1185 1888 1287 1979 Cujus
1314 1889 1440 1955 decreti

288 1995 446 2086 pontificii
459 1995 528 2064 haec
540 1996 646 2066 extitit
660 1997 784 2065 occasio
800 2010 888 2066 :orta
901 2007 970 2067 erat
984 1998 1025 2066 lis
1042 1999 1128 2065 inter
1139 2003 1336 2066 conventum
1349 1995 1440 2064 Vin-

289 2103 509 2172 debonensem
524 2113 556 2171 et
571 2103 836 2173 archidiaconum
851 2105 1098 2174 Garnotcnsem.
1117 2101 1171 2172 Ad
1185 2122 1258 2171 cam
1273 2101 1441 2169 dirimen-

291 2210 369 2278 dam
384 2210 418 2278 in
430 2210 575 2301 judicem
590 2211 751 2302 delegavit
763 2213 970 2281 Innocentius
982 2213 1027 2280 ΙΙΙ
1039 2211 1255 2280 Perisiensem
1271 2209 1441 2277 archidia-

291 2339 423 2386 conum.
455 2319 498 2384 At
529 2327 638 2408 postea
666 2318 783 2387 certior
810 2319 914 2388 lactus
942 2319 1140 2411 pradictum
1167 2316 1436 2386 archidiaconum

291 2423 507 2492 Parisiensem
522 2424 557 2490 in
572 2424 674 2492 simili
688 2447 784 2493 eausa
799 2425 940 2516 litigare,
958 2427 986 2494 ei
1009 2434 1166 2516 tanquam
1187 2421 1330 2516 judicem
1346 2422 1441 2490 delc-

291 2541 405 2620 gatum
422 2529 590 2599 substituit
612 2531 771 2600 decanum
798 2534 988 2624 quemdam.
1014 2533 1101 2616 Quia
1121 2555 1207 2614 acro,
1225 2531 1343 2623 inquit,
1359 2553 1441 2597 crem

291 2637 440 2706 cumdem
463 2639 732 2708 archidiaconum
757 2640 874 2708 similis
900 2663 981 2732 pene
1005 2661 1105 2708 causa
1128 2637 1309 2728 conticeant,
1334 2636 1442 2703 nimis

287 2746 481 2836 fauorabilis
496 2747 594 2836 parti
610 2747 707 2814 alteri
727 2745 867 2829 uidetur,
884 2769 941 2814 nos
960 2761 1001 2829 te,
1017 2747 1072 2837 fili
1086 2750 1225 2826 Decanc,
1244 2745 1313 2812 loco
1333 2743 1441 2835 ipsius

290 2851 514 2921 archidiaconi
531 2853 754 2945 sudroqantcs
776 2853 976 2922 mandamus
999 2867 1157 2944 quotenus
1172 2855 1249 2943 (non
1273 2850 1443 2918 obstanti-

293 2959 349 3026 bus
369 2959 538 3051 prioribus
567 2960 693 3051 litteris)
720 2961 756 3028 in
784 2981 896 3043 causa,
922 2962 1051 3029 ratione
1069 2959 1209 3053 proavia,
1235 2957 1439 3049 procedatis.

290 3061 349 3129 llla
363 3083 441 3131 vero
463 3061 592 3153 praelati
613 3062 786 3130 'Pontificis
809 3063 1016 3154 disposition
1039 3062 1273 3153 glossatoribus
1291 3069 1323 3129 et
1338 3083 1442 3129 cano-

290 3168 386 3234 nistis
400 3189 460 3259 pro
474 3168 587 3258 regula
601 3177 632 3236 et
642 3167 713 3258 lege
727 3169 927 3237 unanimiter
942 3169 1053 3237 hahita
1069 3169 1141 3237 luit.
1156 3170 1216 3237 Cui
1232 3175 1441 3236 constantem

290 3273 441 3342 Ecclesiae
457 3275 588 3365 praxim
605 3297 781 3344 consonare
801 3276 941 3344 dubium
957 3285 1098 3345 nonest.

336 3380 460 3448 Eadem
481 3403 558 3450 vero
584 3382 698 3471 regula
720 3383 820 3451 simul
844 3405 884 3450 ex
905 3384 980 3474 jure
1007 3383 1147 3452 naturali
1166 3381 1293 3451 firmari
1317 3391 1443 3472 potest,

292 3498 327 3556 ut
351 3488 432 3554 satis.
446 3487 621 3556 ostendunt
646 3489 800 3576 rationes,
816 3512 897 3580 quas
921 3491 966 3556 sic
986 3489 1121 3581 exponit
1143 3488 1446 3577 Schmelzgrueber

294 3595 338 3684 (in
357 3591 490 3660 titulum
507 3598 520 3658 Ι
546 3592 585 3660 de
607 3593 753 3676 tudiciis,
771 3595 849 3662 libri
877 3600 895 3662 2
922 3595 1155 3680 Deeratalinm,
1173 3618 1207 3662 n.
1230 3595 1282 3684 17)
1301 3623 1307 3661 :
1329 3595 1443 3664 «Non

295 3729 312 3766 u
335 3699 518 3768 admittitur
535 3707 688 3790 tanquam
701 3701 803 3790 judex
820 3701 1008 3771 ordinarius
1021 3703 1072 3770 vel
1083 3701 1251 3789 delegatus
1261 3703 1303 3768 ad
1318 3711 1446 3770 tracta-
1513 3689 1514 3720 ¹

295 3833 312 3874 a
336 3808 458 3874 tionem
473 3827 592 3890 causas,
610 3806 668 3896 qui
680 3807 887 3875 consimilem
905 3809 1000 3876 habet
1014 3809 1081 3898 ipse
1098 3816 1255 3898 tanquam
1271 3809 1371 3875 Actor
1385 3809 1446 3877 vel

296 3941 313 3980 c
336 3915 435 3982 Reus.
448 3915 497 4004 (C.
512 3916 655 3982 Causam
672 3913 945 4006 18,dcludicc'is.)
956 3916 1053 3986 Ratio
1064 3926 1112 3982 cst
1125 3917 1203 4007 quia
1219 3914 1335 3982 merito
1346 3937 1446 4006 prae-

296 4050 313 4088 c
336 4021 489 4108 sumitur,
504 4021 649 4112 judicem
665 4021 700 4087 in
715 4045 812 4089 causa
832 4045 902 4091 suoe
923 4023 1101 4113 cognitioni
1120 4022 1297 4090 commissa
1312 4021 1357 4088 ita
1377 4024 1446 4112 ju—

296 4157 312 4196 (ι
335 4128 531 4214 dicaturum,
549 4129 632 4196 sicut
647 4129 688 4196 ab
703 4129 775 4196 aliis
796 4129 935 4220 judicari
957 4127 1053 4197 vellet
1071 4129 1106 4198 in
1122 4129 1283 4198 consimili
1307 4149 1390 4208 sua;
1409 4142 1445 4200 ct

296 4265 312 4304 u
338 4235 423 4328 quod
441 4245 596 4326 tanquam
614 4257 689 4327 pars
706 4235 842 4324 litigans
858 4257 992 4328 requam
1013 4236 1204 4328 justumque
1217 4235 1386 4305 existimat
1405 4240 1443 4307 in
