3022 4978
259 432 321 496 sot
631 445 805 496 moranus
826 447 866 494 nn
887 445 1019 494 tuorum.

259 601 277 638 «
300 573 399 640 etiam
414 570 475 642 boa
488 595 549 666 ope
563 571 777 641 distinctionis
793 570 898 640 decidi
914 576 1028 662 potest.
1044 567 1130 636 Nam
1146 565 1266 658 triplex
1283 565 1402 657 hujus-

260 707 277 748 «
301 679 390 750 modi
411 680 672 773 propositionum
693 679 814 770 speeies
833 687 892 767 est,
916 677 1067 748 videlicet
1090 677 1120 742 1ο
1140 674 1318 767 propositio
1338 697 1402 741 no-

261 815 278 852 u
300 788 409 876 gativa
419 809 510 879 pura
524 787 664 878 simplex
678 799 709 854 et
727 785 994 868 indeterminata,
1012 805 1087 876 quae
1101 805 1167 851 uon
1184 781 1280 849 habet
1293 779 1399 850 deter-

260 921 276 960 α
300 893 515 962 minationem
526 893 590 962 loei
598 894 756 986 temporis
768 892 820 962 vel
831 893 965 962 alterius
976 889 1229 962 circumstantia
1244 886 1400 980 (exempli

259 1025 275 1064 ι(
299 999 404 1088 gratia
424 997 555 1089 quando
569 998 659 1066 Reus
679 997 756 1066 dicit
774 1027 782 1067 :
799 1019 865 1068 non
886 999 1047 1084 contraxi,
1068 1018 1135 1064 nou
1153 995 1315 1081 mutuavi,
1333 1014 1399 1060 non

259 1133 276 1174 a
299 1129 373 1174 sum
390 1106 518 1192 citatus,
541 1107 630 1196 eta).
655 1110 688 1174 2·
702 1106 862 1196 Negativa
877 1106 952 1174 tacti
966 1104 1205 1186 determinatas
1220 1125 1295 1194 quae
1310 1100 1399 1168 limi-

260 1243 276 1280 «
300 1224 365 1283 tata
380 1223 429 1284 est
441 1225 528 1283 eerto
546 1213 628 1300 loco,
647 1223 793 1307 tempore
808 1221 840 1281 et
854 1213 928 1282 aliis
940 1212 1193 1282 circumstantiis
1208 1212 1257 1303 (ut
1270 1209 1297 1276 si
1311 1208 1399 1276 testis

258 1349 275 1388 o
300 1323 352 1390 vel
367 1330 456 1390 sotor
466 1320 564 1408 dicat,
582 1321 707 1390 Titium
720 1322 920 1390 contraxisse
933 1321 1187 1391 matrimonium
1198 1341 1274 1386 cum
1290 1317 1396 1402 berta,

257 1455 274 1494 o
298 1429 354 1498 tali
370 1429 452 1514 loeo,
467 1436 626 1521 tempore,
640 1429 727 1520 ete).
748 1431 781 1495 3⁰
796 1428 942 1520 Denique
958 1427 1134 1521 propositio
1150 1426 1301 1516 negativa
1311 1445 1398 1515 prar-

258 1564 276 1604 «
297 1559 420 1629 quana·
435 1536 513 1628 quia
526 1536 646 1604 seilicet
658 1535 839 1606 virtualiter
851 1546 883 1604 et
897 1536 1055 1629 implicite
1072 1536 1217 1605 eontinet
1231 1533 1265 1600 in
1279 1555 1312 1600 se
1324 1554 1398 1622 pro-

258 1671 275 1710 «
298 1644 494 1735 positionem
511 1643 747 1712 affirmativam
765 1669 773 1710 ι
791 1651 829 1711 ut
844 1645 871 1711 si
885 1646 960 1735 quis
973 1643 1062 1713 dicat
1075 1666 1109 1712 se
1128 1665 1195 1712 non
1216 1648 1330 1731 sponte
1345 1661 1398 1706 re-

258 1778 275 1817 u
301 1751 466 1820 nuntiasse
476 1749 655 1837 beneficio,
669 1763 748 1818 nam
762 1750 815 1820 bic
828 1751 983 1842 implicite
997 1751 1113 1845 asserit
1124 1749 1186 1818 sibi
1198 1749 1265 1816 vim
1279 1747 1397 1814 illatam

260 1885 276 1924 α
301 1858 334 1924 in
355 1857 594 1926 renuntiatione
608 1857 772 1926 beneficii.

305 1965 387 2032 «Ex
410 1963 473 2050 his,
497 1965 653 2032 ultimae
673 1974 812 2054 negante
835 1965 967 2058 probari
991 1972 1097 2057 potest
1117 1971 1149 2032 et
1168 1963 1263 2032 debet
1290 1961 1400 2054 (eapite

261 2098 279 2138 a
301 2075 410 2163 Super
425 2071 486 2139 boc
509 2075 540 2158 5,
558 2071 598 2140 de
612 2072 863 2141 renuntiatione
870 2098 883 2156 ,·
899 2111 944 2124 -
958 2073 1061 2164 eapite
1077 2070 1180 2157 finali,
1198 2071 1238 2138 de
1259 2074 1398 2138 Success.

262 2207 279 2246 a
302 2179 344 2247 ab
364 2179 472 2247 intest.
481 2203 494 2262 ,·
512 2217 556 2230 ·-
576 2179 647 2268 lege
668 2180 709 2249 Si
724 2179 815 2270 filius
839 2184 872 2268 8,
893 2180 927 2248 ff.
951 2179 990 2248 de
1014 2177 1289 2268 Probationibus).
1307 2177 1399 2246 Ratio

262 2313 280 2353 a
302 2295 362 2373 est,
377 2286 454 2378 quia
466 2286 620 2354 asserenti
636 2287 800 2354 incumbit
814 2286 980 2378 probatio,
995 2285 1051 2354 sed
1063 2287 1120 2377 qui
1136 2287 1241 2354 utitur
1255 2284 1401 2376 proposi-

262 2421 279 2459 ε
302 2393 390 2462 tione
404 2393 555 2480 negativa
570 2400 772 2484 pregnante,
790 2394 905 2461 asserit
914 2420 924 2480 3
941 2415 1033 2482 ergo,

309 2529 326 2568 a
341 2501 504 2584 Secunda,
536 2523 592 2570 seu
621 2503 774 2592 negativa
802 2503 1030 2591 determinata,
1060 2526 1079 2570 a
1107 2511 1248 2592 negante
1275 2499 1402 2592 probari

265 2637 282 2676 a
305 2607 460 2678 indirecte
480 2616 595 2701 potest,
612 2609 640 2676 si
655 2609 777 2677 seilicet
800 2609 914 2702 probet
935 2631 968 2678 se
990 2633 1029 2678 eo
1045 2618 1192 2700 tempore
1207 2609 1242 2676 in
1256 2607 1319 2676 alio
1338 2607 1404 2674 loeo

266 2743 283 2783 a
306 2740 383 2784 oum
399 2715 473 2784 aliis
484 2715 630 2806 personis
643 2715 753 2802 tuisse,
768 2725 827 2784 ete.
840 2745 848 2796 ;
862 2715 918 2784 sed
934 2717 1065 2808 probari
1078 2717 1119 2784 ab
1133 2715 1204 2806 ipso
1216 2737 1283 2782 non
1297 2737 1404 2781 neees-

266 2851 283 2890 ι(
307 2824 392 2892 sario
408 2823 502 2892 debet
519 2823 632 2913 (eapite
652 2826 708 2892 Ea
724 2835 831 2893 tenore
856 2828 910 2912 35,
927 2823 967 2892 de
985 2823 1146 2906 Testibus,·
1161 2861 1205 2876 -
1219 2821 1291 2912 lege
1310 2821 1404 2912 Opti-

268 2959 285 2997 u
309 2954 401 3000 mam
416 2933 468 3017 tt,
482 2953 510 3000 e.
524 2929 564 2999 de
578 2931 738 2999 everrat.
751 2932 891 3024 stipat).
909 2932 1042 3024 Excipe,
1058 2933 1120 2999 uisi
1133 2954 1233 3022 super
1246 2928 1404 3020 ejusmodi

269 3066 286 3106 o
309 3037 527 3132 propositione
538 3040 688 3127 negativa
698 3062 772 3108 eam
783 3039 927 3128 allegans
939 3039 1055 3108 tundet
1066 3039 1281 3108 intentionem
1290 3060 1402 3105 suam:

268 3173 286 3214 a
311 3156 389 3214 tune
406 3144 494 3213 enim
520 3144 612 3213 illam
637 3145 774 3235 probare
796 3144 910 3233 debet3
933 3169 1010 3215 eum
1032 3147 1147 3236 regula
1171 3144 1331 3234 generalis
1353 3143 1403 3229 sit,

271 3280 288 3320 a
308 3252 490 3346 quemlibet
504 3251 642 3341 obligari
657 3252 699 3322 ad
715 3251 920 3344 probandum
936 3253 983 3340 id,
1003 3251 1091 3344 quod
1107 3261 1155 3321 est
1175 3275 1272 3321 eausa
1287 3261 1320 3319 et
1333 3251 1405 3319 fun·

271 3388 290 3428 a
312 3360 505 3429 dementum
519 3359 708 3428 intentionis
722 3381 804 3430 sue.

313 3467 474 3549 «Prima,
493 3489 551 3536 seu
566 3468 717 3556 negativa
733 3489 827 3558 pura,
851 3490 916 3536 non
933 3475 1037 3559 potest
1057 3467 1190 3558 probari
1214 3467 1297 3557 (lege
1316 3467 1406 3535 Actor

273 3603 291 3643 a
314 3579 369 3666 23,
393 3598 421 3647 o.
447 3572 487 3643 de
511 3573 783 3657 Probutionibus;
806 3612 850 3627 -
879 3574 980 3665 capite
1000 3578 1104 3644 'Bone
1129 3577 1183 3662 23,
1213 3573 1253 3644 de
1277 3574 1403 3663 Elea).

274 3707 292 3748 a
313 3683 411 3752 Ratio
426 3689 486 3768 est,
504 3681 581 3773 quia
598 3681 791 3770 negationis,
810 3687 919 3773 utpote
935 3703 1001 3750 nou
1018 3680 1112 3768 entis,
1132 3681 1231 3750 nulla
1244 3689 1322 3750 sunt
1336 3703 1407 3748 cau·

274 3815 291 3854 a
314 3812 373 3874 sae,
391 3788 491 3857 nullae
507 3785 710 3875 differentiae,
729 3785 829 3855 nullas
845 3787 1072 3879 proprietates,
1088 3787 1240 3879 aquibus
1255 3788 1338 3856 sicut
1351 3785 1407 3854 de-

275 3923 291 3962 tt
315 3895 478 3964 finitiones
497 3896 543 3964 ita
559 3902 590 3962 et
605 3895 812 3986 probationes
835 3893 1047 3963 desumenda
1064 3903 1157 3976 suut;
1173 3917 1250 3963 eum
1267 3893 1408 3987 probatio

275 4033 293 4070 a
315 4003 399 4072 nihil
420 4001 511 4072 aliud
534 4003 576 4071 sit
594 4025 695 4093 quam
711 4025 788 4070 vera
803 4002 942 4093 alicujus
960 4002 1036 4071 faeti
1051 4002 1199 4072 definitio
1214 4013 1246 4071 et
1260 4005 1409 4072 demons-

274 4139 291 4178 «
315 4110 421 4180 tratio.
446 4135 462 4176 a
494 4109 809 4202 (Scbmatzgrueber,
832 4110 865 4176 in
889 4110 939 4178 tit.
965 4113 1017 4198 te,
1040 4109 1115 4177 libri
1138 4115 1156 4176 2
1182 4109 1407 4194 Decretalium,

270 4243 303 4288 n.
325 4223 364 4286 33
380 4229 412 4285 et
429 4217 510 4309 seq.)
