<?xml version="1.0" encoding="UTF-8"?>
<!DOCTYPE html PUBLIC "-//W3C//DTD XHTML 1.0 Transitional//EN"
    "http://www.w3.org/TR/xhtml1/DTD/xhtml1-transitional.dtd">
<html xmlns="http://www.w3.org/1999/xhtml" xml:lang="en" lang="en">
 <head>
  <title>
</title>
<meta http-equiv="Content-Type" content="text/html;charset=utf-8" />
  <meta name='ocr-system' content='tesseract 3.04.00' />
  <meta name='ocr-capabilities' content='ocr_page ocr_carea ocr_par ocr_line ocrx_word'/>
</head>
<body>
  <div class='ocr_page' id='page_1' title='image "./tractatusdejudi01goog_0161.png"; bbox 0 0 3062 4968; ppageno 0'>
   <div class='ocr_carea' id='block_1_1' title="bbox 301 433 1062 502">
    <p class='ocr_par' dir='ltr' id='par_1_1' title="bbox 301 433 1062 502">
     <span class='ocr_line' id='line_1_1' title="bbox 301 433 1062 502; baseline -0.001 -3"><span class='ocrx_word' id='word_1_1' title='bbox 301 433 364 500; x_wconf 80' lang='lat'><strong><em>150</em></strong></span> <span class='ocrx_word' id='word_1_2' title='bbox 671 454 847 501; x_wconf 77' lang='lat' dir='ltr'><strong><em>rnscrsrns</em></strong></span> <span class='ocrx_word' id='word_1_3' title='bbox 869 456 907 500; x_wconf 84' lang='lat' dir='ltr'><strong><em>nr</em></strong></span> <span class='ocrx_word' id='word_1_4' title='bbox 930 454 1062 502; x_wconf 85' lang='lat' dir='ltr'><strong><em>sumens.</em></strong></span> 
     </span>
    </p>
   </div>
   <div class='ocr_carea' id='block_1_2' title="bbox 298 573 1444 752">
    <p class='ocr_par' dir='ltr' id='par_1_2' title="bbox 298 573 1444 752">
     <span class='ocr_line' id='line_1_2' title="bbox 342 573 1444 666; baseline 0.001 -23"><span class='ocrx_word' id='word_1_5' title='bbox 342 577 379 643; x_wconf 91' lang='lat' dir='ltr'><strong><em>ln</em></strong></span> <span class='ocrx_word' id='word_1_6' title='bbox 394 573 496 666; x_wconf 85' lang='lat' dir='ltr'><strong><em>cupite</em></strong></span> <span class='ocrx_word' id='word_1_7' title='bbox 514 577 658 644; x_wconf 82' lang='lat' dir='ltr'><strong><em>Causam</em></strong></span> <span class='ocrx_word' id='word_1_8' title='bbox 672 575 741 664; x_wconf 87' lang='grc'><strong>(16,</strong></span> <span class='ocrx_word' id='word_1_9' title='bbox 756 575 842 644; x_wconf 89' lang='lat' dir='ltr'><strong><em>tituli</em></strong></span> <span class='ocrx_word' id='word_1_10' title='bbox 856 579 912 662; x_wconf 85' lang='lat'><strong><em>29,</em></strong></span> <span class='ocrx_word' id='word_1_11' title='bbox 931 575 1009 644; x_wconf 83' lang='lat' dir='ltr'>libri</span> <span class='ocrx_word' id='word_1_12' title='bbox 1027 578 1040 642; x_wconf 89' lang='lat' dir='ltr'>l</span> <span class='ocrx_word' id='word_1_13' title='bbox 1059 575 1288 666; x_wconf 78' lang='lat' dir='ltr'><strong><em>Decretnlium)</em></strong></span> <span class='ocrx_word' id='word_1_14' title='bbox 1307 575 1354 644; x_wconf 90' lang='lat' dir='ltr'><strong><em>sic</em></strong></span> <span class='ocrx_word' id='word_1_15' title='bbox 1379 575 1444 644; x_wconf 85' lang='lat' dir='ltr'><strong><em>hn-</em></strong></span> 
     </span>
     <span class='ocr_line' id='line_1_3' title="bbox 298 681 1443 752; baseline 0 -2"><span class='ocrx_word' id='word_1_16' title='bbox 298 683 410 750; x_wconf 81' lang='lat' dir='ltr'><strong><em>betur:</em></strong></span> <span class='ocrx_word' id='word_1_17' title='bbox 425 684 510 751; x_wconf 83' lang='lat' dir='ltr'><strong><em>Cum</em></strong></span> <span class='ocrx_word' id='word_1_18' title='bbox 519 705 618 750; x_wconf 87' lang='lat' dir='ltr'><strong><em>causa</em></strong></span> <span class='ocrx_word' id='word_1_19' title='bbox 628 681 752 750; x_wconf 84' lang='lat' dir='ltr'><strong><em>duobus</em></strong></span> <span class='ocrx_word' id='word_1_20' title='bbox 764 683 981 750; x_wconf 89' lang='lat' dir='ltr'><strong><em>committitur</em></strong></span> <span class='ocrx_word' id='word_1_21' title='bbox 991 683 1147 751; x_wconf 89' lang='lat' dir='ltr'><strong><em>sententia</em></strong></span> <span class='ocrx_word' id='word_1_22' title='bbox 1157 683 1252 752; x_wconf 89' lang='lat' dir='ltr'><strong><em>unius</em></strong></span> <span class='ocrx_word' id='word_1_23' title='bbox 1263 701 1330 750; x_wconf 89' lang='lat' dir='ltr'><strong><em>uon</em></strong></span> <span class='ocrx_word' id='word_1_24' title='bbox 1343 696 1443 751; x_wconf 85' lang='lat' dir='ltr'><strong><em>tenet.</em></strong></span> 
     </span>
    </p>
   </div>
   <div class='ocr_carea' id='block_1_3' title="bbox 342 789 1524 881">
    <p class='ocr_par' dir='ltr' id='par_1_3' title="bbox 342 789 1524 881">
     <span class='ocr_line' id='line_1_4' title="bbox 342 789 1524 881; baseline -0.001 -24"><span class='ocrx_word' id='word_1_25' title='bbox 342 791 378 857; x_wconf 88' lang='lat' dir='ltr'><strong><em>ln</em></strong></span> <span class='ocrx_word' id='word_1_26' title='bbox 394 790 496 881; x_wconf 87' lang='lat' dir='ltr'><strong><em>cupite</em></strong></span> <span class='ocrx_word' id='word_1_27' title='bbox 509 789 726 858; x_wconf 87' lang='lat' dir='ltr'><strong><em>Prudentiom</em></strong></span> <span class='ocrx_word' id='word_1_28' title='bbox 740 793 807 880; x_wconf 70' lang='lat'><strong><em>(21,</em></strong></span> <span class='ocrx_word' id='word_1_29' title='bbox 824 789 909 858; x_wconf 86' lang='lat' dir='ltr'><strong><em>tituli</em></strong></span> <span class='ocrx_word' id='word_1_30' title='bbox 925 795 979 875; x_wconf 83' lang='lat'><strong><em>29,</em></strong></span> <span class='ocrx_word' id='word_1_31' title='bbox 991 789 1067 857; x_wconf 83' lang='lat' dir='ltr'>libri</span> <span class='ocrx_word' id='word_1_32' title='bbox 1083 793 1096 856; x_wconf 88' lang='lat' dir='ltr'>l</span> <span class='ocrx_word' id='word_1_33' title='bbox 1116 789 1255 880; x_wconf 73' lang='lat' dir='ltr'><strong><em>Diceret.)</em></strong></span> <span class='ocrx_word' id='word_1_34' title='bbox 1274 792 1445 881; x_wconf 85' lang='lat' dir='ltr'><strong><em>:Suppli-</em></strong></span> <span class='ocrx_word' id='word_1_35' title='bbox 1523 793 1524 796; x_wconf 73' lang='grc'>’</span> 
     </span>
    </p>
   </div>
   <div class='ocr_carea' id='block_1_4' title="bbox 296 897 1449 1310">
    <p class='ocr_par' dir='ltr' id='par_1_4' title="bbox 296 897 1449 1310">
     <span class='ocr_line' id='line_1_5' title="bbox 296 897 1448 989; baseline 0.002 -25"><span class='ocrx_word' id='word_1_36' title='bbox 296 919 350 964; x_wconf 91' lang='lat' dir='ltr'><strong><em>cas</em></strong></span> <span class='ocrx_word' id='word_1_37' title='bbox 366 897 550 989; x_wconf 79' lang='lat' dir='ltr'><strong><em>informari,</em></strong></span> <span class='ocrx_word' id='word_1_38' title='bbox 565 909 691 978; x_wconf 90' lang='lat' dir='ltr'><strong><em>utrum,</em></strong></span> <span class='ocrx_word' id='word_1_39' title='bbox 708 919 783 966; x_wconf 89' lang='lat' dir='ltr'><strong><em>cum</em></strong></span> <span class='ocrx_word' id='word_1_40' title='bbox 806 897 909 966; x_wconf 85' lang='lat' dir='ltr'><strong><em>tribus</em></strong></span> <span class='ocrx_word' id='word_1_41' title='bbox 927 920 1025 966; x_wconf 76' lang='lat' dir='ltr'><strong><em>carisa</em></strong></span> <span class='ocrx_word' id='word_1_42' title='bbox 1041 898 1268 980; x_wconf 88' lang='lat' dir='ltr'><strong><em>committitur,</em></strong></span> <span class='ocrx_word' id='word_1_43' title='bbox 1288 900 1337 968; x_wconf 89' lang='lat' dir='ltr'><strong><em>ita</em></strong></span> <span class='ocrx_word' id='word_1_44' title='bbox 1353 898 1448 989; x_wconf 84' lang='lat' dir='ltr'><strong><em>quod</em></strong></span> 
     </span>
     <span class='ocr_line' id='line_1_6' title="bbox 296 1003 1445 1096; baseline 0 -24"><span class='ocrx_word' id='word_1_45' title='bbox 296 1005 326 1072; x_wconf 88' lang='lat' dir='ltr'><strong><em>si</em></strong></span> <span class='ocrx_word' id='word_1_46' title='bbox 333 1027 443 1072; x_wconf 90' lang='lat' dir='ltr'><strong><em>amnes</em></strong></span> <span class='ocrx_word' id='word_1_47' title='bbox 452 1004 602 1072; x_wconf 87' lang='lat' dir='ltr'><strong><em>iuteresse</em></strong></span> <span class='ocrx_word' id='word_1_48' title='bbox 613 1003 825 1094; x_wconf 87' lang='lat' dir='ltr'><strong><em>nequiuerint,</em></strong></span> <span class='ocrx_word' id='word_1_49' title='bbox 839 1004 903 1072; x_wconf 90' lang='lat' dir='ltr'><strong><em>duo</em></strong></span> <span class='ocrx_word' id='word_1_50' title='bbox 916 1027 989 1072; x_wconf 92' lang='lat' dir='ltr'><strong><em>eum</em></strong></span> <span class='ocrx_word' id='word_1_51' title='bbox 999 1004 1212 1072; x_wconf 77' lang='lat' dir='ltr'><strong><em>nihilominus</em></strong></span> <span class='ocrx_word' id='word_1_52' title='bbox 1221 1019 1445 1096; x_wconf 72' lang='lat' dir='ltr'><strong><em>exequantur,</em></strong></span> 
     </span>
     <span class='ocr_line' id='line_1_7' title="bbox 298 1110 1448 1201; baseline 0.001 -22"><span class='ocrx_word' id='word_1_53' title='bbox 298 1112 328 1180; x_wconf 92' lang='lat' dir='ltr'><strong><em>si</em></strong></span> <span class='ocrx_word' id='word_1_54' title='bbox 341 1116 423 1178; x_wconf 81' lang='lat' dir='ltr'><strong><em>Reus</em></strong></span> <span class='ocrx_word' id='word_1_55' title='bbox 435 1135 456 1178; x_wconf 92' lang='lat' dir='ltr'><strong><em>a</em></strong></span> <span class='ocrx_word' id='word_1_56' title='bbox 469 1110 593 1179; x_wconf 78' lang='lat' dir='ltr'><strong><em>duobus</em></strong></span> <span class='ocrx_word' id='word_1_57' title='bbox 606 1123 737 1178; x_wconf 90' lang='lat' dir='ltr'><strong><em>tantum</em></strong></span> <span class='ocrx_word' id='word_1_58' title='bbox 749 1110 851 1201; x_wconf 80' lang='lat' dir='ltr'><strong><em>suerit</em></strong></span> <span class='ocrx_word' id='word_1_59' title='bbox 862 1122 1066 1192; x_wconf 83' lang='lat' dir='ltr'><strong><em>convocatus,</em></strong></span> <span class='ocrx_word' id='word_1_60' title='bbox 1082 1111 1190 1179; x_wconf 88' lang='lat' dir='ltr'><strong><em>uenire</em></strong></span> <span class='ocrx_word' id='word_1_61' title='bbox 1204 1113 1382 1180; x_wconf 87' lang='lat' dir='ltr'><strong><em>necessaria</em></strong></span> <span class='ocrx_word' id='word_1_62' title='bbox 1397 1125 1448 1180; x_wconf 89' lang='lat' dir='ltr'><strong><em>te-</em></strong></span> 
     </span>
     <span class='ocr_line' id='line_1_8' title="bbox 296 1217 1449 1310; baseline 0.001 -23"><span class='ocrx_word' id='word_1_63' title='bbox 296 1233 415 1287; x_wconf 90' lang='lat' dir='ltr'><strong><em>neatur</em></strong></span> <span class='ocrx_word' id='word_1_64' title='bbox 425 1246 435 1284; x_wconf 94' lang='grc'><strong><em>.·</em></strong></span> <span class='ocrx_word' id='word_1_65' title='bbox 445 1231 476 1286; x_wconf 88' lang='lat' dir='ltr'><strong><em>et</em></strong></span> <span class='ocrx_word' id='word_1_66' title='bbox 490 1218 520 1286; x_wconf 88' lang='lat' dir='ltr'><strong><em>si</em></strong></span> <span class='ocrx_word' id='word_1_67' title='bbox 532 1218 652 1288; x_wconf 86' lang='lat' dir='ltr'><strong><em>citatus</em></strong></span> <span class='ocrx_word' id='word_1_68' title='bbox 663 1241 684 1286; x_wconf 89' lang='lat' dir='ltr'><strong><em>a</em></strong></span> <span class='ocrx_word' id='word_1_69' title='bbox 694 1218 849 1310; x_wconf 86' lang='lat' dir='ltr'><strong><em>pluribus</em></strong></span> <span class='ocrx_word' id='word_1_70' title='bbox 860 1241 972 1286; x_wconf 88' lang='lat' dir='ltr'><strong><em>coram</em></strong></span> <span class='ocrx_word' id='word_1_71' title='bbox 987 1217 1111 1286; x_wconf 81' lang='lat' dir='ltr'><strong><em>duobus</em></strong></span> <span class='ocrx_word' id='word_1_72' title='bbox 1126 1220 1357 1310; x_wconf 86' lang='lat' dir='ltr'><strong><em>comparuerit,</em></strong></span> <span class='ocrx_word' id='word_1_73' title='bbox 1373 1233 1449 1288; x_wconf 85' lang='lat' dir='ltr'><strong><em>ter-</em></strong></span> 
     </span>
    </p>
   </div>
   <div class='ocr_carea' id='block_1_5' title="bbox 297 1325 1525 1416">
    <p class='ocr_par' dir='ltr' id='par_1_5' title="bbox 297 1325 1525 1416">
     <span class='ocr_line' id='line_1_9' title="bbox 297 1325 1525 1416; baseline 0.001 -23"><span class='ocrx_word' id='word_1_74' title='bbox 297 1327 342 1394; x_wconf 89' lang='lat' dir='ltr'><strong><em>tio</em></strong></span> <span class='ocrx_word' id='word_1_75' title='bbox 358 1348 415 1394; x_wconf 90' lang='lat' dir='ltr'><strong><em>nec</em></strong></span> <span class='ocrx_word' id='word_1_76' title='bbox 430 1325 573 1394; x_wconf 87' lang='lat' dir='ltr'><strong><em>ueniente</em></strong></span> <span class='ocrx_word' id='word_1_77' title='bbox 583 1347 644 1415; x_wconf 91' lang='lat' dir='ltr'><strong><em>per</em></strong></span> <span class='ocrx_word' id='word_1_78' title='bbox 657 1349 701 1406; x_wconf 93' lang='lat' dir='ltr'><strong><em>se,</em></strong></span> <span class='ocrx_word' id='word_1_79' title='bbox 719 1326 770 1393; x_wconf 88' lang='lat' dir='ltr'><strong><em>uel</em></strong></span> <span class='ocrx_word' id='word_1_80' title='bbox 780 1349 841 1416; x_wconf 87' lang='lat' dir='ltr'><strong><em>per</em></strong></span> <span class='ocrx_word' id='word_1_81' title='bbox 855 1325 981 1392; x_wconf 83' lang='lat' dir='ltr'><strong><em>litteras</em></strong></span> <span class='ocrx_word' id='word_1_82' title='bbox 997 1325 1047 1412; x_wconf 92' lang='lat' dir='ltr'><strong><em>(ut</em></strong></span> <span class='ocrx_word' id='word_1_83' title='bbox 1059 1327 1138 1393; x_wconf 84' lang='lat' dir='ltr'><strong><em>solet</em></strong></span> <span class='ocrx_word' id='word_1_84' title='bbox 1148 1325 1234 1416; x_wconf 70' lang='lat' dir='ltr'><strong><em>fiere]</em></strong></span> <span class='ocrx_word' id='word_1_85' title='bbox 1254 1339 1447 1408; x_wconf 74' lang='lat' dir='ltr'><em>excusante,</em></span> <span class='ocrx_word' id='word_1_86' title='bbox 1524 1329 1525 1332; x_wconf 69' lang='grc'>’</span> 
     </span>
    </p>
   </div>
   <div class='ocr_carea' id='block_1_6' title="bbox 295 1430 1451 1736">
    <p class='ocr_par' dir='ltr' id='par_1_6' title="bbox 295 1430 1451 1736">
     <span class='ocr_line' id='line_1_10' title="bbox 295 1430 1451 1523; baseline 0.002 -24"><span class='ocrx_word' id='word_1_87' title='bbox 295 1430 416 1500; x_wconf 82' lang='lat' dir='ltr'><strong><em>andus</em></strong></span> <span class='ocrx_word' id='word_1_88' title='bbox 431 1443 604 1523; x_wconf 72' lang='lat' dir='ltr'><strong><em>presentes</em></strong></span> <span class='ocrx_word' id='word_1_89' title='bbox 620 1432 655 1498; x_wconf 91' lang='lat' dir='ltr'><strong><em>in</em></strong></span> <span class='ocrx_word' id='word_1_90' title='bbox 671 1453 769 1498; x_wconf 88' lang='lat' dir='ltr'><strong><em>causo</em></strong></span> <span class='ocrx_word' id='word_1_91' title='bbox 782 1431 907 1521; x_wconf 91' lang='lat' dir='ltr'><strong><em>possint</em></strong></span> <span class='ocrx_word' id='word_1_92' title='bbox 926 1430 1112 1522; x_wconf 82' lang='lat' dir='ltr'><strong><em>procedere,</em></strong></span> <span class='ocrx_word' id='word_1_93' title='bbox 1136 1444 1166 1498; x_wconf 92' lang='lat' dir='ltr'><strong><em>et</em></strong></span> <span class='ocrx_word' id='word_1_94' title='bbox 1189 1453 1262 1498; x_wconf 88' lang='lat' dir='ltr'><strong><em>eom</em></strong></span> <span class='ocrx_word' id='word_1_95' title='bbox 1277 1434 1451 1501; x_wconf 78' lang='lat' dir='ltr'><strong><em>sentcntiae-</em></strong></span> 
     </span>
     <span class='ocr_line' id='line_1_11' title="bbox 296 1536 1449 1629; baseline 0.002 -23"><span class='ocrx_word' id='word_1_96' title='bbox 296 1539 419 1607; x_wconf 87' lang='lat' dir='ltr'><strong><em>colculo</em></strong></span> <span class='ocrx_word' id='word_1_97' title='bbox 435 1539 633 1606; x_wconf 88' lang='lat' dir='ltr'><strong><em>terminare?</em></strong></span> <span class='ocrx_word' id='word_1_98' title='bbox 645 1541 685 1605; x_wconf 82' lang='lat' dir='ltr'><strong><em>Iu</em></strong></span> <span class='ocrx_word' id='word_1_99' title='bbox 701 1539 760 1605; x_wconf 77' lang='lat' dir='ltr'><strong><em>tu</em></strong></span> <span class='ocrx_word' id='word_1_100' title='bbox 776 1561 852 1606; x_wconf 90' lang='lat' dir='ltr'><strong><em>casu</em></strong></span> <span class='ocrx_word' id='word_1_101' title='bbox 877 1538 988 1606; x_wconf 83' lang='lat' dir='ltr'><strong><em>taliter</em></strong></span> <span class='ocrx_word' id='word_1_102' title='bbox 1003 1536 1244 1628; x_wconf 81' lang='lat' dir='ltr'><strong><em>respondemus,</em></strong></span> <span class='ocrx_word' id='word_1_103' title='bbox 1262 1538 1449 1629; x_wconf 87' lang='lat' dir='ltr'><strong><em>quodcum</em></strong></span> 
     </span>
     <span class='ocr_line' id='line_1_12' title="bbox 296 1644 1450 1736; baseline 0 -22"><span class='ocrx_word' id='word_1_104' title='bbox 296 1646 416 1736; x_wconf 87' lang='lat' dir='ltr'><strong><em>uliquis</em></strong></span> <span class='ocrx_word' id='word_1_105' title='bbox 431 1645 653 1735; x_wconf 76' lang='lat' dir='ltr'><strong><em>delepatorum</em></strong></span> <span class='ocrx_word' id='word_1_106' title='bbox 666 1644 834 1736; x_wconf 86' lang='lat' dir='ltr'><strong><em>judicum,</em></strong></span> <span class='ocrx_word' id='word_1_107' title='bbox 848 1667 909 1736; x_wconf 87' lang='lat' dir='ltr'><strong><em>per</em></strong></span> <span class='ocrx_word' id='word_1_108' title='bbox 925 1657 1050 1712; x_wconf 90' lang='lat' dir='ltr'><strong><em>certum</em></strong></span> <span class='ocrx_word' id='word_1_109' title='bbox 1066 1645 1223 1712; x_wconf 90' lang='lat' dir='ltr'><strong><em>nuntium</em></strong></span> <span class='ocrx_word' id='word_1_110' title='bbox 1239 1646 1289 1714; x_wconf 89' lang='lat' dir='ltr'><strong><em>vel</em></strong></span> <span class='ocrx_word' id='word_1_111' title='bbox 1302 1669 1450 1714; x_wconf 77' lang='lat' dir='ltr'><strong><em>sumusn-</em></strong></span> 
     </span>
    </p>
   </div>
   <div class='ocr_carea' id='block_1_7' title="bbox 290 1751 1526 1953">
    <p class='ocr_par' dir='ltr' id='par_1_7' title="bbox 290 1751 1526 1953">
     <span class='ocr_line' id='line_1_13' title="bbox 297 1751 1526 1835; baseline 0.002 -15"><span class='ocrx_word' id='word_1_112' title='bbox 297 1767 401 1822; x_wconf 87' lang='lat' dir='ltr'><strong><em>torem</em></strong></span> <span class='ocrx_word' id='word_1_113' title='bbox 422 1752 616 1821; x_wconf 80' lang='lat' dir='ltr'><strong><em>litteratorie</em></strong></span> <span class='ocrx_word' id='word_1_114' title='bbox 640 1752 852 1835; x_wconf 88' lang='lat' dir='ltr'><strong><em>destinatum,</em></strong></span> <span class='ocrx_word' id='word_1_115' title='bbox 866 1775 932 1820; x_wconf 90' lang='lat' dir='ltr'><strong><em>uon</em></strong></span> <span class='ocrx_word' id='word_1_116' title='bbox 952 1751 1125 1820; x_wconf 85' lang='lat' dir='ltr'><strong><em>ostenderit</em></strong></span> <span class='ocrx_word' id='word_1_117' title='bbox 1148 1775 1180 1822; x_wconf 91' lang='lat' dir='ltr'><strong><em>se</em></strong></span> <span class='ocrx_word' id='word_1_118' title='bbox 1204 1753 1349 1820; x_wconf 85' lang='lat' dir='ltr'><strong><em>interesse</em></strong></span> <span class='ocrx_word' id='word_1_119' title='bbox 1374 1777 1449 1822; x_wconf 89' lang='lat' dir='ltr'><strong><em>uon</em></strong></span> <span class='ocrx_word' id='word_1_120' title='bbox 1525 1781 1526 1832; x_wconf 63' lang='lat' dir='ltr'><strong><em>t</em></strong></span> 
     </span>
     <span class='ocr_line' id='line_1_14' title="bbox 290 1859 1526 1953; baseline 0.001 -25"><span class='ocrx_word' id='word_1_121' title='bbox 290 1883 397 1953; x_wconf 83' lang='lat' dir='ltr'><strong><em>posse,</em></strong></span> <span class='ocrx_word' id='word_1_122' title='bbox 415 1861 465 1928; x_wconf 88' lang='lat' dir='ltr'><strong><em>vet</em></strong></span> <span class='ocrx_word' id='word_1_123' title='bbox 478 1861 562 1928; x_wconf 85' lang='lat' dir='ltr'><strong><em>atius</em></strong></span> <span class='ocrx_word' id='word_1_124' title='bbox 576 1859 615 1928; x_wconf 91' lang='lat' dir='ltr'><strong><em>de</em></strong></span> <span class='ocrx_word' id='word_1_125' title='bbox 630 1859 742 1929; x_wconf 89' lang='lat' dir='ltr'><strong><em>codem</em></strong></span> <span class='ocrx_word' id='word_1_126' title='bbox 756 1860 907 1928; x_wconf 89' lang='lat' dir='ltr'><strong><em>cononice</em></strong></span> <span class='ocrx_word' id='word_1_127' title='bbox 923 1872 1071 1928; x_wconf 84' lang='lat' dir='ltr'><strong><em>constare</em></strong></span> <span class='ocrx_word' id='word_1_128' title='bbox 1087 1883 1151 1928; x_wconf 91' lang='lat' dir='ltr'><strong><em>nan</em></strong></span> <span class='ocrx_word' id='word_1_129' title='bbox 1167 1861 1299 1949; x_wconf 84' lang='lat' dir='ltr'><strong><em>poterit,</em></strong></span> <span class='ocrx_word' id='word_1_130' title='bbox 1317 1861 1451 1930; x_wconf 81' lang='lat' dir='ltr'><strong><em>residui</em></strong></span> <span class='ocrx_word' id='word_1_131' title='bbox 1525 1871 1526 1914; x_wconf 71' lang='grc' dir='ltr'>ῑ</span> 
     </span>
    </p>
   </div>
   <div class='ocr_carea' id='block_1_8' title="bbox 293 1966 1450 2379">
    <p class='ocr_par' dir='ltr' id='par_1_8' title="bbox 293 1966 1450 2379">
     <span class='ocr_line' id='line_1_15' title="bbox 293 1966 1450 2060; baseline 0.004 -28"><span class='ocrx_word' id='word_1_132' title='bbox 293 1966 466 2060; x_wconf 86' lang='lat' dir='ltr'><strong><em>procedere</em></strong></span> <span class='ocrx_word' id='word_1_133' title='bbox 480 1967 526 2034; x_wconf 89' lang='lat' dir='ltr'><strong><em>ud</em></strong></span> <span class='ocrx_word' id='word_1_134' title='bbox 539 1989 644 2036; x_wconf 80' lang='lat' dir='ltr'><strong><em>cousce</em></strong></span> <span class='ocrx_word' id='word_1_135' title='bbox 660 1967 876 2058; x_wconf 80' lang='lat' dir='ltr'><strong><em>capnitionern</em></strong></span> <span class='ocrx_word' id='word_1_136' title='bbox 892 1990 958 2036; x_wconf 88' lang='lat' dir='ltr'><strong><em>nou</em></strong></span> <span class='ocrx_word' id='word_1_137' title='bbox 972 1966 1086 2034; x_wconf 85' lang='lat' dir='ltr'><strong><em>debent</em></strong></span> <span class='ocrx_word' id='word_1_138' title='bbox 1104 1995 1114 2034; x_wconf 94' lang='grc'><strong><em>.·</em></strong></span> <span class='ocrx_word' id='word_1_139' title='bbox 1130 1967 1218 2058; x_wconf 72' lang='lat' dir='ltr'><strong><em>quood</em></strong></span> <span class='ocrx_word' id='word_1_140' title='bbox 1237 1969 1450 2059; x_wconf 87' lang='lat' dir='ltr'><strong><em>siprocesse-</em></strong></span> 
     </span>
     <span class='ocr_line' id='line_1_16' title="bbox 296 2072 1450 2165; baseline 0.002 -23"><span class='ocrx_word' id='word_1_141' title='bbox 296 2079 376 2154; x_wconf 87' lang='lat' dir='ltr'><strong><em>rint,</em></strong></span> <span class='ocrx_word' id='word_1_142' title='bbox 395 2074 481 2142; x_wconf 78' lang='lat' dir='ltr'><strong><em>nihil</em></strong></span> <span class='ocrx_word' id='word_1_143' title='bbox 502 2075 742 2164; x_wconf 86' lang='lat' dir='ltr'><strong><em>reputabuntur</em></strong></span> <span class='ocrx_word' id='word_1_144' title='bbox 756 2074 863 2163; x_wconf 78' lang='lat' dir='ltr'><strong><em>episse.</em></strong></span> <span class='ocrx_word' id='word_1_145' title='bbox 882 2072 946 2142; x_wconf 84' lang='lat' dir='ltr'><strong><em>ttta</em></strong></span> <span class='ocrx_word' id='word_1_146' title='bbox 965 2073 1087 2165; x_wconf 82' lang='lat' dir='ltr'><strong><em>quippe</em></strong></span> <span class='ocrx_word' id='word_1_147' title='bbox 1105 2074 1172 2163; x_wconf 85' lang='lat' dir='ltr'><strong><em>fuit</em></strong></span> <span class='ocrx_word' id='word_1_148' title='bbox 1191 2075 1328 2165; x_wconf 84' lang='lat' dir='ltr'><strong><em>antiqno</em></strong></span> <span class='ocrx_word' id='word_1_149' title='bbox 1344 2075 1450 2144; x_wconf 86' lang='lat' dir='ltr'><strong><em>Sedis</em></strong></span> 
     </span>
     <span class='ocr_line' id='line_1_17' title="bbox 298 2179 1449 2272; baseline 0.002 -22"><span class='ocrx_word' id='word_1_150' title='bbox 298 2183 488 2272; x_wconf 84' lang='lat' dir='ltr'><strong><em>Apostolicee</em></strong></span> <span class='ocrx_word' id='word_1_151' title='bbox 503 2182 658 2272; x_wconf 87' lang='lat' dir='ltr'><strong><em>provisio,</em></strong></span> <span class='ocrx_word' id='word_1_152' title='bbox 677 2195 713 2250; x_wconf 88' lang='lat' dir='ltr'><strong><em>nt</em></strong></span> <span class='ocrx_word' id='word_1_153' title='bbox 727 2179 922 2272; x_wconf 77' lang='lat' dir='ltr'><strong><em>hujusmodi</em></strong></span> <span class='ocrx_word' id='word_1_154' title='bbox 941 2203 1118 2249; x_wconf 86' lang='lat' dir='ltr'><strong><em>causarum</em></strong></span> <span class='ocrx_word' id='word_1_155' title='bbox 1132 2181 1337 2270; x_wconf 76' lang='lat' dir='ltr'><strong><em>copnitiones‚</em></strong></span> <span class='ocrx_word' id='word_1_156' title='bbox 1353 2181 1449 2252; x_wconf 74' lang='lat' dir='ltr'><strong><em>deso-</em></strong></span> 
     </span>
     <span class='ocr_line' id='line_1_18' title="bbox 298 2285 1449 2379; baseline 0 -23"><span class='ocrx_word' id='word_1_157' title='bbox 298 2287 354 2356; x_wconf 85' lang='lat' dir='ltr'><strong><em>bus</em></strong></span> <span class='ocrx_word' id='word_1_158' title='bbox 370 2311 471 2379; x_wconf 88' lang='lat' dir='ltr'><strong><em>quom</em></strong></span> <span class='ocrx_word' id='word_1_159' title='bbox 487 2287 557 2372; x_wconf 90' lang='lat' dir='ltr'><strong><em>uni,</em></strong></span> <span class='ocrx_word' id='word_1_160' title='bbox 577 2287 679 2354; x_wconf 85' lang='lat' dir='ltr'><strong><em>tribus</em></strong></span> <span class='ocrx_word' id='word_1_161' title='bbox 694 2309 795 2377; x_wconf 84' lang='lat' dir='ltr'><strong><em>quam</em></strong></span> <span class='ocrx_word' id='word_1_162' title='bbox 809 2285 933 2354; x_wconf 83' lang='lat' dir='ltr'><strong><em>duobus</em></strong></span> <span class='ocrx_word' id='word_1_163' title='bbox 949 2287 1098 2355; x_wconf 84' lang='lat' dir='ltr'><strong><em>libentius</em></strong></span> <span class='ocrx_word' id='word_1_164' title='bbox 1120 2285 1322 2376; x_wconf 74' lang='lat' dir='ltr'><strong><em>deleporet...</em></strong></span> <span class='ocrx_word' id='word_1_165' title='bbox 1339 2291 1449 2356; x_wconf 81' lang='lat' dir='ltr'><strong><em>Man-</em></strong></span> 
     </span>
    </p>
   </div>
   <div class='ocr_carea' id='block_1_9' title="bbox 296 2393 1527 2486">
    <p class='ocr_par' dir='ltr' id='par_1_9' title="bbox 296 2393 1527 2486">
     <span class='ocr_line' id='line_1_19' title="bbox 296 2393 1527 2486; baseline 0.002 -23"><span class='ocrx_word' id='word_1_166' title='bbox 296 2395 369 2464; x_wconf 90' lang='lat' dir='ltr'><strong><em>dati</em></strong></span> <span class='ocrx_word' id='word_1_167' title='bbox 385 2393 545 2486; x_wconf 79' lang='lat' dir='ltr'><strong><em>siquidem</em></strong></span> <span class='ocrx_word' id='word_1_168' title='bbox 561 2393 709 2461; x_wconf 76' lang='lat' dir='ltr'><strong><em>excedere</em></strong></span> <span class='ocrx_word' id='word_1_169' title='bbox 726 2396 809 2484; x_wconf 82' lang='lat' dir='ltr'><strong><em>fines</em></strong></span> <span class='ocrx_word' id='word_1_170' title='bbox 827 2393 1035 2484; x_wconf 80' lang='lat' dir='ltr'><strong><em>probaretur,</em></strong></span> <span class='ocrx_word' id='word_1_171' title='bbox 1054 2393 1167 2483; x_wconf 85' lang='lat' dir='ltr'><strong><em>siquis</em></strong></span> <span class='ocrx_word' id='word_1_172' title='bbox 1190 2394 1272 2460; x_wconf 89' lang='lat' dir='ltr'><strong><em>citra</em></strong></span> <span class='ocrx_word' id='word_1_173' title='bbox 1292 2397 1450 2483; x_wconf 78' lang='lat' dir='ltr'><strong><em>sorruam</em></strong></span> <span class='ocrx_word' id='word_1_174' title='bbox 1526 2393 1527 2466; x_wconf 63' lang='lat' dir='ltr'><strong><em>i</em></strong></span> 
     </span>
    </p>
   </div>
   <div class='ocr_carea' id='block_1_10' title="bbox 296 2499 1449 2808">
    <p class='ocr_par' dir='ltr' id='par_1_10' title="bbox 296 2499 1449 2808">
     <span class='ocr_line' id='line_1_20' title="bbox 296 2499 1449 2594; baseline 0 -22"><span class='ocrx_word' id='word_1_175' title='bbox 296 2503 444 2594; x_wconf 84' lang='lat' dir='ltr'><strong><em>rescripti</em></strong></span> <span class='ocrx_word' id='word_1_176' title='bbox 453 2515 664 2594; x_wconf 70' lang='lat' dir='ltr'><strong><em>presumeret</em></strong></span> <span class='ocrx_word' id='word_1_177' title='bbox 675 2501 835 2590; x_wconf 87' lang='lat' dir='ltr'><strong><em>judicare.</em></strong></span> <span class='ocrx_word' id='word_1_178' title='bbox 850 2499 1032 2591; x_wconf 84' lang='lat' dir='ltr'><strong><em>Adjicimus</em></strong></span> <span class='ocrx_word' id='word_1_179' title='bbox 1048 2502 1149 2569; x_wconf 90' lang='lat' dir='ltr'><strong><em>etiam</em></strong></span> <span class='ocrx_word' id='word_1_180' title='bbox 1163 2501 1261 2592; x_wconf 79' lang='lat' dir='ltr'><strong><em>quod,</em></strong></span> <span class='ocrx_word' id='word_1_181' title='bbox 1275 2503 1449 2591; x_wconf 82' lang='lat' dir='ltr'><strong><em>ubifuerit</em></strong></span> 
     </span>
     <span class='ocr_line' id='line_1_21' title="bbox 297 2607 1448 2699; baseline -0.001 -20"><span class='ocrx_word' id='word_1_182' title='bbox 297 2612 333 2680; x_wconf 89' lang='lat' dir='ltr'><strong><em>in</em></strong></span> <span class='ocrx_word' id='word_1_183' title='bbox 353 2609 577 2678; x_wconf 89' lang='lat' dir='ltr'><strong><em>commissione</em></strong></span> <span class='ocrx_word' id='word_1_184' title='bbox 601 2609 801 2699; x_wconf 90' lang='lat' dir='ltr'><strong><em>oppositum,</em></strong></span> <span class='ocrx_word' id='word_1_185' title='bbox 821 2621 858 2676; x_wconf 90' lang='lat' dir='ltr'><strong><em>ut</em></strong></span> <span class='ocrx_word' id='word_1_186' title='bbox 879 2608 909 2675; x_wconf 90' lang='lat' dir='ltr'><strong><em>si</em></strong></span> <span class='ocrx_word' id='word_1_187' title='bbox 927 2630 1038 2675; x_wconf 85' lang='lat' dir='ltr'><strong><em>omnes</em></strong></span> <span class='ocrx_word' id='word_1_188' title='bbox 1056 2607 1206 2676; x_wconf 87' lang='lat' dir='ltr'><strong><em>interesse</em></strong></span> <span class='ocrx_word' id='word_1_189' title='bbox 1223 2609 1448 2698; x_wconf 85' lang='lat' dir='ltr'><strong><em>nequiuerint,</em></strong></span> 
     </span>
     <span class='ocr_line' id='line_1_22' title="bbox 297 2715 1449 2808; baseline -0.001 -22"><span class='ocrx_word' id='word_1_190' title='bbox 297 2717 362 2786; x_wconf 91' lang='lat' dir='ltr'><strong><em>duo</em></strong></span> <span class='ocrx_word' id='word_1_191' title='bbox 377 2739 451 2785; x_wconf 90' lang='lat' dir='ltr'><strong><em>eam</em></strong></span> <span class='ocrx_word' id='word_1_192' title='bbox 476 2715 690 2784; x_wconf 81' lang='lat' dir='ltr'><strong><em>nihilominus</em></strong></span> <span class='ocrx_word' id='word_1_193' title='bbox 709 2728 921 2806; x_wconf 74' lang='lat' dir='ltr'><strong><em>exequantur,</em></strong></span> <span class='ocrx_word' id='word_1_194' title='bbox 939 2716 968 2782; x_wconf 89' lang='lat' dir='ltr'><strong><em>si</em></strong></span> <span class='ocrx_word' id='word_1_195' title='bbox 982 2715 1053 2806; x_wconf 87' lang='lat' dir='ltr'><strong><em>quis</em></strong></span> <span class='ocrx_word' id='word_1_196' title='bbox 1071 2739 1110 2782; x_wconf 84' lang='lat' dir='ltr'><strong><em>ec</em></strong></span> <span class='ocrx_word' id='word_1_197' title='bbox 1131 2715 1219 2807; x_wconf 84' lang='lat' dir='ltr'><strong><em>ipsis,</em></strong></span> <span class='ocrx_word' id='word_1_198' title='bbox 1238 2739 1311 2784; x_wconf 90' lang='lat' dir='ltr'><strong><em>cum</em></strong></span> <span class='ocrx_word' id='word_1_199' title='bbox 1322 2720 1449 2808; x_wconf 89' lang='lat' dir='ltr'><strong><em>possit,</em></strong></span> 
     </span>
    </p>
   </div>
   <div class='ocr_carea' id='block_1_11' title="bbox 297 2797 1528 2913">
    <p class='ocr_par' dir='ltr' id='par_1_11' title="bbox 297 2797 1528 2913">
     <span class='ocr_line' id='line_1_23' title="bbox 297 2797 1528 2913; baseline -0.002 -19"><span class='ocrx_word' id='word_1_200' title='bbox 297 2824 438 2894; x_wconf 89' lang='lat' dir='ltr'><strong><em>noluerit</em></strong></span> <span class='ocrx_word' id='word_1_201' title='bbox 461 2824 621 2903; x_wconf 88' lang='lat' dir='ltr'><strong><em>interesse,</em></strong></span> <span class='ocrx_word' id='word_1_202' title='bbox 637 2821 702 2892; x_wconf 78' lang='lat' dir='ltr'><strong><em>dcta</em></strong></span> <span class='ocrx_word' id='word_1_203' title='bbox 727 2822 942 2891; x_wconf 77' lang='lat' dir='ltr'><strong><em>nihilominus</em></strong></span> <span class='ocrx_word' id='word_1_204' title='bbox 967 2823 1001 2890; x_wconf 88' lang='lat' dir='ltr'><strong><em>in</em></strong></span> <span class='ocrx_word' id='word_1_205' title='bbox 1023 2845 1123 2892; x_wconf 89' lang='lat' dir='ltr'><strong><em>cousa</em></strong></span> <span class='ocrx_word' id='word_1_206' title='bbox 1141 2823 1343 2913; x_wconf 88' lang='lat' dir='ltr'><strong><em>procedant,·</em></strong></span> <span class='ocrx_word' id='word_1_207' title='bbox 1366 2825 1451 2892; x_wconf 87' lang='lat' dir='ltr'><strong><em>licet</em></strong></span> <span class='ocrx_word' id='word_1_208' title='bbox 1527 2797 1528 2846; x_wconf 32' lang='grc' dir='ltr'>ἶ</span> 
     </span>
    </p>
   </div>
   <div class='ocr_carea' id='block_1_12' title="bbox 293 2928 1460 4307">
    <p class='ocr_par' dir='ltr' id='par_1_12' title="bbox 293 2928 1456 3450">
     <span class='ocr_line' id='line_1_24' title="bbox 297 2928 1452 3020; baseline -0.001 -20"><span class='ocrx_word' id='word_1_209' title='bbox 297 2932 352 3000; x_wconf 77' lang='lat' dir='ltr'><strong><em>itte</em></strong></span> <span class='ocrx_word' id='word_1_210' title='bbox 375 2931 489 3000; x_wconf 88' lang='lat' dir='ltr'><strong><em>tertius</em></strong></span> <span class='ocrx_word' id='word_1_211' title='bbox 509 2929 700 3019; x_wconf 75' lang='lat' dir='ltr'><strong><em>pravissime</em></strong></span> <span class='ocrx_word' id='word_1_212' title='bbox 719 2929 759 2996; x_wconf 91' lang='lat' dir='ltr'><strong><em>sit</em></strong></span> <span class='ocrx_word' id='word_1_213' title='bbox 785 2928 969 3020; x_wconf 75' lang='lat' dir='ltr'><strong><em>arquendus</em></strong></span> <span class='ocrx_word' id='word_1_214' title='bbox 989 2953 1052 3019; x_wconf 92' lang='lat' dir='ltr'><strong><em>pro</em></strong></span> <span class='ocrx_word' id='word_1_215' title='bbox 1072 2953 1108 2998; x_wconf 91' lang='lat' dir='ltr'><strong><em>eo</em></strong></span> <span class='ocrx_word' id='word_1_216' title='bbox 1130 2929 1219 3020; x_wconf 86' lang='lat' dir='ltr'><strong><em>quod</em></strong></span> <span class='ocrx_word' id='word_1_217' title='bbox 1243 2929 1452 3000; x_wconf 89' lang='lat' dir='ltr'><strong><em>mandatum</em></strong></span> 
     </span>
     <span class='ocr_line' id='line_1_25' title="bbox 297 3035 1454 3132; baseline -0.003 -24"><span class='ocrx_word' id='word_1_218' title='bbox 297 3039 513 3132; x_wconf 86' lang='lat' dir='ltr'><strong><em>apostolicum</em></strong></span> <span class='ocrx_word' id='word_1_219' title='bbox 532 3036 648 3128; x_wconf 76' lang='lat' dir='ltr'><strong><em>eccequi</em></strong></span> <span class='ocrx_word' id='word_1_220' title='bbox 666 3035 883 3127; x_wconf 73' lang='lat' dir='ltr'><strong><em>subterfupint</em></strong></span> <span class='ocrx_word' id='word_1_221' title='bbox 905 3050 964 3105; x_wconf 88' lang='lat' dir='ltr'><strong><em>aut</em></strong></span> <span class='ocrx_word' id='word_1_222' title='bbox 987 3050 1184 3106; x_wconf 91' lang='lat' dir='ltr'><strong><em>contemnat.</em></strong></span> <span class='ocrx_word' id='word_1_223' title='bbox 1205 3035 1294 3105; x_wconf 90' lang='lat' dir='ltr'><strong><em>Idem</em></strong></span> <span class='ocrx_word' id='word_1_224' title='bbox 1314 3061 1454 3129; x_wconf 81' lang='lat' dir='ltr'><strong><em>quaque</em></strong></span> 
     </span>
     <span class='ocr_line' id='line_1_26' title="bbox 293 3142 1455 3238; baseline -0.001 -23"><span class='ocrx_word' id='word_1_225' title='bbox 293 3146 491 3238; x_wconf 88' lang='lat' dir='ltr'><strong><em>peremnia</em></strong></span> <span class='ocrx_word' id='word_1_226' title='bbox 518 3144 656 3214; x_wconf 90' lang='lat' dir='ltr'><strong><em>dicimus</em></strong></span> <span class='ocrx_word' id='word_1_227' title='bbox 678 3142 916 3212; x_wconf 83' lang='lat' dir='ltr'><strong><em>obseruandum</em></strong></span> <span class='ocrx_word' id='word_1_228' title='bbox 937 3145 972 3212; x_wconf 87' lang='lat' dir='ltr'><strong><em>in</em></strong></span> <span class='ocrx_word' id='word_1_229' title='bbox 995 3167 1094 3212; x_wconf 74' lang='lat' dir='ltr'><strong><em>carisa</em></strong></span> <span class='ocrx_word' id='word_1_230' title='bbox 1122 3166 1194 3234; x_wconf 75' lang='lat' dir='ltr'><strong><em>quse</em></strong></span> <span class='ocrx_word' id='word_1_231' title='bbox 1224 3145 1455 3214; x_wconf 86' lang='lat' dir='ltr'><strong><em>committitur</em></strong></span> 
     </span>
     <span class='ocr_line' id='line_1_27' title="bbox 300 3250 1456 3344; baseline 0 -22"><span class='ocrx_word' id='word_1_232' title='bbox 300 3253 494 3334; x_wconf 68' lang='lat' dir='ltr'><strong><em>dunhusen</em></strong></span> <span class='ocrx_word' id='word_1_233' title='bbox 519 3251 741 3344; x_wconf 86' lang='lat' dir='ltr'><strong><em>apposito,ut</em></strong></span> <span class='ocrx_word' id='word_1_234' title='bbox 767 3251 795 3318; x_wconf 88' lang='lat' dir='ltr'><strong><em>si</em></strong></span> <span class='ocrx_word' id='word_1_235' title='bbox 820 3250 916 3319; x_wconf 83' lang='lat' dir='ltr'><strong><em>ambo</em></strong></span> <span class='ocrx_word' id='word_1_236' title='bbox 945 3251 1094 3319; x_wconf 88' lang='lat' dir='ltr'><strong><em>interesse</em></strong></span> <span class='ocrx_word' id='word_1_237' title='bbox 1121 3251 1332 3342; x_wconf 85' lang='lat' dir='ltr'><strong><em>nequiuerint,</em></strong></span> <span class='ocrx_word' id='word_1_238' title='bbox 1357 3255 1456 3322; x_wconf 87' lang='lat' dir='ltr'><strong><em>alter</em></strong></span> 
     </span>
     <span class='ocr_line' id='line_1_28' title="bbox 300 3360 718 3450; baseline -0.007 -21"><span class='ocrx_word' id='word_1_239' title='bbox 300 3360 512 3430; x_wconf 81' lang='lat' dir='ltr'><strong><em>nihilominus</em></strong></span> <span class='ocrx_word' id='word_1_240' title='bbox 527 3371 718 3450; x_wconf 76' lang='lat' dir='ltr'><strong><em>exequatur.</em></strong></span> 
     </span>
    </p>

    <p class='ocr_par' dir='ltr' id='par_1_13' title="bbox 300 3465 1457 3644">
     <span class='ocr_line' id='line_1_29' title="bbox 344 3465 1457 3558; baseline 0.002 -22"><span class='ocrx_word' id='word_1_241' title='bbox 344 3470 395 3537; x_wconf 84' lang='lat' dir='ltr'><strong><em>Ex</em></strong></span> <span class='ocrx_word' id='word_1_242' title='bbox 421 3467 524 3536; x_wconf 77' lang='lat' dir='ltr'><strong><em>citatis</em></strong></span> <span class='ocrx_word' id='word_1_243' title='bbox 549 3468 693 3538; x_wconf 79' lang='lat' dir='ltr'><strong><em>textibus</em></strong></span> <span class='ocrx_word' id='word_1_244' title='bbox 720 3468 867 3558; x_wconf 85' lang='lat' dir='ltr'><strong><em>seqnitur</em></strong></span> <span class='ocrx_word' id='word_1_245' title='bbox 891 3466 1050 3558; x_wconf 83' lang='lat' dir='ltr'><strong><em>triplicem</em></strong></span> <span class='ocrx_word' id='word_1_246' title='bbox 1081 3465 1347 3556; x_wconf 79' lang='lat' dir='ltr'><strong><em>distinguendum</em></strong></span> <span class='ocrx_word' id='word_1_247' title='bbox 1372 3490 1457 3538; x_wconf 85' lang='lat' dir='ltr'><strong><em>esse</em></strong></span> 
     </span>
     <span class='ocr_line' id='line_1_30' title="bbox 300 3599 437 3644; baseline -0.015 0"><span class='ocrx_word' id='word_1_248' title='bbox 300 3599 437 3644; x_wconf 82' lang='lat' dir='ltr'><strong><em>casnm:</em></strong></span> 
     </span>
    </p>

    <p class='ocr_par' dir='ltr' id='par_1_14' title="bbox 298 3681 1460 4307">
     <span class='ocr_line' id='line_1_31' title="bbox 343 3681 1457 3765; baseline 0 -14"><span class='ocrx_word' id='word_1_249' title='bbox 343 3683 469 3765; x_wconf 86' lang='lat' dir='ltr'><strong><em>Primo,</em></strong></span> <span class='ocrx_word' id='word_1_250' title='bbox 479 3703 573 3749; x_wconf 82' lang='lat' dir='ltr'><strong><em>casus</em></strong></span> <span class='ocrx_word' id='word_1_251' title='bbox 582 3681 733 3750; x_wconf 82' lang='lat' dir='ltr'><strong><em>iormulae</em></strong></span> <span class='ocrx_word' id='word_1_252' title='bbox 746 3694 783 3750; x_wconf 91' lang='lat' dir='ltr'><strong><em>ut</em></strong></span> <span class='ocrx_word' id='word_1_253' title='bbox 796 3704 904 3752; x_wconf 88' lang='lat' dir='ltr'><strong><em>omnes</em></strong></span> <span class='ocrx_word' id='word_1_254' title='bbox 914 3693 972 3750; x_wconf 89' lang='lat' dir='ltr'><strong><em>out</em></strong></span> <span class='ocrx_word' id='word_1_255' title='bbox 987 3681 1052 3750; x_wconf 89' lang='lat' dir='ltr'><strong><em>duo</em></strong></span> <span class='ocrx_word' id='word_1_256' title='bbox 1063 3682 1114 3750; x_wconf 86' lang='lat' dir='ltr'><strong><em>uel</em></strong></span> <span class='ocrx_word' id='word_1_257' title='bbox 1123 3703 1208 3749; x_wconf 88' lang='lat' dir='ltr'><strong><em>unus</em></strong></span> <span class='ocrx_word' id='word_1_258' title='bbox 1218 3702 1332 3748; x_wconf 85' lang='lat' dir='ltr'><strong><em>earum</em></strong></span> <span class='ocrx_word' id='word_1_259' title='bbox 1345 3703 1457 3752; x_wconf 85' lang='lat' dir='ltr'><strong><em>man-</em></strong></span> 
     </span>
     <span class='ocr_line' id='line_1_32' title="bbox 298 3787 1458 3880; baseline 0.002 -22"><span class='ocrx_word' id='word_1_260' title='bbox 298 3789 415 3859; x_wconf 89' lang='lat' dir='ltr'><strong><em>datum</em></strong></span> <span class='ocrx_word' id='word_1_261' title='bbox 429 3787 645 3880; x_wconf 88' lang='lat' dir='ltr'><strong><em>apostolicum</em></strong></span> <span class='ocrx_word' id='word_1_262' title='bbox 664 3803 876 3878; x_wconf 81' lang='lat' dir='ltr'><strong><em>ecequantur.</em></strong></span> <span class='ocrx_word' id='word_1_263' title='bbox 893 3787 1031 3871; x_wconf 77' lang='lat' dir='ltr'><strong><em>Quando</em></strong></span> <span class='ocrx_word' id='word_1_264' title='bbox 1045 3787 1116 3856; x_wconf 80' lang='lat' dir='ltr'><strong><em>haec</em></strong></span> <span class='ocrx_word' id='word_1_265' title='bbox 1132 3787 1274 3857; x_wconf 84' lang='lat' dir='ltr'><strong><em>formula</em></strong></span> <span class='ocrx_word' id='word_1_266' title='bbox 1291 3788 1458 3860; x_wconf 83' lang='lat' dir='ltr'><strong><em>mandato</em></strong></span> 
     </span>
     <span class='ocr_line' id='line_1_33' title="bbox 299 3893 1459 3987; baseline 0.001 -20"><span class='ocrx_word' id='word_1_267' title='bbox 299 3899 466 3982; x_wconf 87' lang='lat' dir='ltr'><strong><em>inseritur,</em></strong></span> <span class='ocrx_word' id='word_1_268' title='bbox 482 3897 614 3985; x_wconf 84' lang='lat' dir='ltr'><strong><em>signum</em></strong></span> <span class='ocrx_word' id='word_1_269' title='bbox 627 3904 675 3964; x_wconf 84' lang='lat' dir='ltr'><strong><em>est</em></strong></span> <span class='ocrx_word' id='word_1_270' title='bbox 688 3894 851 3986; x_wconf 81' lang='lat' dir='ltr'><strong><em>delegatos</em></strong></span> <span class='ocrx_word' id='word_1_271' title='bbox 865 3896 1015 3987; x_wconf 86' lang='lat' dir='ltr'><strong><em>deputari</em></strong></span> <span class='ocrx_word' id='word_1_272' title='bbox 1030 3895 1066 3964; x_wconf 87' lang='lat' dir='ltr'><strong><em>in</em></strong></span> <span class='ocrx_word' id='word_1_273' title='bbox 1085 3893 1238 3962; x_wconf 87' lang='lat' dir='ltr'><strong><em>solidum.</em></strong></span> <span class='ocrx_word' id='word_1_274' title='bbox 1257 3895 1351 3963; x_wconf 88' lang='lat' dir='ltr'><strong><em>Tunc</em></strong></span> <span class='ocrx_word' id='word_1_275' title='bbox 1367 3919 1459 3968; x_wconf 85' lang='lat' dir='ltr'><strong><em>vero</em></strong></span> 
     </span>
     <span class='ocr_line' id='line_1_34' title="bbox 300 4001 1460 4094; baseline 0 -20"><span class='ocrx_word' id='word_1_276' title='bbox 300 4003 397 4074; x_wconf 85' lang='lat' dir='ltr'><strong><em>datur</em></strong></span> <span class='ocrx_word' id='word_1_277' title='bbox 409 4004 499 4074; x_wconf 88' lang='lat' dir='ltr'><strong><em>locus</em></strong></span> <span class='ocrx_word' id='word_1_278' title='bbox 524 4001 752 4094; x_wconf 83' lang='lat' dir='ltr'><strong><em>praeventioni,</em></strong></span> <span class='ocrx_word' id='word_1_279' title='bbox 771 4002 814 4070; x_wconf 85' lang='lat' dir='ltr'><strong><em>itu</em></strong></span> <span class='ocrx_word' id='word_1_280' title='bbox 829 4010 867 4070; x_wconf 91' lang='lat' dir='ltr'><strong><em>nt</em></strong></span> <span class='ocrx_word' id='word_1_281' title='bbox 890 4003 916 4070; x_wconf 92' lang='lat' dir='ltr'><strong><em>si</em></strong></span> <span class='ocrx_word' id='word_1_282' title='bbox 941 4024 1026 4070; x_wconf 81' lang='lat' dir='ltr'><strong><em>nnus</em></strong></span> <span class='ocrx_word' id='word_1_283' title='bbox 1045 4002 1085 4070; x_wconf 86' lang='lat' dir='ltr'><strong><em>de</em></strong></span> <span class='ocrx_word' id='word_1_284' title='bbox 1110 4023 1206 4069; x_wconf 82' lang='lat' dir='ltr'><strong><em>cansa</em></strong></span> <span class='ocrx_word' id='word_1_285' title='bbox 1226 4001 1296 4070; x_wconf 84' lang='lat' dir='ltr'><strong><em>sine</em></strong></span> <span class='ocrx_word' id='word_1_286' title='bbox 1315 4007 1460 4074; x_wconf 78' lang='lat' dir='ltr'><strong><em>caeteris</em></strong></span> 
     </span>
     <span class='ocr_line' id='line_1_35' title="bbox 299 4108 1459 4201; baseline 0.002 -21"><span class='ocrx_word' id='word_1_287' title='bbox 299 4133 491 4200; x_wconf 82' lang='lat' dir='ltr'><strong><em>cognoscere</em></strong></span> <span class='ocrx_word' id='word_1_288' title='bbox 521 4110 665 4201; x_wconf 88' lang='lat' dir='ltr'><strong><em>ooeperit,</em></strong></span> <span class='ocrx_word' id='word_1_289' title='bbox 698 4108 755 4178; x_wconf 80' lang='lat' dir='ltr'><strong><em>alii</em></strong></span> <span class='ocrx_word' id='word_1_290' title='bbox 786 4131 819 4177; x_wconf 87' lang='lat' dir='ltr'><strong><em>se</em></strong></span> <span class='ocrx_word' id='word_1_291' title='bbox 851 4109 1068 4179; x_wconf 72' lang='lat' dir='ltr'><strong><em>intromittere</em></strong></span> <span class='ocrx_word' id='word_1_292' title='bbox 1103 4117 1276 4199; x_wconf 79' lang='lat' dir='ltr'><strong><em>nequeant.</em></strong></span> <span class='ocrx_word' id='word_1_293' title='bbox 1308 4109 1459 4182; x_wconf 86' lang='lat' dir='ltr'><strong><em>Possent</em></strong></span> 
     </span>
     <span class='ocr_line' id='line_1_36' title="bbox 298 4215 1459 4307; baseline 0.002 -19"><span class='ocrx_word' id='word_1_294' title='bbox 298 4226 423 4288; x_wconf 81' lang='lat' dir='ltr'><strong><em>tentum</em></strong></span> <span class='ocrx_word' id='word_1_295' title='bbox 453 4240 486 4286; x_wconf 87' lang='lat' dir='ltr'><strong><em>se</em></strong></span> <span class='ocrx_word' id='word_1_296' title='bbox 512 4217 739 4304; x_wconf 86' lang='lat' dir='ltr'><strong><em>intromittere,</em></strong></span> <span class='ocrx_word' id='word_1_297' title='bbox 765 4215 793 4284; x_wconf 86' lang='lat' dir='ltr'><strong><em>si</em></strong></span> <span class='ocrx_word' id='word_1_298' title='bbox 816 4216 869 4286; x_wconf 87' lang='lat' dir='ltr'><strong><em>ille</em></strong></span> <span class='ocrx_word' id='word_1_299' title='bbox 889 4217 946 4307; x_wconf 89' lang='lat' dir='ltr'><strong><em>qni</em></strong></span> <span class='ocrx_word' id='word_1_300' title='bbox 970 4217 1061 4306; x_wconf 86' lang='lat' dir='ltr'><strong><em>prius</em></strong></span> <span class='ocrx_word' id='word_1_301' title='bbox 1085 4238 1215 4286; x_wconf 81' lang='lat' dir='ltr'><strong><em>causum</em></strong></span> <span class='ocrx_word' id='word_1_302' title='bbox 1245 4237 1459 4306; x_wconf 80' lang='lat' dir='ltr'><strong><em>cognoscere</em></strong></span> 
     </span>
    </p>
   </div>
   <div class='ocr_carea' id='block_1_13' title="bbox 0 0 1541 4968">
    <p class='ocr_par' dir='ltr' id='par_1_15' title="bbox 0 0 1541 4968">
     <span class='ocr_line' id='line_1_37' title="bbox 0 0 1541 4968; baseline 0 0"><span class='ocrx_word' id='word_1_303' title='bbox 0 0 1541 4968; x_wconf 95' lang='lat' dir='ltr'><strong><em> </em></strong></span> 
     </span>
    </p>
   </div>
  </div>
 </body>
</html>
