<?xml version="1.0" encoding="UTF-8"?>
<!DOCTYPE html PUBLIC "-//W3C//DTD XHTML 1.0 Transitional//EN"
    "http://www.w3.org/TR/xhtml1/DTD/xhtml1-transitional.dtd">
<html xmlns="http://www.w3.org/1999/xhtml" xml:lang="en" lang="en">
 <head>
  <title>
</title>
<meta http-equiv="Content-Type" content="text/html;charset=utf-8" />
  <meta name='ocr-system' content='tesseract 3.04.00' />
  <meta name='ocr-capabilities' content='ocr_page ocr_carea ocr_par ocr_line ocrx_word'/>
</head>
<body>
  <div class='ocr_page' id='page_1' title='image "./tractatusdejudi01goog_0163.png"; bbox 0 0 3046 4968; ppageno 0'>
   <div class='ocr_carea' id='block_1_1' title="bbox 235 427 1031 492">
    <p class='ocr_par' dir='ltr' id='par_1_1' title="bbox 235 427 1031 492">
     <span class='ocr_line' id='line_1_1' title="bbox 235 427 1031 492; baseline -0.005 0"><span class='ocrx_word' id='word_1_1' title='bbox 235 477 240 484; x_wconf 91' lang='lat'>.</span> <span class='ocrx_word' id='word_1_2' title='bbox 267 427 328 492; x_wconf 78' lang='lat'>152</span> <span class='ocrx_word' id='word_1_3' title='bbox 638 444 812 490; x_wconf 79' lang='lat' dir='ltr'>rancrnrns</span> <span class='ocrx_word' id='word_1_4' title='bbox 835 445 873 490; x_wconf 83' lang='lat' dir='ltr'>ne</span> <span class='ocrx_word' id='word_1_5' title='bbox 896 441 1031 489; x_wconf 80' lang='lat' dir='ltr'>nrnrcns.</span> 
     </span>
    </p>
   </div>
   <div class='ocr_carea' id='block_1_2' title="bbox 261 563 1412 2159">
    <p class='ocr_par' dir='ltr' id='par_1_2' title="bbox 261 563 1412 1707">
     <span class='ocr_line' id='line_1_2' title="bbox 263 563 1412 661; baseline -0.008 -23"><span class='ocrx_word' id='word_1_6' title='bbox 263 569 334 638; x_wconf 88' lang='lat' dir='ltr'>aliis</span> <span class='ocrx_word' id='word_1_7' title='bbox 348 567 527 661; x_wconf 87' lang='lat' dir='ltr'>judicandi.</span> <span class='ocrx_word' id='word_1_8' title='bbox 545 566 640 636; x_wconf 83' lang='lat' dir='ltr'>Unde</span> <span class='ocrx_word' id='word_1_9' title='bbox 655 567 682 634; x_wconf 89' lang='lat' dir='ltr'>si</span> <span class='ocrx_word' id='word_1_10' title='bbox 694 587 780 635; x_wconf 88' lang='lat' dir='ltr'>unus</span> <span class='ocrx_word' id='word_1_11' title='bbox 796 565 890 654; x_wconf 88' lang='lat' dir='ltr'>absit,</span> <span class='ocrx_word' id='word_1_12' title='bbox 907 564 1060 658; x_wconf 85' lang='lat' dir='ltr'>quamvis</span> <span class='ocrx_word' id='word_1_13' title='bbox 1072 564 1216 656; x_wconf 78' lang='lat' dir='ltr'>legitime</span> <span class='ocrx_word' id='word_1_14' title='bbox 1231 563 1412 656; x_wconf 88' lang='lat' dir='ltr'>impeditus</span> 
     </span>
     <span class='ocr_line' id='line_1_3' title="bbox 261 671 1405 764; baseline -0.003 -22"><span class='ocrx_word' id='word_1_15' title='bbox 261 677 314 744; x_wconf 87' lang='lat' dir='ltr'>vel</span> <span class='ocrx_word' id='word_1_16' title='bbox 341 677 436 744; x_wconf 87' lang='lat' dir='ltr'>etiam</span> <span class='ocrx_word' id='word_1_17' title='bbox 464 683 565 744; x_wconf 88' lang='lat' dir='ltr'>morte</span> <span class='ocrx_word' id='word_1_18' title='bbox 588 673 747 758; x_wconf 85' lang='lat' dir='ltr'>sublatus,</span> <span class='ocrx_word' id='word_1_19' title='bbox 764 673 874 742; x_wconf 74' lang='lat' dir='ltr'>caeteri</span> <span class='ocrx_word' id='word_1_20' title='bbox 895 671 1002 741; x_wconf 82' lang='lat' dir='ltr'>valide</span> <span class='ocrx_word' id='word_1_21' title='bbox 1027 672 1201 764; x_wconf 75' lang='lat' dir='ltr'>procedere</span> <span class='ocrx_word' id='word_1_22' title='bbox 1226 681 1405 764; x_wconf 87' lang='lat' dir='ltr'>nequeunt.</span> 
     </span>
     <span class='ocr_line' id='line_1_4' title="bbox 263 779 1411 872; baseline -0.004 -22"><span class='ocrx_word' id='word_1_23' title='bbox 263 784 342 850; x_wconf 89' lang='lat' dir='ltr'>Item</span> <span class='ocrx_word' id='word_1_24' title='bbox 369 791 446 850; x_wconf 90' lang='lat' dir='ltr'>tnnc</span> <span class='ocrx_word' id='word_1_25' title='bbox 472 789 646 850; x_wconf 75' lang='lat' dir='ltr'><strong>censentur</strong></span> <span class='ocrx_word' id='word_1_26' title='bbox 669 780 817 872; x_wconf 89' lang='lat' dir='ltr'>deputari</span> <span class='ocrx_word' id='word_1_27' title='bbox 842 779 1066 871; x_wconf 76' lang='lat' dir='ltr'>colleqiatiter,</span> <span class='ocrx_word' id='word_1_28' title='bbox 1094 781 1138 847; x_wconf 91' lang='lat' dir='ltr'>ita</span> <span class='ocrx_word' id='word_1_29' title='bbox 1165 788 1203 847; x_wconf 94' lang='lat' dir='ltr'>nt</span> <span class='ocrx_word' id='word_1_30' title='bbox 1228 801 1343 871; x_wconf 81' lang='lat' dir='ltr'>nempe</span> <span class='ocrx_word' id='word_1_31' title='bbox 1369 799 1411 845; x_wconf 81' lang='lat' dir='ltr'>ea</span> 
     </span>
     <span class='ocr_line' id='line_1_5' title="bbox 263 885 1409 978; baseline -0.003 -22"><span class='ocrx_word' id='word_1_32' title='bbox 263 889 418 957; x_wconf 88' lang='lat' dir='ltr'>sententia</span> <span class='ocrx_word' id='word_1_33' title='bbox 439 889 556 974; x_wconf 87' lang='lat' dir='ltr'>valeat,</span> <span class='ocrx_word' id='word_1_34' title='bbox 577 887 630 955; x_wconf 90' lang='lat' dir='ltr'>cui</span> <span class='ocrx_word' id='word_1_35' title='bbox 653 886 758 978; x_wconf 89' lang='lat' dir='ltr'>major</span> <span class='ocrx_word' id='word_1_36' title='bbox 781 910 857 978; x_wconf 90' lang='lat' dir='ltr'>pars</span> <span class='ocrx_word' id='word_1_37' title='bbox 879 909 993 956; x_wconf 90' lang='lat' dir='ltr'>eorum</span> <span class='ocrx_word' id='word_1_38' title='bbox 1016 886 1174 956; x_wconf 76' lang='lat' dir='ltr'>adhaeret.</span> <span class='ocrx_word' id='word_1_39' title='bbox 1192 887 1277 954; x_wconf 88' lang='lat' dir='ltr'>Hinc</span> <span class='ocrx_word' id='word_1_40' title='bbox 1291 887 1318 954; x_wconf 91' lang='lat' dir='ltr'>si</span> <span class='ocrx_word' id='word_1_41' title='bbox 1336 885 1409 953; x_wconf 86' lang='lat' dir='ltr'>dis-</span> 
     </span>
     <span class='ocr_line' id='line_1_6' title="bbox 265 994 1407 1087; baseline -0.002 -25"><span class='ocrx_word' id='word_1_42' title='bbox 265 997 415 1083; x_wconf 87' lang='lat' dir='ltr'>sentiant,</span> <span class='ocrx_word' id='word_1_43' title='bbox 440 1004 472 1064; x_wconf 91' lang='lat' dir='ltr'>et</span> <span class='ocrx_word' id='word_1_44' title='bbox 493 996 646 1087; x_wconf 90' lang='lat' dir='ltr'>utrinque</span> <span class='ocrx_word' id='word_1_45' title='bbox 661 994 795 1087; x_wconf 80' lang='lat' dir='ltr'>aequalis</span> <span class='ocrx_word' id='word_1_46' title='bbox 810 1003 872 1064; x_wconf 89' lang='lat' dir='ltr'>stet</span> <span class='ocrx_word' id='word_1_47' title='bbox 893 1017 1064 1082; x_wconf 80' lang='lat' dir='ltr'>numerus,</span> <span class='ocrx_word' id='word_1_48' title='bbox 1081 994 1167 1062; x_wconf 90' lang='lat' dir='ltr'>nibil</span> <span class='ocrx_word' id='word_1_49' title='bbox 1180 994 1407 1080; x_wconf 82' lang='lat' dir='ltr'>concludetur,</span> 
     </span>
     <span class='ocr_line' id='line_1_7' title="bbox 262 1102 1411 1194; baseline -0.001 -23"><span class='ocrx_word' id='word_1_50' title='bbox 262 1104 355 1172; x_wconf 85' lang='lat' dir='ltr'>etad</span> <span class='ocrx_word' id='word_1_51' title='bbox 384 1103 585 1194; x_wconf 79' lang='lat' dir='ltr'>delegantem</span> <span class='ocrx_word' id='word_1_52' title='bbox 610 1102 845 1172; x_wconf 87' lang='lat' dir='ltr'>recurrendum</span> <span class='ocrx_word' id='word_1_53' title='bbox 873 1103 946 1170; x_wconf 90' lang='lat' dir='ltr'>erit.</span> <span class='ocrx_word' id='word_1_54' title='bbox 977 1104 1058 1186; x_wconf 80' lang='lat' dir='ltr'>Quae</span> <span class='ocrx_word' id='word_1_55' title='bbox 1088 1103 1198 1172; x_wconf 88' lang='lat' dir='ltr'>omnia</span> <span class='ocrx_word' id='word_1_56' title='bbox 1225 1109 1411 1194; x_wconf 88' lang='lat' dir='ltr'>sequuntur</span> 
     </span>
     <span class='ocr_line' id='line_1_8' title="bbox 263 1207 1410 1302; baseline -0.003 -22"><span class='ocrx_word' id='word_1_57' title='bbox 263 1233 303 1280; x_wconf 84' lang='lat' dir='ltr'>ex</span> <span class='ocrx_word' id='word_1_58' title='bbox 329 1212 425 1280; x_wconf 85' lang='lat' dir='ltr'>citata</span> <span class='ocrx_word' id='word_1_59' title='bbox 449 1211 599 1280; x_wconf 74' lang='lat' dir='ltr'>decretali</span> <span class='ocrx_word' id='word_1_60' title='bbox 628 1213 781 1292; x_wconf 82' lang='lat' dir='ltr'>Comum,</span> <span class='ocrx_word' id='word_1_61' title='bbox 813 1211 847 1277; x_wconf 91' lang='lat' dir='ltr'>in</span> <span class='ocrx_word' id='word_1_62' title='bbox 876 1231 942 1302; x_wconf 86' lang='lat' dir='ltr'>qna</span> <span class='ocrx_word' id='word_1_63' title='bbox 966 1207 1175 1301; x_wconf 85' lang='lat' dir='ltr'>disponitur:</span> <span class='ocrx_word' id='word_1_64' title='bbox 1197 1210 1282 1278; x_wconf 82' lang='lat' dir='ltr'>Cum</span> <span class='ocrx_word' id='word_1_65' title='bbox 1305 1231 1410 1277; x_wconf 83' lang='lat' dir='ltr'>causa</span> 
     </span>
     <span class='ocr_line' id='line_1_9' title="bbox 263 1315 1408 1399; baseline -0.003 -13"><span class='ocrx_word' id='word_1_66' title='bbox 263 1317 388 1386; x_wconf 86' lang='lat' dir='ltr'>duobus</span> <span class='ocrx_word' id='word_1_67' title='bbox 412 1318 643 1399; x_wconf 84' lang='lat' dir='ltr'>committitur,</span> <span class='ocrx_word' id='word_1_68' title='bbox 659 1317 815 1385; x_wconf 85' lang='lat' dir='ltr'>sententia</span> <span class='ocrx_word' id='word_1_69' title='bbox 838 1316 934 1383; x_wconf 85' lang='lat' dir='ltr'>unius</span> <span class='ocrx_word' id='word_1_70' title='bbox 947 1339 1015 1384; x_wconf 84' lang='lat' dir='ltr'>non</span> <span class='ocrx_word' id='word_1_71' title='bbox 1035 1328 1131 1384; x_wconf 72' lang='lat' dir='ltr'>tentet.</span> <span class='ocrx_word' id='word_1_72' title='bbox 1154 1315 1276 1384; x_wconf 88' lang='lat' dir='ltr'>Fusius</span> <span class='ocrx_word' id='word_1_73' title='bbox 1295 1323 1408 1384; x_wconf 86' lang='lat' dir='ltr'>autem</span> 
     </span>
     <span class='ocr_line' id='line_1_10' title="bbox 262 1423 1409 1518; baseline -0.003 -24"><span class='ocrx_word' id='word_1_74' title='bbox 262 1426 409 1518; x_wconf 84' lang='lat' dir='ltr'>exposito</span> <span class='ocrx_word' id='word_1_75' title='bbox 431 1425 502 1493; x_wconf 83' lang='lat' dir='ltr'>haeo</span> <span class='ocrx_word' id='word_1_76' title='bbox 518 1423 622 1492; x_wconf 91' lang='lat' dir='ltr'>videri</span> <span class='ocrx_word' id='word_1_77' title='bbox 643 1433 778 1515; x_wconf 86' lang='lat' dir='ltr'>possunt</span> <span class='ocrx_word' id='word_1_78' title='bbox 792 1423 879 1516; x_wconf 89' lang='lat' dir='ltr'>apud</span> <span class='ocrx_word' id='word_1_79' title='bbox 893 1424 1066 1514; x_wconf 90' lang='lat' dir='ltr'>Pirrhing,</span> <span class='ocrx_word' id='word_1_80' title='bbox 1089 1423 1236 1516; x_wconf 86' lang='lat' dir='ltr'>aliosque</span> <span class='ocrx_word' id='word_1_81' title='bbox 1256 1423 1409 1491; x_wconf 88' lang='lat' dir='ltr'>canonis-</span> 
     </span>
     <span class='ocr_line' id='line_1_11' title="bbox 266 1529 1411 1621; baseline -0.005 -19"><span class='ocrx_word' id='word_1_82' title='bbox 266 1542 325 1620; x_wconf 85' lang='lat' dir='ltr'>tas,</span> <span class='ocrx_word' id='word_1_83' title='bbox 342 1532 400 1600; x_wconf 89' lang='lat' dir='ltr'>ubi</span> <span class='ocrx_word' id='word_1_84' title='bbox 419 1531 550 1600; x_wconf 88' lang='lat' dir='ltr'>titulum</span> <span class='ocrx_word' id='word_1_85' title='bbox 565 1535 605 1599; x_wconf 81' lang='lat'>29</span> <span class='ocrx_word' id='word_1_86' title='bbox 622 1531 696 1598; x_wconf 90' lang='lat' dir='ltr'>libri</span> <span class='ocrx_word' id='word_1_87' title='bbox 720 1530 818 1621; x_wconf 89' lang='lat' dir='ltr'>primi</span> <span class='ocrx_word' id='word_1_88' title='bbox 833 1530 1049 1600; x_wconf 87' lang='lat' dir='ltr'>Decretalinm</span> <span class='ocrx_word' id='word_1_89' title='bbox 1074 1530 1313 1599; x_wconf 87' lang='lat' dir='ltr'>commentariis</span> <span class='ocrx_word' id='word_1_90' title='bbox 1336 1529 1411 1598; x_wconf 90' lang='lat' dir='ltr'>suis</span> 
     </span>
     <span class='ocr_line' id='line_1_12' title="bbox 266 1639 441 1707; baseline -0.011 0"><span class='ocrx_word' id='word_1_91' title='bbox 266 1639 441 1707; x_wconf 88' lang='lat' dir='ltr'>illustrant.</span> 
     </span>
    </p>

    <p class='ocr_par' dir='ltr' id='par_1_3' title="bbox 264 1743 1412 2159">
     <span class='ocr_line' id='line_1_13' title="bbox 309 1743 1412 1837; baseline -0.003 -23"><span class='ocrx_word' id='word_1_92' title='bbox 309 1744 478 1814; x_wconf 82' lang='lat' dir='ltr'>Praedictae</span> <span class='ocrx_word' id='word_1_93' title='bbox 501 1767 578 1813; x_wconf 88' lang='lat' dir='ltr'>vero</span> <span class='ocrx_word' id='word_1_94' title='bbox 601 1744 834 1830; x_wconf 87' lang='lat' dir='ltr'>conclusiones,</span> <span class='ocrx_word' id='word_1_95' title='bbox 856 1744 896 1812; x_wconf 93' lang='lat' dir='ltr'>de</span> <span class='ocrx_word' id='word_1_96' title='bbox 920 1743 1016 1813; x_wconf 89' lang='lat' dir='ltr'>modo</span> <span class='ocrx_word' id='word_1_97' title='bbox 1038 1768 1105 1837; x_wconf 89' lang='lat' dir='ltr'>quo</span> <span class='ocrx_word' id='word_1_98' title='bbox 1127 1745 1264 1836; x_wconf 87' lang='lat' dir='ltr'>delegati</span> <span class='ocrx_word' id='word_1_99' title='bbox 1281 1743 1412 1836; x_wconf 84' lang='lat' dir='ltr'>possint</span> 
     </span>
     <span class='ocr_line' id='line_1_14' title="bbox 264 1849 1411 1944; baseline 0.003 -27"><span class='ocrx_word' id='word_1_100' title='bbox 264 1852 316 1921; x_wconf 88' lang='lat' dir='ltr'>vel</span> <span class='ocrx_word' id='word_1_101' title='bbox 346 1852 482 1920; x_wconf 88' lang='lat' dir='ltr'>debeant</span> <span class='ocrx_word' id='word_1_102' title='bbox 516 1849 700 1943; x_wconf 88' lang='lat' dir='ltr'>procedere,</span> <span class='ocrx_word' id='word_1_103' title='bbox 731 1851 828 1920; x_wconf 87' lang='lat' dir='ltr'>etiam</span> <span class='ocrx_word' id='word_1_104' title='bbox 857 1851 898 1920; x_wconf 86' lang='lat' dir='ltr'>ad</span> <span class='ocrx_word' id='word_1_105' title='bbox 932 1852 1128 1922; x_wconf 89' lang='lat' dir='ltr'>hodiernum</span> <span class='ocrx_word' id='word_1_106' title='bbox 1155 1852 1210 1944; x_wconf 85' lang='lat' dir='ltr'>jns</span> <span class='ocrx_word' id='word_1_107' title='bbox 1244 1851 1411 1943; x_wconf 87' lang='lat' dir='ltr'>pertinere</span> 
     </span>
     <span class='ocr_line' id='line_1_15' title="bbox 265 1957 1409 2050; baseline -0.003 -21"><span class='ocrx_word' id='word_1_108' title='bbox 265 1960 400 2029; x_wconf 90' lang='lat' dir='ltr'>omnino</span> <span class='ocrx_word' id='word_1_109' title='bbox 423 1957 592 2026; x_wconf 70' lang='lat' dir='ltr'>censendae</span> <span class='ocrx_word' id='word_1_110' title='bbox 621 1965 707 2027; x_wconf 87' lang='lat' dir='ltr'>sunt.</span> <span class='ocrx_word' id='word_1_111' title='bbox 741 1959 932 2050; x_wconf 87' lang='lat' dir='ltr'>Sequuntur</span> <span class='ocrx_word' id='word_1_112' title='bbox 957 1960 1044 2028; x_wconf 90' lang='lat' dir='ltr'>enim</span> <span class='ocrx_word' id='word_1_113' title='bbox 1069 1983 1110 2028; x_wconf 88' lang='lat' dir='ltr'>ex</span> <span class='ocrx_word' id='word_1_114' title='bbox 1138 1959 1282 2050; x_wconf 88' lang='lat' dir='ltr'>genuino</span> <span class='ocrx_word' id='word_1_115' title='bbox 1308 1979 1409 2026; x_wconf 92' lang='lat' dir='ltr'>sensu</span> 
     </span>
     <span class='ocr_line' id='line_1_16' title="bbox 265 2065 1411 2159; baseline 0 -25"><span class='ocrx_word' id='word_1_116' title='bbox 265 2065 482 2136; x_wconf 86' lang='lat' dir='ltr'>formularum</span> <span class='ocrx_word' id='word_1_117' title='bbox 503 2087 577 2157; x_wconf 82' lang='lat' dir='ltr'>quae</span> <span class='ocrx_word' id='word_1_118' title='bbox 598 2065 701 2133; x_wconf 85' lang='lat' dir='ltr'>solent</span> <span class='ocrx_word' id='word_1_119' title='bbox 722 2066 874 2136; x_wconf 89' lang='lat' dir='ltr'>mandato</span> <span class='ocrx_word' id='word_1_120' title='bbox 895 2067 995 2136; x_wconf 90' lang='lat' dir='ltr'>inseri</span> <span class='ocrx_word' id='word_1_121' title='bbox 1015 2094 1022 2136; x_wconf 91' lang='lat'>:</span> <span class='ocrx_word' id='word_1_122' title='bbox 1041 2070 1097 2159; x_wconf 90' lang='lat' dir='ltr'>qui</span> <span class='ocrx_word' id='word_1_123' title='bbox 1119 2091 1233 2136; x_wconf 90' lang='lat' dir='ltr'>sensns</span> <span class='ocrx_word' id='word_1_124' title='bbox 1249 2089 1314 2134; x_wconf 91' lang='lat' dir='ltr'>non</span> <span class='ocrx_word' id='word_1_125' title='bbox 1332 2089 1411 2134; x_wconf 89' lang='lat' dir='ltr'>mn-</span> 
     </span>
    </p>
   </div>
   <div class='ocr_carea' id='block_1_3' title="bbox 264 2172 1518 2373">
    <p class='ocr_par' dir='ltr' id='par_1_4' title="bbox 264 2172 1518 2373">
     <span class='ocr_line' id='line_1_17' title="bbox 264 2172 1518 2267; baseline 0.001 -26"><span class='ocrx_word' id='word_1_126' title='bbox 264 2183 351 2242; x_wconf 86' lang='lat' dir='ltr'>tatur</span> <span class='ocrx_word' id='word_1_127' title='bbox 375 2195 450 2242; x_wconf 90' lang='lat' dir='ltr'>cum</span> <span class='ocrx_word' id='word_1_128' title='bbox 471 2182 626 2263; x_wconf 90' lang='lat' dir='ltr'>tempore.</span> <span class='ocrx_word' id='word_1_129' title='bbox 649 2172 744 2241; x_wconf 89' lang='lat' dir='ltr'>Unde</span> <span class='ocrx_word' id='word_1_130' title='bbox 768 2174 795 2241; x_wconf 91' lang='lat' dir='ltr'>si</span> <span class='ocrx_word' id='word_1_131' title='bbox 819 2173 915 2242; x_wconf 92' lang='lat' dir='ltr'>bodie</span> <span class='ocrx_word' id='word_1_132' title='bbox 942 2174 1080 2264; x_wconf 86' lang='lat' dir='ltr'>delegati</span> <span class='ocrx_word' id='word_1_133' title='bbox 1102 2175 1310 2267; x_wconf 90' lang='lat' dir='ltr'>deputentur,</span> <span class='ocrx_word' id='word_1_134' title='bbox 1336 2175 1411 2242; x_wconf 86' lang='lat' dir='ltr'>lor·</span> <span class='ocrx_word' id='word_1_135' title='bbox 1517 2253 1518 2264; x_wconf 9' lang='grc' dir='ltr'>χ</span> 
     </span>
     <span class='ocr_line' id='line_1_18' title="bbox 265 2273 1518 2373; baseline -0.001 -25"><span class='ocrx_word' id='word_1_136' title='bbox 265 2280 354 2348; x_wconf 87' lang='lat' dir='ltr'>mula</span> <span class='ocrx_word' id='word_1_137' title='bbox 368 2301 482 2348; x_wconf 89' lang='lat' dir='ltr'>eornm</span> <span class='ocrx_word' id='word_1_138' title='bbox 507 2279 648 2347; x_wconf 89' lang='lat' dir='ltr'>mandati</span> <span class='ocrx_word' id='word_1_139' title='bbox 673 2303 739 2348; x_wconf 91' lang='lat' dir='ltr'>non</span> <span class='ocrx_word' id='word_1_140' title='bbox 760 2279 888 2349; x_wconf 87' lang='lat' dir='ltr'>debebit</span> <span class='ocrx_word' id='word_1_141' title='bbox 903 2281 996 2350; x_wconf 87' lang='lat' dir='ltr'>aliter</span> <span class='ocrx_word' id='word_1_142' title='bbox 1014 2281 1152 2373; x_wconf 84' lang='lat' dir='ltr'>intelligi</span> <span class='ocrx_word' id='word_1_143' title='bbox 1165 2305 1202 2350; x_wconf 90' lang='lat' dir='ltr'>ae</span> <span class='ocrx_word' id='word_1_144' title='bbox 1216 2281 1294 2348; x_wconf 90' lang='lat' dir='ltr'>olim</span> <span class='ocrx_word' id='word_1_145' title='bbox 1309 2281 1410 2348; x_wconf 91' lang='lat' dir='ltr'>intel·</span> <span class='ocrx_word' id='word_1_146' title='bbox 1517 2273 1518 2338; x_wconf 83' lang='lat' dir='ltr'>l</span> 
     </span>
    </p>
   </div>
   <div class='ocr_carea' id='block_1_4' title="bbox 210 2385 1411 2690">
    <p class='ocr_par' dir='ltr' id='par_1_5' title="bbox 210 2385 1411 2690">
     <span class='ocr_line' id='line_1_19' title="bbox 266 2385 1411 2479; baseline 0.003 -25"><span class='ocrx_word' id='word_1_147' title='bbox 266 2386 329 2477; x_wconf 93' lang='lat' dir='ltr'>ligi</span> <span class='ocrx_word' id='word_1_148' title='bbox 350 2385 513 2456; x_wconf 86' lang='lat' dir='ltr'>debuisset</span> <span class='ocrx_word' id='word_1_149' title='bbox 524 2412 534 2473; x_wconf 93' lang='lat'>;</span> <span class='ocrx_word' id='word_1_150' title='bbox 559 2385 636 2477; x_wconf 90' lang='lat' dir='ltr'>quia</span> <span class='ocrx_word' id='word_1_151' title='bbox 656 2387 786 2455; x_wconf 64' lang='lat' dir='ltr'>undem</span> <span class='ocrx_word' id='word_1_152' title='bbox 809 2395 875 2457; x_wconf 88' lang='lat' dir='ltr'>tota</span> <span class='ocrx_word' id='word_1_153' title='bbox 896 2395 1036 2479; x_wconf 88' lang='lat' dir='ltr'>potestas</span> <span class='ocrx_word' id='word_1_154' title='bbox 1056 2387 1289 2478; x_wconf 81' lang='lat' dir='ltr'>delegatorum,</span> <span class='ocrx_word' id='word_1_155' title='bbox 1309 2387 1411 2457; x_wconf 91' lang='lat' dir='ltr'>bodie</span> 
     </span>
     <span class='ocr_line' id='line_1_20' title="bbox 210 2493 1410 2586; baseline 0.002 -26"><span class='ocrx_word' id='word_1_156' title='bbox 210 2523 214 2532; x_wconf 94' lang='lat'>·</span> <span class='ocrx_word' id='word_1_157' title='bbox 268 2495 351 2562; x_wconf 88' lang='lat' dir='ltr'>sicut</span> <span class='ocrx_word' id='word_1_158' title='bbox 367 2494 458 2580; x_wconf 90' lang='lat' dir='ltr'>olim,</span> <span class='ocrx_word' id='word_1_159' title='bbox 476 2493 628 2584; x_wconf 85' lang='lat' dir='ltr'>pendete</span> <span class='ocrx_word' id='word_1_160' title='bbox 645 2493 809 2563; x_wconf 87' lang='lat' dir='ltr'>voluntate</span> <span class='ocrx_word' id='word_1_161' title='bbox 825 2495 1015 2584; x_wconf 85' lang='lat' dir='ltr'>delegantis,</span> <span class='ocrx_word' id='word_1_162' title='bbox 1031 2518 1105 2586; x_wconf 81' lang='lat' dir='ltr'>quse</span> <span class='ocrx_word' id='word_1_163' title='bbox 1122 2517 1160 2563; x_wconf 85' lang='lat' dir='ltr'>ex</span> <span class='ocrx_word' id='word_1_164' title='bbox 1181 2497 1320 2564; x_wconf 85' lang='lat' dir='ltr'>mandati</span> <span class='ocrx_word' id='word_1_165' title='bbox 1337 2495 1410 2564; x_wconf 88' lang='lat' dir='ltr'>for-</span> 
     </span>
     <span class='ocr_line' id='line_1_21' title="bbox 270 2598 654 2690; baseline -0.005 -21"><span class='ocrx_word' id='word_1_166' title='bbox 270 2600 359 2670; x_wconf 92' lang='lat' dir='ltr'>mula</span> <span class='ocrx_word' id='word_1_167' title='bbox 372 2598 581 2690; x_wconf 89' lang='lat' dir='ltr'>intelligenda</span> <span class='ocrx_word' id='word_1_168' title='bbox 596 2607 654 2668; x_wconf 87' lang='lat' dir='ltr'>est.</span> 
     </span>
    </p>
   </div>
   <div class='ocr_carea' id='block_1_5' title="bbox 817 2869 859 2936">
    <p class='ocr_par' dir='ltr' id='par_1_6' title="bbox 817 2869 859 2936">
     <span class='ocr_line' id='line_1_22' title="bbox 817 2869 859 2936; baseline -0.024 0"><span class='ocrx_word' id='word_1_169' title='bbox 817 2869 859 2936; x_wconf 91' lang='lat' dir='ltr'>V.</span> 
     </span>
    </p>
   </div>
   <div class='ocr_carea' id='block_1_6' title="bbox 646 3037 1143 3104">
    <p class='ocr_par' dir='ltr' id='par_1_7' title="bbox 646 3037 1143 3104">
     <span class='ocr_line' id='line_1_23' title="bbox 646 3037 1143 3104; baseline 0.002 -16"><span class='ocrx_word' id='word_1_170' title='bbox 646 3039 680 3088; x_wconf 84' lang='lat' dir='ltr'>De</span> <span class='ocrx_word' id='word_1_171' title='bbox 696 3039 778 3102; x_wconf 74' lang='lat' dir='ltr'>officio</span> <span class='ocrx_word' id='word_1_172' title='bbox 797 3037 912 3103; x_wconf 75' lang='lat' dir='ltr'>detepott</span> <span class='ocrx_word' id='word_1_173' title='bbox 926 3038 1035 3104; x_wconf 79' lang='lat' dir='ltr'>judicis.</span> <span class='ocrx_word' id='word_1_174' title='bbox 1139 3065 1143 3074; x_wconf 94' lang='lat'>·</span> 
     </span>
    </p>
   </div>
   <div class='ocr_carea' id='block_1_7' title="bbox 269 3215 1518 3652">
    <p class='ocr_par' dir='ltr' id='par_1_8' title="bbox 269 3215 1518 3652">
     <span class='ocr_line' id='line_1_24' title="bbox 317 3215 1518 3331; baseline -0.004 -22"><span class='ocrx_word' id='word_1_175' title='bbox 317 3246 347 3309; x_wconf 90' lang='lat'>1.</span> <span class='ocrx_word' id='word_1_176' title='bbox 379 3241 552 3331; x_wconf 85' lang='lat' dir='ltr'>Delegatns</span> <span class='ocrx_word' id='word_1_177' title='bbox 577 3261 643 3307; x_wconf 92' lang='lat' dir='ltr'>non</span> <span class='ocrx_word' id='word_1_178' title='bbox 668 3245 770 3329; x_wconf 88' lang='lat' dir='ltr'>potest</span> <span class='ocrx_word' id='word_1_179' title='bbox 796 3236 969 3328; x_wconf 88' lang='lat' dir='ltr'>procedere</span> <span class='ocrx_word' id='word_1_180' title='bbox 997 3249 1071 3308; x_wconf 87' lang='lat' dir='ltr'>ante</span> <span class='ocrx_word' id='word_1_181' title='bbox 1094 3241 1155 3308; x_wconf 91' lang='lat' dir='ltr'>sibi</span> <span class='ocrx_word' id='word_1_182' title='bbox 1178 3249 1409 3331; x_wconf 73' lang='lat' dir='ltr'>presentatum</span> <span class='ocrx_word' id='word_1_183' title='bbox 1517 3215 1518 3304; x_wconf 77' lang='lat' dir='ltr'>l</span> 
     </span>
     <span class='ocr_line' id='line_1_25' title="bbox 270 3345 1518 3444; baseline -0.002 -26"><span class='ocrx_word' id='word_1_184' title='bbox 270 3347 480 3439; x_wconf 86' lang='lat' dir='ltr'>delegationis</span> <span class='ocrx_word' id='word_1_185' title='bbox 505 3346 710 3437; x_wconf 90' lang='lat' dir='ltr'>rescriptum.</span> <span class='ocrx_word' id='word_1_186' title='bbox 736 3345 870 3414; x_wconf 86' lang='lat' dir='ltr'>Constat</span> <span class='ocrx_word' id='word_1_187' title='bbox 891 3367 931 3416; x_wconf 85' lang='lat' dir='ltr'>ex</span> <span class='ocrx_word' id='word_1_188' title='bbox 954 3347 1106 3416; x_wconf 85' lang='lat' dir='ltr'>decretali</span> <span class='ocrx_word' id='word_1_189' title='bbox 1126 3347 1305 3416; x_wconf 84' lang='lat' dir='ltr'>Alexandri</span> <span class='ocrx_word' id='word_1_190' title='bbox 1330 3349 1374 3416; x_wconf 90' lang='lat'>111</span> <span class='ocrx_word' id='word_1_191' title='bbox 1401 3376 1408 3415; x_wconf 93' lang='lat'>:</span> <span class='ocrx_word' id='word_1_192' title='bbox 1517 3361 1518 3444; x_wconf 59' lang='lat' dir='ltr'>t</span> 
     </span>
     <span class='ocr_line' id='line_1_26' title="bbox 270 3452 1518 3542; baseline -0.003 -16"><span class='ocrx_word' id='word_1_193' title='bbox 270 3459 311 3527; x_wconf 85' lang='lat' dir='ltr'>Si</span> <span class='ocrx_word' id='word_1_194' title='bbox 330 3469 441 3524; x_wconf 88' lang='lat' dir='ltr'>autem</span> <span class='ocrx_word' id='word_1_195' title='bbox 461 3454 552 3522; x_wconf 84' lang='lat' dir='ltr'>iutra</span> <span class='ocrx_word' id='word_1_196' title='bbox 573 3464 698 3520; x_wconf 88' lang='lat' dir='ltr'>certum</span> <span class='ocrx_word' id='word_1_197' title='bbox 721 3464 847 3542; x_wconf 86' lang='lat' dir='ltr'>tempus</span> <span class='ocrx_word' id='word_1_198' title='bbox 863 3453 902 3520; x_wconf 88' lang='lat' dir='ltr'>lis</span> <span class='ocrx_word' id='word_1_199' title='bbox 918 3452 1094 3522; x_wconf 83' lang='lat' dir='ltr'>decidenda</span> <span class='ocrx_word' id='word_1_200' title='bbox 1116 3455 1345 3535; x_wconf 85' lang='lat' dir='ltr'>committitur,</span> <span class='ocrx_word' id='word_1_201' title='bbox 1368 3479 1413 3522; x_wconf 76' lang='lat' dir='ltr'>em</span> <span class='ocrx_word' id='word_1_202' title='bbox 1517 3497 1518 3530; x_wconf 54' lang='lat'>2</span> 
     </span>
     <span class='ocr_line' id='line_1_27' title="bbox 269 3539 1518 3652; baseline -0.002 -18"><span class='ocrx_word' id='word_1_203' title='bbox 269 3580 346 3634; x_wconf 85' lang='lat' dir='ltr'>tuuc</span> <span class='ocrx_word' id='word_1_204' title='bbox 369 3561 525 3631; x_wconf 82' lang='lat' dir='ltr'>terminus</span> <span class='ocrx_word' id='word_1_205' title='bbox 549 3559 662 3651; x_wconf 82' lang='lat' dir='ltr'>incipit</span> <span class='ocrx_word' id='word_1_206' title='bbox 685 3581 824 3640; x_wconf 86' lang='lat' dir='ltr'>currere,</span> <span class='ocrx_word' id='word_1_207' title='bbox 846 3582 922 3628; x_wconf 86' lang='lat' dir='ltr'>cum</span> <span class='ocrx_word' id='word_1_208' title='bbox 936 3559 1067 3652; x_wconf 85' lang='lat' dir='ltr'>jndices</span> <span class='ocrx_word' id='word_1_209' title='bbox 1090 3562 1262 3652; x_wconf 71' lang='lat' dir='ltr'>contigerit</span> <span class='ocrx_word' id='word_1_210' title='bbox 1283 3562 1413 3632; x_wconf 85' lang='lat' dir='ltr'>litteras</span> <span class='ocrx_word' id='word_1_211' title='bbox 1517 3539 1518 3590; x_wconf 79' lang='lat' dir='ltr'>t</span> 
     </span>
    </p>
   </div>
   <div class='ocr_carea' id='block_1_8' title="bbox 268 3665 1414 3863">
    <p class='ocr_par' dir='ltr' id='par_1_9' title="bbox 268 3665 1414 3863">
     <span class='ocr_line' id='line_1_28' title="bbox 270 3665 1411 3762; baseline -0.004 -21"><span class='ocrx_word' id='word_1_212' title='bbox 270 3669 422 3762; x_wconf 81' lang='lat' dir='ltr'>recepisse</span> <span class='ocrx_word' id='word_1_213' title='bbox 434 3667 515 3757; x_wconf 88' lang='lat' dir='ltr'>(cap.</span> <span class='ocrx_word' id='word_1_214' title='bbox 532 3667 640 3756; x_wconf 81' lang='lat' dir='ltr'>Super</span> <span class='ocrx_word' id='word_1_215' title='bbox 654 3687 689 3732; x_wconf 90' lang='lat' dir='ltr'>eo</span> <span class='ocrx_word' id='word_1_216' title='bbox 705 3669 758 3749; x_wconf 84' lang='lat'>12,</span> <span class='ocrx_word' id='word_1_217' title='bbox 773 3665 857 3734; x_wconf 90' lang='lat' dir='ltr'>tituli</span> <span class='ocrx_word' id='word_1_218' title='bbox 872 3669 926 3753; x_wconf 81' lang='lat'>28,</span> <span class='ocrx_word' id='word_1_219' title='bbox 937 3667 1015 3734; x_wconf 88' lang='lat' dir='ltr'>libri</span> <span class='ocrx_word' id='word_1_220' title='bbox 1031 3671 1049 3733; x_wconf 79' lang='lat' dir='ltr'>t</span> <span class='ocrx_word' id='word_1_221' title='bbox 1063 3667 1216 3758; x_wconf 67' lang='lat' dir='ltr'>Deteret).</span> <span class='ocrx_word' id='word_1_222' title='bbox 1233 3669 1411 3756; x_wconf 73' lang='lat' dir='ltr'>Praeterea,</span> 
     </span>
     <span class='ocr_line' id='line_1_29' title="bbox 268 3771 1414 3863; baseline -0.003 -15"><span class='ocrx_word' id='word_1_223' title='bbox 268 3788 305 3848; x_wconf 94' lang='lat' dir='ltr'>nt</span> <span class='ocrx_word' id='word_1_224' title='bbox 315 3777 412 3847; x_wconf 93' lang='lat' dir='ltr'>modo</span> <span class='ocrx_word' id='word_1_225' title='bbox 430 3775 586 3852; x_wconf 89' lang='lat' dir='ltr'>dicemus,</span> <span class='ocrx_word' id='word_1_226' title='bbox 603 3772 697 3840; x_wconf 89' lang='lat' dir='ltr'>debet</span> <span class='ocrx_word' id='word_1_227' title='bbox 705 3771 828 3842; x_wconf 86' lang='lat' dir='ltr'>litteras</span> <span class='ocrx_word' id='word_1_228' title='bbox 838 3773 1050 3863; x_wconf 88' lang='lat' dir='ltr'>delegationis</span> <span class='ocrx_word' id='word_1_229' title='bbox 1062 3775 1096 3842; x_wconf 92' lang='lat' dir='ltr'>in</span> <span class='ocrx_word' id='word_1_230' title='bbox 1105 3775 1211 3843; x_wconf 87' lang='lat' dir='ltr'>forma</span> <span class='ocrx_word' id='word_1_231' title='bbox 1225 3775 1414 3845; x_wconf 87' lang='lat' dir='ltr'>authentica</span> 
     </span>
    </p>
   </div>
   <div class='ocr_carea' id='block_1_9' title="bbox 269 3880 1518 3975">
    <p class='ocr_par' dir='ltr' id='par_1_10' title="bbox 269 3880 1518 3975">
     <span class='ocr_line' id='line_1_30' title="bbox 269 3880 1518 3975; baseline -0.007 -19"><span class='ocrx_word' id='word_1_232' title='bbox 269 3885 423 3956; x_wconf 89' lang='lat' dir='ltr'>exhibere</span> <span class='ocrx_word' id='word_1_233' title='bbox 436 3880 583 3975; x_wconf 89' lang='lat' dir='ltr'>partibus</span> <span class='ocrx_word' id='word_1_234' title='bbox 593 3907 600 3960; x_wconf 88' lang='lat'><strong>;</strong></span> <span class='ocrx_word' id='word_1_235' title='bbox 611 3901 690 3969; x_wconf 89' lang='lat' dir='ltr'>ergo</span> <span class='ocrx_word' id='word_1_236' title='bbox 702 3902 829 3948; x_wconf 91' lang='lat' dir='ltr'>neeesse</span> <span class='ocrx_word' id='word_1_237' title='bbox 838 3888 886 3948; x_wconf 90' lang='lat' dir='ltr'>est</span> <span class='ocrx_word' id='word_1_238' title='bbox 895 3889 991 3949; x_wconf 90' lang='lat' dir='ltr'>uteas</span> <span class='ocrx_word' id='word_1_239' title='bbox 1001 3884 1169 3972; x_wconf 86' lang='lat' dir='ltr'>receperit.</span> <span class='ocrx_word' id='word_1_240' title='bbox 1183 3881 1277 3952; x_wconf 90' lang='lat' dir='ltr'>Unde</span> <span class='ocrx_word' id='word_1_241' title='bbox 1283 3884 1410 3975; x_wconf 83' lang='lat' dir='ltr'>primo,</span> <span class='ocrx_word' id='word_1_242' title='bbox 1517 3887 1518 3924; x_wconf 62' lang='lat' dir='ltr'>l</span> 
     </span>
    </p>
   </div>
   <div class='ocr_carea' id='block_1_10' title="bbox 268 3985 1410 4081">
    <p class='ocr_par' dir='ltr' id='par_1_11' title="bbox 268 3985 1410 4081">
     <span class='ocr_line' id='line_1_31' title="bbox 268 3985 1410 4081; baseline -0.003 -19"><span class='ocrx_word' id='word_1_243' title='bbox 268 3996 303 4062; x_wconf 93' lang='lat' dir='ltr'>in</span> <span class='ocrx_word' id='word_1_244' title='bbox 322 3990 477 4081; x_wconf 90' lang='lat' dir='ltr'>rescripto</span> <span class='ocrx_word' id='word_1_245' title='bbox 502 4009 569 4056; x_wconf 91' lang='lat' dir='ltr'>non</span> <span class='ocrx_word' id='word_1_246' title='bbox 595 3985 718 4054; x_wconf 90' lang='lat' dir='ltr'>attendi</span> <span class='ocrx_word' id='word_1_247' title='bbox 743 3987 837 4056; x_wconf 90' lang='lat' dir='ltr'>debet</span> <span class='ocrx_word' id='word_1_248' title='bbox 855 3997 985 4079; x_wconf 89' lang='lat' dir='ltr'>tempus</span> <span class='ocrx_word' id='word_1_249' title='bbox 999 3987 1097 4070; x_wconf 77' lang='lat' dir='ltr'>dote,</span> <span class='ocrx_word' id='word_1_250' title='bbox 1114 3990 1170 4057; x_wconf 92' lang='lat' dir='ltr'>sed</span> <span class='ocrx_word' id='word_1_251' title='bbox 1188 4002 1410 4080; x_wconf 68' lang='lat' dir='ltr'>praesentatae.</span> 
     </span>
    </p>
   </div>
   <div class='ocr_carea' id='block_1_11' title="bbox 268 4093 1412 4187">
    <p class='ocr_par' dir='ltr' id='par_1_12' title="bbox 268 4093 1518 4187">
     <span class='ocr_line' id='line_1_32' title="bbox 268 4093 1412 4187; baseline -0.007 -17"><span class='ocrx_word' id='word_1_252' title='bbox 268 4097 427 4179; x_wconf 84' lang='lat' dir='ltr'>Secundo,</span> <span class='ocrx_word' id='word_1_253' title='bbox 452 4115 621 4187; x_wconf 83' lang='lat' dir='ltr'>processus</span> <span class='ocrx_word' id='word_1_254' title='bbox 645 4093 815 4162; x_wconf 87' lang='lat' dir='ltr'>inchoatus</span> <span class='ocrx_word' id='word_1_255' title='bbox 839 4103 912 4163; x_wconf 89' lang='lat' dir='ltr'>ante</span> <span class='ocrx_word' id='word_1_256' title='bbox 936 4103 1167 4187; x_wconf 72' lang='lat' dir='ltr'>presentatum</span> <span class='ocrx_word' id='word_1_257' title='bbox 1191 4096 1293 4187; x_wconf 86' lang='lat' dir='ltr'>judici</span> <span class='ocrx_word' id='word_1_258' title='bbox 1317 4097 1412 4165; x_wconf 80' lang='lat' dir='ltr'>dele·</span> 
     </span>
    </p>
   </div>
   <div class='ocr_carea' id='block_1_12' title="bbox 268 4199 1408 4300">
    <p class='ocr_par' dir='ltr' id='par_1_13' title="bbox 268 4199 1408 4300">
     <span class='ocr_line' id='line_1_33' title="bbox 268 4199 1408 4300; baseline -0.006 -23"><span class='ocrx_word' id='word_1_259' title='bbox 268 4217 343 4300; x_wconf 87' lang='lat' dir='ltr'>gato</span> <span class='ocrx_word' id='word_1_260' title='bbox 367 4201 578 4291; x_wconf 86' lang='lat' dir='ltr'>delegationis</span> <span class='ocrx_word' id='word_1_261' title='bbox 601 4199 807 4290; x_wconf 89' lang='lat' dir='ltr'>rescriptum,</span> <span class='ocrx_word' id='word_1_262' title='bbox 831 4209 878 4268; x_wconf 89' lang='lat' dir='ltr'>est</span> <span class='ocrx_word' id='word_1_263' title='bbox 901 4201 1013 4269; x_wconf 89' lang='lat' dir='ltr'>irritus</span> <span class='ocrx_word' id='word_1_264' title='bbox 1037 4223 1110 4270; x_wconf 88' lang='lat' dir='ltr'>cum</span> <span class='ocrx_word' id='word_1_265' title='bbox 1135 4203 1213 4270; x_wconf 85' lang='lat' dir='ltr'>aetia</span> <span class='ocrx_word' id='word_1_266' title='bbox 1236 4203 1408 4291; x_wconf 89' lang='lat' dir='ltr'>omnibns;</span> 
     </span>
    </p>
   </div>
   <div class='ocr_carea' id='block_1_13' title="bbox 0 0 1531 4964">
    <p class='ocr_par' dir='ltr' id='par_1_14' title="bbox 0 0 1531 4964">
     <span class='ocr_line' id='line_1_34' title="bbox 0 0 1531 4964; baseline 0 0"><span class='ocrx_word' id='word_1_267' title='bbox 0 0 1531 4964; x_wconf 95' lang='lat' dir='ltr'> </span> 
     </span>
    </p>
   </div>
  </div>
 </body>
</html>
