3030 4980
319 471 383 537 luo
693 489 868 546 mortuns
891 489 930 536 aa
952 487 1086 536 runicus.

318 612 450 698 faciens,
470 611 592 704 aliquid
608 611 781 704 theologiae
800 613 858 680 vix
882 611 1100 703 perfunctorie
1121 609 1361 702 praelibaverat,
1386 611 1447 703 ipso

317 739 386 786 suae
402 717 437 784 in
455 718 680 810 presbyterum
699 718 912 787 ordinationis
925 717 989 803 die,
1005 715 1222 808 deputationis
1236 717 1271 783 iu
1287 717 1446 786 Vieariun

316 824 503 913 generalem
523 824 647 894 litteras
667 825 801 916 accepit,
821 823 993 916 cujusdam
1015 831 1175 892 matrone
1196 845 1297 892 manu
1313 824 1377 892 sibi
1391 831 1449 894 tra-

318 930 411 1000 ditas.

843 1156 929 1249 §n

590 1355 612 1404 Α
625 1365 677 1418 quo
687 1351 772 1418 possit
785 1350 902 1402 vicarius
910 1349 1039 1416 generalis
1053 1349 1183 1402 comdtui.

361 1576 505 1658 Qonsrro
523 1580 568 1644 1².
586 1615 632 1630 -
649 1579 701 1646 dn
721 1576 855 1668 quilibet
874 1575 910 1644 iu
929 1597 991 1644 sua
1013 1574 1142 1644 diecesi
1159 1575 1341 1667 Episcopus
1356 1573 1450 1665 possit

323 1681 1449 1774 Vicoriumpuurulemcoustituerel-Respondeouifirmative;est-

316 1811 380 1882 que
396 1789 431 1857 id
451 1800 544 1859 extra
564 1811 698 1858 omnem
718 1791 855 1859 omnino
870 1789 1138 1858 controversiam.
1159 1788 1291 1857 Constet
1309 1791 1341 1854 l·
1354 1809 1395 1856 ex
1410 1788 1448 1854 ti-

313 1898 383 1966 tulo
394 1895 433 1965 de
450 1897 565 1988 Officio
587 1897 717 1978 Vicorii,
736 1897 771 1966 in
786 1905 894 1984 sext03
914 1901 947 1964 2⁰
962 1919 1003 1966 ex
1018 1897 1113 1988 praxi
1123 1895 1299 1966 Sacrorum
1310 1895 1448 1984 Congre-

312 2005 484 2093 gationnm
515 2004 754 2090 Romanorum,
787 2027 861 2095 quae
894 2003 977 2072 hanc
1007 2003 1243 2095 Episcoporum
1269 2002 1446 2070 facultatem

315 2121 473 2202 tanquam
488 2111 624 2180 omnino
638 2119 761 2179 certam
775 2109 889 2202 recipit
904 2119 937 2179 et
950 2110 1121 2202 supponit;
1140 2113 1172 2178 3ο
1191 2133 1233 2178 ex
1246 2111 1345 2201 praxi
1362 2109 1446 2176 insu·

315 2238 374 2307 per
388 2217 579 2302 universali,
596 2224 628 2284 et
643 2218 793 2286 unanimi
809 2218 980 2286 doctorum
996 2238 1166 2286 consensu.

359 2325 471 2416 Neque
495 2323 641 2414 objicias,
667 2323 797 2392 nullum
825 2323 1050 2410 Ordinarium,
1076 2324 1226 2414 Principe
1252 2321 1444 2404 inferiorem,

315 2455 407 2523 posse
435 2453 529 2500 suom
551 2430 812 2521 jurisdictionem
840 2430 933 2500 alteri
957 2432 1173 2518 committere,
1204 2431 1396 2521 generaliter
1420 2437 1444 2495 et

308 2542 389 2631 jure
404 2537 573 2606 ordinario
593 2539 828 2624 exercendam
847 2561 888 2607 ex
904 2561 969 2630 quo
981 2538 1065 2629 juris
1079 2538 1239 2630 principio
1260 2537 1377 2606 inferri
1394 2537 1443 2603 de-

314 2647 399 2733 beat,
429 2647 526 2713 licere
557 2645 729 2713 dumtaxat
766 2645 933 2737 Episcopis
961 2644 1124 2736 delegatos
1155 2645 1217 2713 sibi
1247 2645 1442 2726 substituere,

314 2775 380 2822 uon
402 2761 513 2820 autem
538 2751 686 2821 Vicarios
701 2752 868 2840 generales
890 2753 1020 2843 proprie
1044 2751 1157 2839 dictos,
1179 2751 1212 2818 id
1237 2761 1298 2838 est,
1323 2752 1444 2819 ordina-

314 2863 399 2930 riam
415 2859 679 2950 jurisdictionem
698 2867 731 2926 et
750 2859 840 2927 idem
859 2883 936 2928 curn
952 2860 1110 2951 Episcopo
1128 2859 1272 2928 tribunal
1288 2861 1442 2928 hebentes.

312 2969 398 3037 Nam
414 2967 590 3057 allegatum
599 2966 685 3058 juris
698 2967 896 3058 principium
909 2967 1121 3058 (ceteroquin
1134 2967 1368 3056 certissimum)
1380 2989 1445 3058 pro·

313 3077 368 3145 bat
383 3073 591 3143 solummodo
612 3096 678 3142 non
697 3075 838 3166 potuisse
858 3074 1034 3166 Episcopus
1055 3097 1096 3142 ex
1115 3075 1247 3166 propria
1265 3097 1325 3142 sua
1344 3083 1445 3142 aucto

313 3183 406 3250 ritate
427 3180 575 3251 Viearios
594 3180 761 3268 generales
779 3181 986 3268 constituere,
1008 3189 1039 3248 ct
1065 3181 1214 3250 debuisse
1239 3179 1272 3248 id
1296 3181 1446 3248 facultatis

313 3311 355 3357 ex
384 3289 456 3376 lege
479 3287 533 3376 (ex
552 3286 717 3376 pontificia
740 3307 858 3379 nempe
879 3287 1093 3378 concessione)
1121 3288 1200 3378 ipsis
1222 3288 1387 3355 obvenire.
1409 3287 1445 3352 At

314 3397 354 3463 de
377 3396 462 3462 lacto
487 3393 531 3460 ita
555 3392 654 3460 luisse
672 3393 743 3481 lege
765 3393 920 3460 canonica
942 3407 974 3461 et
992 3394 1181 3462 auctoritate
1200 3395 1369 3485 pontificia
1388 3393 1446 3459 dis·

313 3503 469 3594 positum,
487 3499 623 3568 omnino
638 3508 838 3586 certumst,
855 3509 953 3591 prout
967 3508 1091 3568 constat
1103 3501 1198 3568 citato
1214 3500 1308 3568 titulo
1320 3500 1361 3568 de
1374 3499 1447 3590 Offi-

312 3610 360 3677 cio
379 3607 507 3688 Vicarii
522 3606 673 3691 inserto,
687 3615 720 3673 et
730 3605 802 3673 aliis
811 3605 957 3696 allegatis
969 3607 1224 3696 probationibus.
1237 3606 1334 3675 Unde
1344 3607 1448 3674 sedulo

314 3712 551 3804 distinguendis
563 3723 639 3779 sunt
655 3711 721 3779 illae
736 3711 812 3779 duae
826 3714 1021 3803 quaestioues
1037 3740 1044 3780 z
1062 3735 1108 3780 cu
1120 3713 1303 3805 Episcopus
1312 3713 1450 3804 faculta-

315 3838 380 3889 tem
402 3817 565 3912 ejusmodi
586 3817 718 3900 babeat,
749 3828 792 3905 et,
819 3842 883 3910 quo
902 3821 983 3909 jure
1011 3841 1085 3887 com
1114 3820 1258 3888 babeat?
1280 3821 1449 3888 Praemisso

314 3929 450 4019 objectio
471 3929 614 4019 priorem
638 3927 853 4016 questionem
876 3948 942 3994 uon
959 3927 1106 4016 attingit3
1124 3928 1181 3996 sed
1196 3929 1314 4019 probat
1328 3937 1448 3996 tontum

304 4036 478 4130 ¹quomodo
493 4033 685 4104 resolvenda
701 4035 744 4101 sit
759 4035 929 4124 posterior.

356 4145 498 4225 Qursno
508 4147 555 4209 2².
573 4179 618 4192 --
630 4143 679 4208 An
693 4141 874 4233 Episcopus
892 4141 1058 4211 Vicorium
1069 4142 1252 4233 pectoralem
1263 4145 1451 4212 constituere

309 4251 411 4347 possit
439 4247 557 4339 absque
586 4269 740 4317 consensu
769 4259 800 4317 ct
830 4249 962 4317 consilio
991 4250 1153 4341 Capituli.
1180 4289 1224 4304 -
1248 4251 1450 4343 Respondes,
