3056 4972
588 475 661 520 enus
684 474 789 520 sums.
1196 457 1258 520 235

122 597 321 666 Partitioues
323 597 345 687 j
349 596 426 679 uris,
441 594 500 663 lib.
515 599 547 681 3,
558 617 628 687 cap.
645 595 713 686 18.)
724 596 848 664 Textus
859 595 919 688 qni
930 595 1012 664 hunc
1020 595 1106 688 juris
1116 595 1258 665 Romani

122 703 359 795 expositionem
381 703 525 790 firmant,
550 701 707 772 indicatos
728 702 867 794 reperies
885 702 972 796 apud
992 703 1127 772 citatum
1149 713 1260 773 aucto·

123 833 209 878 rem.

166 918 292 987 Praeter
311 918 436 1010 eosqui
450 918 521 1008 legs
544 917 772 1009 prohibentur,
790 924 925 1008 possunt
938 916 1036 986 stiam
1051 939 1110 1010 per
1130 925 1261 987 senten-

121 1025 204 1094 tism
214 1023 333 1117 judicis
347 1025 403 1094 alii
418 1026 591 1094 removeri.
613 1025 781 1116 (Vinnius,
795 1025 890 1092 citato
906 1024 1002 1114 loco.)

167 1132 224 1200 lll.
250 1132 343 1216 Quod
365 1133 532 1202 antemio
554 1133 615 1201 hac
636 1155 671 1200 ra
694 1131 854 1224 disposuit
872 1131 928 1223 jus
950 1131 1155 1220 Romanum,
1176 1133 1263 1204 valet

123 1239 222 1308 etiam
237 1239 435 1331 regulariter
448 1240 483 1308 in
498 1238 570 1308 loro
582 1237 804 1308 ecclesiastico.
823 1239 879 1308 Est
893 1239 983 1306 cnim
999 1238 1113 1329 regulo
1125 1261 1262 1329 genere·

122 1346 176 1435 lis,
186 1346 407 1416 communiter
415 1371 435 1415 a
443 1347 617 1418 canonistis
626 1345 782 1435 admisse,
796 1355 828 1416 et
838 1369 900 1416 usu
911 1349 1054 1434 firmato,
1065 1348 1259 1417 servandam

122 1477 191 1522 esse
210 1454 245 1521 in
264 1453 398 1546 judiciis
419 1454 637 1523 ecclesiasticis
659 1453 801 1522 Romani
818 1453 902 1545 juris
924 1451 1181 1545 dispositionem,
1204 1453 1261 1522 ubi

123 1562 153 1630 ei
176 1583 235 1629 nec
258 1583 396 1630 conones
416 1584 474 1630 nec
492 1562 640 1652 legitima
658 1559 857 1630 consuetudo
870 1559 1031 1629 contraria
1049 1560 1258 1651 derogarunt.

121 1668 196 1737 Non
215 1675 324 1736 sutem
343 1667 468 1758 integre
489 1678 667 1760 utrumqne
684 1667 738 1759 jus
760 1667 943 1753 concordat,
965 1667 1043 1759 quia
1066 1675 1185 1760 paaeter
1206 1691 1261 1737 cos

121 1799 205 1867 qnos
220 1777 262 1844 ab
276 1773 381 1845 officio
396 1776 544 1846 advocati
559 1782 707 1844 removet
721 1774 922 1844 Justinianeo
937 1773 1107 1864 legislatio,
1123 1775 1258 1867 qnidam

121 1882 179 1950 alii
193 1883 298 1974 ajuro
313 1883 467 1952 senonim
482 1904 619 1952 munere
634 1881 693 1952 hoc
708 1881 958 1950 interdicuntur.
975 1881 1059 1949 Hinc
1073 1882 1132 1949 abs
1146 1905 1180 1950 re
1195 1905 1260 1951 non

121 1988 184 2058 erit
205 1989 372 2080 integrum
387 1989 571 2080 catalogum
586 1989 786 2080 subjungere
805 2009 920 2056 eorum
937 1987 994 2081 qui
1014 1988 1049 2056 in
1061 1988 1193 2081 judiciis
1207 2013 1260 2059 cc-

120 2097 306 2165 clesinsticis
318 2106 474 2189 tanquam
489 2097 636 2165 advocsti
650 2093 782 2165 admitti
796 2104 973 2189 nequeunt.

168 2202 277 2272 1⁶Nee
290 2217 350 2294 pro
363 2226 410 2291 se,
424 2225 483 2272 nec
498 2224 557 2294 pro
572 2203 657 2291 aliis,
675 2203 876 2272 advocatiam
889 2223 1040 2272 exercere
1054 2211 1201 2296 possunt,
1216 2205 1259 2272 oh

115 2311 174 2402 jus
185 2309 374 2380 Romanum
389 2312 424 2380 in
437 2311 508 2380 foro
519 2310 730 2402 ecclesiastico
743 2319 910 2402 receptum
930 2337 938 2378 :
956 2311 1065 2380 minor
1078 2311 1260 2403 septemde-

117 2417 187 2486 cim
200 2418 295 2486 onnis
314 2417 395 2510 (lege
414 2421 447 2505 l,
467 2417 503 2486 ff.
520 2417 560 2487 de
577 2415 791 2508 Postulando)
811 2443 819 2484 ι
838 2416 958 2486 surdas
979 2418 1031 2506 (ex
1051 2416 1150 2486 modo
1164 2419 1260 2486 citsts

116 2524 202 2614 lege)
225 2551 232 2591 :
251 2525 335 2593 muti
345 2547 412 2594 non
423 2525 460 2592 lit
473 2525 609 2613 mentio,
626 2525 703 2616 quin
717 2523 855 2594 stultum
868 2522 982 2592 luisset
991 2545 1049 2616 per
1060 2525 1166 2614 legem
1180 2547 1258 2592 eum

115 2632 161 2700 sb
176 2631 342 2702 advocetis
355 2655 463 2702 arcere
482 2659 489 2700 ε
508 2633 587 2702 item
603 2633 657 2701 lex
679 2641 759 2701 tacet
774 2631 815 2700 de
831 2653 938 2718 servo,
955 2629 1011 2698 sed
1026 2640 1152 2700 certum
1166 2640 1213 2700 est
1227 2633 1259 2700 ci

116 2761 162 2807 ex
173 2737 247 2830 jura
262 2739 413 2809 Romano
429 2763 495 2809 non
514 2738 642 2810 licuisse
653 2739 785 2831 judiciis
798 2739 962 2826 interesse,
979 2745 1011 2806 et
1025 2759 1045 2806 a
1059 2736 1184 2806 fortiori
1197 2737 1259 2806 sd-

116 2847 281 2916 vocatiam
300 2868 463 2916 exercere.

164 2957 198 3020 2·
210 2954 285 3023 Non
301 2960 436 3045 possunt
451 2975 511 3045 pro
523 2952 595 3022 aliis
612 2953 827 3045 (quamquam
844 2973 903 3042 pro
917 2973 950 3019 ss
964 2951 1099 3043 possint)
1115 2973 1183 3019 esse
1199 2951 1258 3020 ad-

115 3061 236 3149 vocati,
250 3062 292 3130 ob
304 3060 388 3150 juris
399 3060 553 3149 Romani,
570 3059 605 3128 in
621 3059 693 3129 loro
705 3059 917 3128 ecclesiastico
931 3066 1093 3149 receptam
1109 3059 1259 3149 prohibi-

116 3169 242 3238 tionem
258 3193 266 3234 :
283 3166 427 3236 loemiuae
444 3168 496 3258 (cx
510 3166 604 3235 citata
618 3167 689 3256 lege
707 3165 786 3254 1,ff.
800 3164 839 3234 dc
853 3163 1082 3256 Postulondo);
1099 3164 1155 3234 scd
1170 3167 1259 3235 exci-

116 3274 208 3366 pitur
220 3273 339 3342 mulier
353 3273 456 3343 tutrix
468 3272 542 3361 filii,
556 3297 631 3365 qum
644 3295 704 3366 pro
718 3273 788 3365 ipso
800 3272 963 3364 postulare
974 3281 1089 3364 potest,
1102 3281 1138 3342 ut
1153 3293 1194 3342 cx
1206 3295 1257 3340 ca-

116 3381 183 3471 pite
206 3383 261 3449 Es
280 3393 379 3470 porte
403 3381 471 3472 (67,
495 3379 534 3449 de
564 3379 855 3472 Appellatiooibus)
884 3388 1027 3470 arguunt
1047 3380 1223 3448 canonistae
1247 3409 1254 3447 ι

118 3509 226 3556 coecus
243 3489 295 3578 (ex
309 3487 404 3555 citata
417 3487 488 3578 lege
503 3491 534 3576 l,
550 3487 586 3556 ff.
603 3485 642 3554 de
656 3485 869 3578 Postulaodo)
886 3513 894 3554 ι
911 3485 1048 3556 infamia
1063 3486 1186 3578 insigni
1199 3508 1258 3554 no-

117 3595 177 3662 tati
196 3595 337 3684 (nempe,
356 3595 413 3685 qui
427 3593 600 3662 muliebria
618 3595 653 3662 in
667 3617 801 3686 corpore
818 3617 878 3663 suo
901 3595 1103 3664 consentiens
1119 3616 1176 3662 son
1192 3617 1258 3664 non

117 3700 242 3770 invitus
256 3723 369 3790 possus
381 3709 427 3769 est
435 3727 445 3789 ;
463 3700 637 3769 damnatus
649 3699 779 3791 publico
786 3698 909 3791 judicio
919 3699 959 3768 de
968 3699 1095 3793 capitali
1106 3701 1257 3789 crimine,

117 3807 171 3876 vel
185 3807 226 3876 de
241 3807 420 3896 calumnis3
439 3806 496 3901 qui
511 3829 624 3900 operes
638 3831 713 3876 suas
727 3807 768 3875 ad
780 3806 997 3899 pugnandum
1009 3830 1084 3876 cum
1099 3807 1210 3878 bestiis
1223 3811 1258 3878 in

116 3935 217 3982 arena
228 3913 307 3983 olim
322 3913 456 4007 locabat)
478 3917 528 4008 (ex
543 3915 638 3983 citata
652 3913 722 4004 lege
741 3919 772 4001 1,
785 3914 820 3983 ff.
836 3914 876 3983 de
886 3913 1119 4004 Postulondo):
1139 3916 1254 3986 cohor-

117 4020 210 4107 tales,
223 4021 257 4089 id
276 4028 336 4109 cst,
353 4023 553 4115 apparitores
575 4045 632 4091 seu
655 4021 809 4090 officiales
829 4021 1006 4114 praesidum
1021 4021 1104 4113 (lege
1126 4022 1254 4114 ultima,

117 4152 146 4194 c.
166 4126 206 4196 de
219 4127 402 4221 Advocatio)
421 4158 429 4198 ι
446 4128 564 4222 pagani
588 4137 620 4198 et
645 4129 789 4198 haeretici
814 4128 895 4220 (lege
917 4127 1045 4215 ultima,
1065 4151 1093 4196 c.
1112 4128 1152 4198 dc
1174 4134 1254 4200 Pos-

120 4234 277 4320 tulaodc;
299 4245 331 4305 st
357 4237 457 4308 simul
480 4259 601 4307 canone
624 4239 727 4309 Nemo
749 4239 781 4325 7,
805 4235 845 4305 de
868 4234 1077 4321 Paenitentia,
1105 4235 1180 4306 dist.
1211 4239 1252 4329 l).
