3056 4972
589 487 663 534 rans
685 485 789 536 aaran.
1192 465 1254 536 237

120 617 259 702 septam,
273 609 315 678 ab
329 607 434 678 officio
448 607 594 679 advocati
609 619 736 679 arcetur
755 609 870 702 judex,
886 607 992 702 quoad
1014 609 1104 678 illam
1125 631 1257 678 causam

120 719 155 785 in
172 739 237 809 qua
249 715 352 808 judex
367 716 558 786 eonstitutus
572 716 634 785 luit
643 743 653 803 ;
670 717 715 785 ita
733 726 770 785 ut
786 712 863 785 tuno¹
881 716 942 808 ipsi
958 739 1024 785 non
1039 715 1132 785 liceat
1148 716 1206 785 ulli
1218 737 1260 784 ex

121 823 325 914 litigantibus
350 823 545 915 patrocinari
573 822 655 915 (lege
681 823 834 914 Quisquis
855 827 887 909 6,
915 846 943 890 e.
966 822 1005 892 de
1027 823 1257 913 Postulondo).

122 931 194 999 lliei
223 931 321 999 etiam
350 937 453 1022 potest
475 929 635 1021 ejusmodi
664 929 913 1021 prohibitionem
945 953 986 998 ex
1018 931 1091 1022 jore
1120 931 1262 1000 naturali

123 1037 239 1118 llnere;
255 1036 394 1128 eoquod
410 1037 524 1106 merito
544 1034 725 1105 timendum
744 1037 785 1104 sit
799 1058 840 1106 ne
859 1036 931 1105 talis
943 1036 1045 1129 judex
1069 1039 1258 1107 senentiam

123 1145 207 1213 ferat
221 1145 255 1212 in
271 1143 416 1213 levorem
432 1143 484 1212 sui
500 1143 638 1212 clientis.
704 1193 709 1204 .

170 1256 204 1318 7⁰
218 1252 298 1320 item
317 1249 359 1320 ob
372 1250 624 1342 prohibitionem
640 1249 724 1342 juris
738 1249 890 1337 Romani,
911 1251 945 1318 in
964 1250 1035 1321 loro
1050 1252 1262 1322 eeclesiastico

124 1365 298 1448 receptam,
315 1357 465 1426 nonlicet
478 1357 716 1450 potentioribus
727 1356 868 1427 officium
883 1357 1030 1426 advocati
1049 1359 1138 1428 obire
1158 1359 1261 1452 (titulo

124 1467 177 1537 Ne
189 1465 283 1534 licem
296 1464 546 1557 potentioribus,
561 1468 614 1554 ll,
629 1464 703 1533 libri
720 1464 879 1533 2Codieis
893 1463 1112 1557 lastinianei).
1129 1467 1214 1535 Hine
1227 1468 1263 1536 in

121 1570 246 1663 juditio
259 1571 469 1640 eeclesiastico
483 1594 549 1641 nou
562 1571 754 1641 admittendi
769 1580 845 1641 sunt
855 1580 1009 1663 tanquam
1025 1573 1172 1642 advocati
1187 1596 1263 1642 ma-

125 1687 252 1772 gnates,
270 1703 329 1749 neo
342 1679 430 1749 ullus
444 1679 512 1748 sive
527 1678 675 1766 clericus,
690 1680 759 1748 sive
769 1679 882 1768 laicus,
897 1678 1019 1748 divitiis
1034 1679 1263 1750 muneribusve

125 1787 267 1880 publicis
282 1793 338 1856 aut
354 1786 471 1856 eliade
486 1809 595 1874 eausa,
613 1785 797 1855 notabiliter
816 1794 1011 1878 praepotens.
1033 1785 1128 1855 Ratio
1148 1796 1207 1876 est,
1223 1810 1264 1856 ne

126 1917 204 1985 pars
218 1892 354 1964 adversa
369 1893 584 1985 opprimatur.
601 1893 693 1963 Dicta
710 1905 818 1964 autem
839 1892 1015 1985 prohibitio
1031 1893 1106 1984 jure
1124 1896 1264 1965 naturali

126 1999 298 2089 fundatur,
322 2009 359 2070 nt
375 2007 473 2092 patet.

177 2111 208 2175 8⁰
219 2109 299 2177 Item
314 2131 334 2177 a
349 2129 484 2176 munere
499 2106 645 2177 adrorati
656 2107 730 2199 jure
745 2106 893 2176 Romano
912 2088 1064 2178 areentur
1082 2109 1264 2181 litterarum

126 2224 161 2285 et
170 2215 296 2307 jurium
307 2215 450 2308 imperiti
467 2213 549 2305 (lege
561 2217 628 2288 Nee
641 2227 833 2284 eaetoomm
847 2217 880 2302 2,
895 2215 980 2284 tituli
995 2215 1035 2284 de
1048 2218 1261 2303 Postulondo,

126 2322 257 2393 Codicis
271 2321 492 2414 iustinianei).
506 2322 626 2391 Utrum
646 2330 754 2392 autem
770 2330 802 2390 et
815 2344 882 2413 quo
900 2345 998 2392 sensu
1015 2324 1190 2414 probibitio
1210 2327 1265 2395 ille

126 2433 200 2501 vim
211 2431 327 2499 babeat
336 2429 372 2499 in
384 2429 687 2516 foroecelesiastioo,
701 2452 767 2498 non
779 2429 859 2497 mibi
869 2428 963 2520 plane
976 2429 1086 2521 liquet.
1102 2431 1137 2499 Si
1150 2455 1266 2525 nempe

127 2539 297 2607 notorium
310 2537 352 2605 sit
363 2537 505 2630 aliquem
521 2559 589 2606 esse
600 2536 715 2606 rudem
728 2537 762 2605 in
775 2536 892 2604 litteris
908 2545 939 2604 et
950 2536 1023 2627 jure
1037 2539 1201 2627 canonico,
1213 2542 1265 2610 vi-

127 2645 227 2713 detur
239 2667 259 2712 a
269 2644 377 2734 judice
390 2643 503 2736 repelli
516 2665 623 2735 posse,
639 2652 695 2712 aut
710 2643 805 2711 etiam
824 2643 953 2731 debere,
975 2666 1015 2711 ne
1032 2643 1140 2714 clienti
1155 2659 1267 2718 noceat

127 2750 357 2843 potiusquam
380 2750 503 2841 prosit;
531 2757 563 2817 et
581 2749 641 2818 hoe
662 2771 756 2818 sensu
777 2770 894 2839 urgere
914 2749 949 2817 in
968 2749 1039 2819 toro
1056 2751 1267 2824 eeclesiastico

126 2859 250 2926 dietam
272 2856 400 2926 Codicis
424 2855 617 2926 lastinianai
637 2855 889 2948 prohibitionem
916 2855 978 2924 diei
1003 2865 1117 2949 potest.
1144 2862 1266 2934 Alvero

128 2972 245 3034 utrum
261 2985 389 3033 necesse
403 2962 456 3052 sit,
474 2970 510 3032 ut
521 2964 578 3055 qui
590 2984 698 3032 eoram
705 2962 814 3054 judice
825 2962 1118 3034 eeclesiasticovult
1129 2968 1267 3039 advoca-

129 3084 206 3141 tum
219 3093 327 3162 agere,
344 3070 473 3164 publiea
484 3070 660 3143 obtinuerit
674 3068 858 3139 idoneitatis
874 3070 1069 3159 testimonia,
1085 3097 1142 3143 seu
1158 3085 1194 3144 ut
1207 3101 1266 3170 ap-

130 3179 289 3274 probatos
313 3178 410 3248 fuerit
433 3178 475 3247 ad
498 3176 665 3269 publicum
684 3174 860 3245 advocatie
878 3176 1033 3266 officium,
1055 3189 1175 3252 attento
1193 3184 1268 3275 jure

130 3287 301 3358 communi
325 3287 434 3355 forsan
452 3283 611 3376 disputari
630 3293 748 3376 posset.
764 3283 812 3353 De
832 3307 896 3377 quo
920 3286 1079 3356 nonnulla
1101 3289 1270 3362 dumtaxat

131 3395 379 3481 adnotabimus,
395 3415 511 3483 nempe
528 3419 536 3459 :

185 3507 217 3570 9⁰
231 3501 282 3569 Ad
292 3499 518 3592 quaestionem,
532 3509 648 3566 utrum
660 3497 731 3589 quis
740 3496 854 3567 dedam
866 3521 930 3568 esse
941 3500 987 3569 ad
1000 3501 1270 3596 officiompodli..

132 3633 215 3682 eum
230 3609 380 3679 advocati
394 3606 606 3699 approbatos,
629 3618 668 3675 ut
684 3607 787 3698 possit
801 3629 912 3676 eoram
928 3609 1045 3700 judice
1063 3613 1269 3684 ecclesiastem

129 3741 199 3812 pro
215 3718 287 3787 aliis
299 3716 480 3809 postulare,
497 3737 553 3783 seo
565 3713 716 3782 advocati
729 3715 873 3806 officium
888 3739 1042 3801 morere,
1057 3718 1185 3791 videtur
1201 3723 1270 3792 dis-

135 3825 355 3915 tinguendum
368 3823 455 3892 inter
472 3821 526 3913 jus
543 3843 727 3908 commune,
744 3829 776 3890 et
794 3823 848 3912 jus
863 3823 959 3892 alicui
984 3825 1086 3894 euriae
1103 3829 1271 3901 eeclesias-

134 3936 212 4003 tieae
224 3932 405 4024 proprium.
424 3929 476 3997 Ad
493 3930 547 4020 jus
566 3950 738 3997 commune
752 3929 839 4020 quod
864 3932 989 4019 attinet,
1006 3932 1130 4003 nullam
1144 3942 1272 4030 reperio

134 4045 245 4130 legem
256 4037 499 4109 eeclesiasticam
512 4044 568 4106 aut
575 4035 659 4127 juris
668 4035 808 4105 Romani
817 4037 851 4104 in
862 4037 932 4108 loro
943 4040 1152 4112 eeclesiastico
1160 4069 1271 4140 recep-

135 4161 207 4218 tam
222 4145 477 4238 dispositionem,
491 4165 556 4236 qua
569 4144 758 4212 decernatur
767 4143 928 4234 litigantes
940 4147 1039 4214 teneri
1050 4147 1092 4218 ad
1105 4171 1271 4222 assumen-

136 4258 200 4335 dos
212 4251 1076 4346 advocatossuosernumeroeorumquiputlioepro
1089 4257 1274 4352 hujusmodi
