3056 4972
581 482 656 526 rans
678 483 785 528 rarus.
1192 461 1250 526 167

112 624 221 692 presse
235 603 276 670 ab
287 625 326 672 eo
339 611 489 695 exceptas
501 603 715 672 declarassent
729 603 968 690 universitates,
983 626 1109 673 necnon
1123 603 1252 672 ordines

8 717 10 728 ’
114 711 327 800 regularium,
352 710 487 800 collegia
507 712 689 796 doctorum,
705 719 736 779 et
761 711 942 802 hospitalia,
958 720 994 779 ut
1020 711 1054 778 in
1082 715 1145 780 tine
1166 711 1253 778 citati

113 818 230 908 capitis
245 816 376 906 legitur.

161 929 191 991 l.
210 924 323 1006 Quoad
338 925 468 992 ordines
484 948 562 994 vero
579 925 846 1012 mendicantium,
863 949 928 994 non
944 933 1070 994 tantum
1082 926 1255 995 imminuta

113 1054 180 1099 non
203 1031 266 1099 fuit
286 1054 305 1098 a
326 1031 516 1100 Tridentino
536 1030 662 1123 synodo
683 1042 925 1101 conservatores
945 1031 1084 1100 habendi
1105 1031 1253 1118 facultas,
1367 1125 1370 1134 ,

113 1140 170 1207 sed
185 1161 203 1207 e
217 1147 331 1208 contra
345 1139 498 1231 ampliata
520 1149 568 1207 est
584 1163 642 1231 per
655 1139 762 1210 bullas
777 1141 927 1229 Gregorii
944 1140 1022 1208 lllll
1037 1149 1067 1208 et
1083 1140 1117 1208 S.
1137 1141 1185 1208 Pii
1202 1141 1252 1224 V;

112 1269 255 1337 quarum
269 1247 485 1315 substantiam
500 1248 546 1314 sic
562 1248 723 1316 contraxit
739 1246 1042 1337 Scbmalzgrueber.

162 1382 179 1418 ιι
194 1354 320 1436 ramo,
333 1351 462 1422 ordines
474 1354 537 1439 isti,
548 1363 669 1446 praeter
683 1375 836 1445 personas
852 1377 951 1445 supra
966 1353 1151 1437 recensitas,
1163 1375 1254 1422 assu-

113 1489 131 1527 ιι
158 1483 246 1530 mere
261 1462 296 1528 in
307 1459 433 1552 judices
446 1469 699 1542 conservatores,
715 1461 781 1529 imo
792 1469 825 1529 et
839 1459 1080 1546 ordinarios,ad
1096 1459 1255 1528 servanda

114 1597 132 1634 ιι
156 1577 189 1636 et
214 1565 334 1636 tuenda
357 1591 416 1636 sua
440 1569 517 1658 jura
538 1577 569 1636 et
592 1567 764 1658 privilegia
788 1573 935 1658 possunt,
960 1567 1055 1636 etiam
1082 1567 1255 1634 canonicos

113 1703 131 1739 ιι
157 1677 481 1768 metropolitanarum
496 1675 549 1744 vel
571 1674 806 1744 cathedralium
829 1674 1050 1758 ecclesiarum,
1067 1681 1098 1742 et
1118 1673 1255 1742 vicarios

113 1811 131 1847 ιι
155 1783 485 1876 archiepiscoporum
503 1783 553 1854 vel
568 1783 804 1874 Episcoporum
819 1783 854 1849 in
867 1780 1103 1873 spiritualibus,
1120 1803 1255 1850 eorum-

113 1916 130 1954 o
155 1913 220 1981 que
234 1889 388 1958 officiales
406 1889 573 1978 generales
589 1889 725 1957 ubilibet
739 1888 943 1956 constitutos.

159 2019 177 2064 s
204 1996 364 2078 Secundo,
384 1997 480 2064 iidem
503 1997 622 2086 eligere
648 1997 709 2064 sibi
732 1995 894 2086 ejusmodi
916 2002 1157 2064 conservatores
1181 2017 1255 2086 pos·

114 2132 132 2168 ιι
157 2115 235 2172 sunt
246 2104 279 2172 in
291 2104 551 2196 quibuscumque
563 2103 669 2172 causis
681 2103 751 2170 sive
762 2101 998 2188 criminalibus,
1012 2101 1079 2169 sive
1091 2101 1253 2188 civilibus,

116 2239 135 2276 ιι
156 2212 227 2280 sive
242 2212 367 2298 mixtis,
383 2213 452 2279 sive
466 2221 591 2280 actores
605 2210 683 2295 sint,
700 2212 768 2278 sive
784 2210 857 2278 Rei.

163 2346 180 2384 ι
207 2319 323 2400 Tertio,
346 2325 589 2387 conservatores
613 2317 657 2385 sic
684 2317 842 2408 assumpti
866 2337 1058 2407 cognoscere
1079 2316 1254 2384 summarie

114 2452 133 2490 ιι
157 2435 191 2494 et
216 2426 389 2518 procedere
410 2427 478 2494 sinc
502 2425 638 2516 strepitu
657 2424 807 2516 judiciali
828 2431 976 2515 possunt,
992 2444 1058 2490 non
1079 2431 1202 2492 tantum
1221 2425 1255 2490 iu

115 2559 134 2598 ιι
158 2535 265 2602 causis
279 2534 469 2620 manifestis,
486 2532 542 2602 sed
559 2533 654 2601 etiam
673 2531 707 2598 iu
722 2531 763 2598 iis
778 2554 853 2622 qum
867 2529 1053 2622 judicialem
1069 2529 1255 2620 indaginem

114 2669 132 2706 ιι
157 2643 343 2735 requirunt.

161 2776 180 2815 ιι
207 2754 345 2834 Quarto,
364 2749 462 2818 iidem
487 2757 728 2818 conservatores
742 2746 829 2815 ultra
844 2768 944 2814 unam
958 2745 1105 2830 dietam,
1120 2767 1186 2814 non
1207 2753 1255 2813 ta-

115 2885 132 2922 ιι
158 2879 235 2926 men
251 2856 335 2925 ultra
346 2865 411 2924 tres
425 2855 539 2924 diaetas
549 2863 641 2922 extra
656 2853 858 2944 provinciam
873 2860 981 2943 partes
996 2853 1094 2920 citare
1106 2863 1252 2944 possunt.

162 2991 181 3028 ιι
207 2964 340 3047 Quinto,
360 2973 494 3056 possunt
562 2963 648 3032 vices
663 2984 738 3030 suas
753 2960 825 3029 aliis
839 2959 1038 3028 committere
1053 2967 1084 3027 ct
1105 2958 1254 3028 subdele-

113 3101 131 3139 «
157 3095 248 3162 gare.

161 3206 181 3242 ιι
204 3182 317 3260 Scato,
348 3200 460 3248 eorum
489 3177 673 3269 jurisdictio
696 3177 793 3246 etiam
819 3175 926 3267 quoad
955 3174 1084 3263 negotia
1110 3176 1255 3245 nondum

112 3313 129 3350 ιι
157 3293 276 3377 coepta,
292 3287 359 3355 imo
375 3287 485 3354 futura
499 3292 638 3372 tantum,
656 3291 758 3352 morte
772 3282 975 3352 concedentis
995 3304 1060 3351 non
1082 3283 1219 3373 expirat.
1235 3307 1251 3346 a

113 3393 166 3482 (In
184 3391 313 3460 titulum
331 3395 385 3477 29,
402 3390 477 3459 libri
496 3394 509 3457 l
534 3391 674 3477 liceret,
691 3412 724 3456 n.
746 3390 812 3478 54.)

162 3525 180 3561 ιι
204 3498 268 3568 Sed
289 3499 361 3566 baec
383 3498 495 3567 omnio
511 3496 612 3588 (addit
638 3496 758 3564 ibidem
776 3497 890 3564 citatus
905 3495 1029 3585 auctor)
1047 3495 1256 3584 intelligenda

113 3635 130 3670 ιι
156 3615 236 3674 suut
247 3627 323 3672 cum
338 3603 556 3674 moderatione
568 3627 666 3696 quam
681 3603 715 3670 in
729 3602 877 3694 pluribus
889 3599 963 3668 fcerit
974 3601 1151 3690 Gregorius
1163 3602 1254 3687 XIV,

113 3742 130 3778 ι
157 3712 387 3782 constitutione
398 3735 473 3803 qua
492 3710 605 3802 incipit
621 3709 902 3778 Sanctissimnsttl
916 3707 1105 3799 septembris
1123 3711 1219 3774 1621.
1236 3734 1252 3770 ιι

112 3824 161 3890 De
187 3843 253 3912 quo
276 3820 406 3911 plenius
427 3821 461 3886 in
481 3825 617 3886 tractatu
640 3817 679 3886 de
701 3815 871 3885 ordinibus
894 3825 925 3883 et
951 3814 1256 3905 congregationibus

109 3927 275 4018 religiosis
298 3927 504 3996 disseremus.
