3046 4968
563 534 638 584 ems
661 533 768 586 rama.
1193 515 1230 584 at

140 656 327 728 Paorosrno
342 659 413 728 ΙΨ.
428 663 591 728 -Potest
605 661 719 742 laicus,
736 684 776 726 ea
790 659 991 750 delegatione
1004 661 1138 730 Summi
1152 664 1237 729 Pou-

96 766 203 856 rtfieis,
221 791 289 834 nou
304 791 378 836 uero
394 790 435 834 ea
451 767 653 858 delegatione
668 767 804 835 alterius
820 768 955 858 praelati
970 768 1182 849 ecclesiastici,
1199 767 1238 836 de

95 874 200 940 curicis
221 875 449 964 spiritualibus
472 897 668 964 cognoscere.
688 913 731 924 -
751 899 766 936 a
782 873 862 942 Pars
881 876 986 964 prima
1003 875 1130 966 (nempe
1151 879 1237 966 qnod

99 1007 116 1042 a
139 979 172 1046 id
188 981 290 1070 possit
307 1004 348 1048 ex
365 981 564 1070 delegatione
589 980 717 1048 Summi
743 979 918 1070 Pontificis)
939 991 1023 1072 patet
1038 1005 1078 1049 ex
1094 981 1239 1071 plenitu—

99 1113 115 1148 ιι
139 1084 215 1154 dine
232 1088 397 1176 potestatis
412 1111 510 1178 quarn
527 1087 838 1155 universalissimam
852 1088 941 1178 Papa
955 1087 1062 1170 habet,
1082 1099 1116 1156 ut
1132 1111 1190 1178 per
1205 1115 1238 1158 se

98 1219 115 1254 a
138 1192 190 1259 vel
214 1216 273 1284 per
293 1194 375 1262 alios
395 1203 567 1284 cognoscat
586 1193 626 1260 de
648 1193 737 1262 omni
761 1215 859 1264 causa
884 1194 1056 1284 spirituali,
1075 1195 1171 1264 modo
1191 1197 1240 1266 illi

97 1325 113 1360 a
138 1321 196 1388 per
212 1322 295 1390 quos
310 1302 485 1390 cognoscit,
500 1323 565 1370 non
580 1302 645 1368 sint
657 1300 731 1391 jure
748 1299 860 1368 divino
876 1299 1047 1368 inhabiles.
1062 1301 1162 1394 Atqui
1179 1303 1239 1371 lai-

97 1432 113 1468 α
136 1429 195 1472 cus
213 1415 343 1474 nonest
356 1407 429 1497 jure
444 1408 562 1502 divino¹
573 1405 728 1475 inhabilis
743 1406 783 1475 ad
805 1405 1029 1496 cognoscenda
1044 1409 1237 1498 spiritualia,

97 1539 114 1575 a
136 1513 165 1580 si
186 1512 221 1579 id
242 1523 329 1602 agat,
347 1536 411 1580 non
434 1513 568 1604 proprio
593 1513 649 1580 sed
672 1513 778 1580 alieno
806 1512 948 1580 nomine.
972 1513 1078 1602 lgitur
1094 1536 1152 1604 per
1166 1513 1239 1582 illos

97 1647 113 1681 a
139 1629 297 1711 tanquam
314 1619 476 1710 delegatos
503 1643 579 1688 suos
599 1621 716 1710 poterit
731 1641 769 1687 ea
793 1618 881 1708 Papa
900 1641 1092 1707 cognoscere
1107 1628 1139 1687 et
1149 1619 1240 1710 judi-

96 1755 111 1790 e
136 1749 227 1796 care.
240 1766 284 1778 -
300 1727 380 1794 Pars
395 1728 537 1796 secunda
554 1729 681 1818 (nempe
697 1725 783 1817 quod
807 1726 909 1794 laicus
925 1749 991 1794 non
1007 1728 1107 1816 possit
1122 1727 1163 1794 ad
1180 1729 1239 1798 boc

95 1861 112 1898 a
137 1835 284 1924 delegari
300 1835 341 1902 ab
355 1835 418 1902 alio
432 1857 531 1928 quarn
545 1835 694 1903 Romano
713 1833 879 1924 Pontifice)
898 1843 1020 1902 constat
1039 1857 1079 1902 ex
1096 1857 1147 1922 ee,
1163 1838 1240 1927 quia

95 1969 111 2004 e
136 1941 332 2031 Episcopus,
350 1941 400 2008 vel
416 1941 500 2010 alius
514 1941 601 2032 Papa
621 1939 768 2026 inferior,
788 1939 902 2031 nequit
918 1936 964 2026 id,
980 1937 1067 2028 quod
1088 1937 1163 2028 jure
1178 1963 1238 2008 su-

95 2075 111 2110 a
138 2047 261 2138 perimi
274 2047 483 2114 constitutum
499 2057 558 2132 est,
574 2047 752 2135 abrogare,
768 2045 859 2136 atqui
873 2045 1034 2134 superiori
1050 2044 1137 2134 jure,
1153 2068 1239 2136 pon-

94 2180 111 2216 a
137 2150 240 2219 tificio
255 2174 384 2243 nempe,
400 2152 613 2220 constitutum
630 2160 677 2218 est
692 2173 731 2218 ne
747 2150 821 2217 laici
838 2150 1039 2218 immisceant
1052 2172 1086 2217 se
1101 2151 1241 2240 negotiis

94 2286 111 2322 a
137 2257 377 2350 spiritualibus,
400 2281 456 2350 per
478 2268 574 2350 caput
600 2257 808 2324 Decernimus
829 2261 862 2343 2,
886 2255 925 2324 de
944 2254 1081 2324 tudiciis
1104 2267 1135 2323 et
1158 2257 1239 2326 alios

1 2371 2 2388 ³
94 2393 112 2430 a
138 2373 266 2452 textus5
296 2387 386 2454 ergo.
417 2391 433 2429 »
468 2363 741 2456 (Smalzgrueber,
771 2365 806 2430 in
847 2362 979 2432 titulum
1019 2361 1058 2430 de
1088 2362 1234 2448 tudiciis,

1 2533 2 2546 ,
92 2497 128 2540 n.
154 2475 223 2562 56.)

137 2579 191 2646 Ex
217 2580 368 2670 prasenti
395 2579 489 2664 thesi,
517 2601 591 2669 quae
618 2587 665 2645 est
691 2577 839 2646 doctrina
865 2577 1048 2644 communis
1070 2574 1239 2647 doctorum

1 2757 2 2782 ,
89 2683 344 2771 catholicorum,
362 2685 499 2776 quisque
518 2683 610 2752 facile
624 2693 715 2752 eruet
739 2707 838 2776 quam
854 2683 1034 2751 absurdum
1047 2685 1089 2752 sit
1104 2685 1238 2774 gallica-

89 2792 195 2859 nismi
211 2791 448 2881 parlamentarii
464 2790 683 2878 ratiocinium,
700 2814 765 2883 quo
785 2799 974 2880 potestatem
993 2813 1108 2879 regum
1123 2791 1238 2860 Galliae

89 2921 164 2966 sese
179 2897 399 2986 spiritualibus
420 2897 557 2986 negotiis
579 2896 795 2984 immiscendi,
811 2897 1010 2966 concludunt
1030 2921 1070 2964 ex
1090 2920 1128 2965 eo
1149 2897 1237 2990 quod

1 3043 2 3090 ss
91 3008 133 3072 de
158 3003 241 3071 facto
263 3004 340 3071 olim
356 3005 389 3070 in
410 3005 450 3071 iis
472 3004 717 3071 intervenerint.
736 3003 856 3096 Utique
883 3003 991 3072 causis
1015 3004 1238 3094 spiritualibus

87 3111 279 3201 judicandis
299 3133 367 3178 sese
393 3110 567 3199 aliquando
593 3111 843 3179 intromiserunt
869 3132 974 3199 reges,
997 3112 1092 3178 etiam
1120 3113 1237 3202 pietate

1 3235 2 3252 ¹
92 3217 281 3309 conspicui;
298 3226 329 3284 at
348 3217 565 3284 consentiente
585 3217 733 3285 Romano
757 3216 926 3302 Pontifice,
943 3218 1000 3308 qui
1026 3217 1058 3284 id
1080 3221 1238 3308 muneris,

93 3348 156 3416 pro
174 3325 272 3415 bajus
287 3323 350 3392 aevi
365 3323 610 3410 consuetudine,
629 3324 675 3391 eis
694 3323 921 3391 demandabat.
938 3323 1087 3414 Cumque
1102 3327 1126 3394 ii
1146 3327 1237 3417 priu-

93 3435 185 3524 cipes
207 3433 341 3499 minime
363 3431 563 3499 somniarent
590 3431 650 3499 boc
674 3431 735 3498 sibi
751 3431 826 3521 jure
846 3431 936 3520 regio
951 3431 1074 3521 deberi,
1091 3457 1156 3502 non
1179 3457 1237 3525 pe-

94 3539 250 3624 riculosa,
274 3539 330 3605 sad
362 3537 514 3604 Ecclesia
550 3537 721 3604 utilissima
754 3537 949 3628 quandoque
981 3537 1137 3606 evadebat
1166 3541 1236 3610 haec

94 3647 262 3736 frequens,
278 3654 309 3712 et
325 3653 550 3734 permanenter
565 3643 648 3711 lorte
663 3667 704 3710 ex
721 3643 953 3711 consuetudine
967 3645 1162 3732 introducta,
1181 3649 1237 3716 de·

94 3753 226 3842 legatio.
244 3749 339 3832 Quod
359 3773 437 3840 ergo
459 3750 603 3839 legitime
616 3774 636 3817 a
651 3751 812 3842 praedictis
838 3751 982 3840 regibus,
1000 3752 1042 3819 ob
1056 3752 1236 3842 delegatam

93 3861 209 3952 ipsisa
228 3859 375 3927 Romano
397 3857 554 3926 Pontibce
577 3866 775 3947 potestatem,
794 3867 974 3948 peractum,
993 3859 1028 3926 id
1051 3860 1182 3930 nulliter
1203 3873 1236 3931 et

1 3997 2 4018 ι
93 3969 262 4058 illegitime
277 3965 339 4034 fuit
357 3973 547 4033 attentatum
571 3964 612 4032 ab
633 3987 746 4033 eorum
772 3965 1023 4055 successoribus,
1041 3969 1100 4060 qui
1120 3969 1234 4039 eadem

93 4077 157 4144 sibi
172 4077 246 4167 J'ure
261 4074 406 4166 proprio,
420 4085 452 4140 et
467 4071 624 4140 renitente
640 4072 739 4164 Papa,
758 4071 922 4141 vindicare
938 4074 1008 4142 ausi
1023 4085 1109 4143 sunt.
