3032 4976
281 461 342 528 262
653 481 826 528 reserares
851 483 888 528 oa
910 481 1043 528 runicus.

279 619 362 686 tecm,
378 627 453 698 qum
469 625 585 697 nempe
601 603 777 695 respiciunt
787 625 940 694 regnum,
953 604 1112 674 deitatem
1118 658 1128 691 ,
1141 614 1198 674 ant
1211 606 1307 675 aliam
1323 629 1408 676 com-

277 713 490 782 munitatem:
507 735 547 780 ne
561 711 763 804 privatorum
786 712 988 803 pactionibus
1006 712 1236 806 prejudicium
1254 715 1409 784 inferatur

275 820 361 890 bono
393 819 535 910 publico.
568 822 600 886 8ο
626 819 740 887 Causas
767 839 880 887 omues
908 840 1005 910 super
1033 819 1153 911 quibus
1187 821 1322 910 transigi
1354 843 1409 889 ns-

275 927 356 1019 qnit.
378 925 474 1018 (Vide
503 923 806 1015 Schmalzgrneber,
829 924 864 992 in
888 923 937 994 tit.
964 928 1018 1014 4³,
1038 924 1114 994 libri
1140 929 1153 994 l
1183 927 1407 1016 Decretalium,

274 1057 307 1102 n.
327 1035 394 1124 16.)

317 1143 417 1210 Noto.
447 1139 618 1222 Quomodo
645 1137 854 1230 dignoscatur
877 1148 987 1208 utrum
1014 1150 1199 1231 competens
1225 1141 1265 1209 sit
1290 1143 1410 1210 arbiter

266 1249 369 1338 juris,
388 1268 453 1315 non
470 1255 517 1314 est
533 1269 592 1315 cur
607 1247 770 1337 speciatim
785 1247 1000 1339 expendatur.
1016 1248 1149 1316 Arbiter
1163 1248 1249 1316 enirn
1263 1249 1348 1339 juris
1364 1257 1409 1318 est

270 1354 310 1423 ad
335 1355 436 1422 instar
459 1352 578 1445 judicis
603 1354 742 1442 delegati
766 1352 873 1444 quoad
900 1353 1145 1423 determinatam
1169 1355 1311 1448 aliquam
1334 1379 1410 1424 cau-

272 1485 353 1550 sam,
379 1470 411 1530 et
436 1461 547 1530 eodem
581 1459 677 1530 modo
703 1483 739 1528 ac
767 1481 825 1550 pro
849 1459 957 1551 judice
984 1459 1131 1550 delegato
1154 1461 1257 1550 ipsius
1279 1483 1410 1552 compe-

271 1571 371 1638 tentia
408 1567 552 1658 dignosci
592 1576 707 1660 potest.
745 1567 786 1634 Et
822 1567 895 1636 ideo
935 1567 1105 1658 requisitas
1143 1567 1343 1636 conditiones
1377 1576 1410 1636 ut

271 1677 391 1746 arbiter
419 1675 562 1764 legitime
599 1676 826 1760 constituatur,
857 1674 897 1743 ad
933 1673 1073 1742 arbitros
1114 1675 1410 1766 compromissarios

272 1783 513 1853 restrinximus.

316 1892 373 1961 lV.
414 1895 458 1958 lle
487 1889 716 1981 jurisdictione
745 1911 801 1956 sen
831 1889 1046 1980 competentia
1082 1912 1123 1958 ee
1157 1891 1408 1972 reconventione,

270 2021 376 2068 carere
402 1997 600 2066 connexione
625 2009 656 2064 et
677 1996 853 2088 privilepio
881 2009 1007 2064 auerte.
1035 2035 1080 2048 -
1105 1997 1281 2065 Recensitis
1309 1997 1410 2066 modis

267 2104 526 2199 jurisdictionem
553 2127 608 2172 seu
627 2104 872 2194 competentiam
894 2103 1186 2173 extraordinariam
1209 2105 1409 2198 acquirendi,

272 2211 526 2284 anirumerandae
549 2219 626 2278 stant
654 2211 873 2298 reconventio,
897 2232 1003 2280 causae
1029 2211 1201 2298 connexio,
1221 2221 1253 2280 et
1277 2215 1411 2305 privile-

272 2323 385 2412 gium3
402 2319 442 2386 de
458 2318 578 2411 quibus
593 2326 738 2386 remanet
759 2317 915 2386 tradenda
934 2317 1042 2409 quoad
1068 2330 1261 2410 presentem
1278 2343 1410 2414 scopum

272 2430 372 2499 notio.
1501 2515 1502 2526 ,

319 2541 349 2604 1.
367 2535 450 2619 Quid
477 2535 518 2603 sit
541 2533 762 2617 reconventio,
779 2541 810 2601 et
837 2534 1001 2626 quomodo
1025 2556 1174 2626 peream
1199 2535 1315 2626 judex,
1332 2536 1413 2606 alio-

271 2645 350 2736 quin
378 2643 611 2731 incompetens,
638 2647 825 2729 competens
849 2639 977 2708 evadat.
1002 2677 1048 2692 -
1073 2639 1211 2722 Quando
1238 2642 1327 2712 Reus
1354 2665 1413 2712 eo-

271 2775 341 2820 ram
367 2748 475 2841 judice
505 2755 696 2830 conventus,
720 2745 863 2813 vicissim
892 2745 962 2837 ipse
985 2748 1134 2814 Actorem
1158 2769 1268 2816 coram
1298 2749 1412 2818 eodem

269 2860 378 2965 jndice
393 2853 555 2940 convenit,
573 2853 644 2944 ejrrs
658 2861 748 2920 actus
763 2854 961 2921 recensentis
978 2863 1123 2921 vocatur.
1140 2855 1177 2921 ln
1192 2877 1289 2922 cansa
1303 2865 1411 2925 autem

272 2991 371 3062 quam
387 2966 474 3034 Reus
488 2963 533 3030 sic
549 2959 797 3029 recensent-'endo
815 2961 965 3052 proponit
981 2970 1092 3029 contra
1106 2962 1272 3047 Actorem,
1289 2964 1360 3054 ipse
1376 2967 1412 3032 lit

273 3079 385 3157 Actor,
414 3077 444 3136 et
473 3067 542 3133 vice
571 3087 664 3132 versa
694 3067 793 3132 Actor
823 3063 882 3132 Rei
911 3089 1082 3157 personam
1110 3067 1229 3137 induit.
1262 3070 1359 3138 Unde
1386 3071 1413 3138 si

273 3179 383 3247 stricte
408 3183 591 3242 servaretur
617 3171 750 3241 celebris
776 3171 902 3261 regula,
921 3174 1016 3242 Actor
1035 3176 1146 3265 sorum
1170 3176 1229 3243 Rei
1252 3178 1410 3267 sequitur,

274 3288 331 3379 qui
357 3281 553 3362 reconvenit,
583 3301 646 3347 non
672 3286 777 3370 posset
803 3278 835 3346 id
860 3279 964 3348 lacere
990 3282 1053 3349 nisi
1077 3303 1186 3351 coram
1213 3283 1371 3352 tribunali
1395 3307 1414 3353 a

273 3417 338 3486 quo
353 3389 470 3484 pendet
485 3386 621 3454 adversa
636 3407 723 3476 pars.
742 3385 807 3454 Sed
821 3386 896 3478 jure
916 3387 1082 3476 canonico,
1100 3411 1164 3456 non
1188 3389 1298 3456 minus
1314 3413 1412 3482 quam

272 3498 486 3579 tustinianeo,
502 3499 633 3560 cantum
658 3501 717 3577 est,
738 3500 775 3559 ut
797 3493 853 3560 ubi
880 3492 917 3560 fit
943 3495 1127 3580 conventio,
1143 3494 1190 3563 ibi
1216 3495 1316 3564 simul
1343 3500 1414 3566 lieri

274 3607 375 3701 possit
391 3599 616 3684 reconventi03
637 3605 669 3665 et
689 3597 790 3688 judex
810 3600 867 3690 qni
889 3599 1146 3690 jurisdictionem
1169 3601 1265 3670 habet
1286 3603 1328 3670 ad
1344 3614 1414 3674 ter-

275 3710 461 3783 minandam
484 3727 614 3775 causam
636 3705 874 3793 conventionis,
892 3706 952 3775 hoc
971 3708 1042 3799 ipso
1062 3709 1216 3799 aequalem
1241 3709 1359 3780 babeat
1373 3712 1414 3780 ad

273 3816 512 3891 terminandam
526 3811 624 3880 simul
635 3833 764 3880 cansam
779 3814 1053 3894 reconventionis;
1068 3824 1104 3882 ut
1116 3823 1202 3906 patet
1214 3839 1254 3882 ex
1267 3816 1368 3887 titulo
1380 3824 1414 3904 l,

274 3929 313 3998 de
335 3924 457 3995 mutuis
482 3917 708 4000 Petilianibns,
726 3917 841 3987 librit
865 3920 1092 3990 Decretalium.
1115 3922 1155 3989 Et
1178 3923 1224 3990 sic
1248 3925 1360 3992 evenit
1381 3936 1416 3993 ut

271 4033 385 4129 judex,
396 4030 453 4122 qui
463 4025 688 4121 iurisdictione
697 4025 732 4092 in
741 4024 883 4116 aliquam
896 4049 1024 4096 causam
1038 4037 1171 4112 careret,
1184 4050 1255 4096 eam
1267 4033 1416 4121 acquirat

275 4144 303 4211 si
318 4159 415 4208 (eausa
429 4136 498 4204 haec
513 4154 571 4226 per
586 4131 719 4202 modum
739 4134 998 4204 reconventionis
1016 4157 1124 4204 coram
1140 4135 1241 4227 ipsius
1257 4137 1415 4208 tribunali

274 4251 485 4350 proponatur.
