3046 4968
275 455 315 518 to
631 480 807 526 rasurarus
835 481 874 526 us
896 482 1032 527 rupious

274 595 401 666 siastioo
415 598 632 672 adcensendas
648 623 729 686 esse,
745 623 826 692 quas
839 601 881 670 ad
895 602 1005 670 forum
1024 601 1104 670 illud
1121 603 1283 694 pertinere
1305 625 1414 673 neees-
1514 606 1517 614 ’

274 704 395 774 sarium
416 714 464 775 est
487 715 543 775 aut
565 717 785 799 opportunum
807 715 842 776 ut
864 707 964 778 finem
990 709 1051 777 sibi
1077 708 1246 801 proprium
1273 711 1416 779 Ecclesia

275 813 502 881 convenienter
521 814 621 906 possit
639 837 843 905 promovere.
871 814 950 884 Inde
972 839 1070 908 porro
1096 817 1243 908 sequitur
1261 818 1415 909 spiritua·
1519 815 1520 844 ¹

273 917 320 984 les
348 941 461 988 causas
487 921 706 990 ecclesiasticae
741 921 962 1011 jurisdictioni
1000 922 1116 1014 subjici
1148 921 1264 992 debere
1297 951 1304 991 ε
1338 947 1414 992 uam

272 1024 415 1094 Ecclesia
429 1027 528 1095 finem
543 1027 605 1096 sibi
620 1028 804 1122 proprium,
822 1030 959 1098 salutem
976 1051 1092 1122 nempe
1112 1030 1308 1118 animarum,
1326 1053 1417 1123 prae-
1519 1053 1520 1132 ᾗ

273 1132 369 1222 cipue
383 1142 552 1224 promovet
566 1157 624 1226 per
639 1156 748 1204 rerum
765 1159 930 1205 sacrarum
947 1136 1222 1228 dispensationem
1236 1146 1267 1205 et
1281 1138 1417 1206 ordina·
1519 1159 1520 1228 ᾗ

273 1239 395 1308 tionem
415 1267 422 1307 :
439 1263 493 1309 eas
507 1261 584 1309 vero
600 1251 685 1310 recte
706 1243 859 1311 ordinare
875 1252 906 1311 et
922 1242 1109 1335 dispensare
1131 1266 1197 1312 non
1216 1253 1333 1335 posset,
1351 1245 1418 1313 nisi
1519 1231 1520 1290 l

273 1347 371 1414 simul
386 1370 500 1416 causas
515 1356 546 1416 et
562 1347 634 1418 lites
650 1349 690 1418 dc
704 1349 820 1419 iisdem
834 1358 921 1420 ortas
936 1351 1006 1441 ipsa
1022 1349 1202 1436 dirimeret,
1214 1359 1252 1419 ut
1267 1352 1343 1420 satis
1357 1373 1417 1442 per
1519 1361 1520 1378 ³

273 1477 308 1521 se
321 1463 418 1545 patet.

317 1559 478 1630 Probatur
493 1562 601 1644 tertio,
614 1585 654 1632 ex
671 1562 786 1632 ultimo
799 1585 816 1630 e
828 1571 969 1654 quatuor
983 1562 1151 1654 principiis
1166 1563 1228 1631 sub
1243 1563 1346 1654 capite
1359 1587 1416 1632 su·
1519 1551 1520 1634 l

274 1667 393 1756 periori
404 1669 570 1760 expositis.
582 1669 632 1737 lbi
644 1670 731 1738 enim
745 1692 804 1762 pro
817 1669 930 1758 regula
944 1669 1231 1738 discernendarum
1245 1671 1417 1762 utriusque
1519 1689 1520 1756 ξ

272 1774 336 1840 fori
350 1797 534 1862 causarum,
549 1777 711 1866 assignata
726 1786 774 1845 est
789 1777 972 1860 communis
992 1776 1160 1846 dootorum
1182 1777 1417 1846 catholicorum

273 1882 429 1950 sententia
445 1909 452 1948 :
470 1882 522 1950 isti
535 1905 646 1974 porro,
657 1883 821 1952 ad'lorum
837 1883 1088 1952 ecclesiasticum
1105 1882 1289 1974 spirituales
1302 1906 1417 1952 causas

272 1989 447 2076 pertinere,
463 1991 612 2059 unanimi
628 2013 786 2059 consensu
801 2000 923 2060 tenent.

317 2094 500 2166 Prorosrrro
511 2097 567 2164 112.
579 2135 624 2150 ·-
635 2097 687 2166 Ad
693 2100 806 2189 sorum
821 2097 1069 2186 ecclesiasticum
1079 2097 1243 2189 pertinent
1256 2098 1418 2188 spiritua·
1519 2127 1520 2130 ¹

274 2199 318 2268 les
331 2224 447 2284 rausa,
465 2204 596 2272 etiarnsi
618 2203 808 2296 temporalis
825 2204 988 2274 societatis
1009 2204 1159 2272 interesse
1172 2205 1353 2294 attineant.
1372 2243 1417 2258 -
1519 2239 1520 2290 t

274 2307 369 2398 Saepe
384 2310 493 2377 evenit
506 2319 543 2378 ut
557 2333 664 2379 eausm
689 2311 872 2403 spirituales
895 2309 1005 2380 dirimi
1029 2319 1190 2403 nequeant
1205 2311 1246 2378 ab
1260 2310 1415 2399 Ecclesia,
1519 2301 1520 2360 i

273 2415 353 2506 quin
367 2417 487 2508 aliquis
505 2439 546 2486 ex
561 2415 724 2487 decisione
747 2417 907 2487 redundet
921 2418 955 2484 in
972 2418 1154 2486 societatem
1171 2416 1298 2486 civilem
1321 2419 1416 2488 effec-
1519 2447 1520 2476 r

272 2533 337 2609 tus,
355 2531 386 2591 et
406 2523 486 2614 quin
507 2523 647 2615 proinde
671 2525 850 2614 attingatur
868 2525 1023 2594 interesse
1047 2525 1214 2616 potestatis
1235 2525 1415 2595 saecularis.
1519 2527 1520 2590 l

272 2630 421 2718 Quando,
441 2631 531 2699 verbi
555 2632 672 2721 gratia,
688 2631 893 2700 ventilantur
909 2654 1015 2700 eausae
1040 2631 1130 2716 fidei,
1145 2643 1178 2699 et
1192 2631 1334 2700 Ecclesia
1354 2657 1419 2724 po-
1519 2689 1520 2704 ,

273 2745 418 2804 testatem
434 2759 526 2805 suam
546 2737 754 2830 judiciariam
776 2739 882 2806 exerit
896 2739 932 2806 in
946 2751 1111 2830 suspectos
1127 2737 1167 2807 de
1183 2739 1301 2807 haeresi
1315 2739 1367 2808 vel
1381 2740 1417 2808 in
1519 2749 1520 2834 l

272 2843 503 2929 schismaticos,
528 2866 647 2935 eosque
677 2853 714 2912 ut
739 2845 819 2913 tales
846 2844 991 2932 damnat,
1016 2854 1048 2913 et
1078 2845 1229 2914 vitandos
1257 2844 1416 2934 decernit,

272 2972 339 3018 non
363 2958 489 3018 tantum
506 2950 531 3018 ii
549 2951 727 3037 ordinaria,
745 2974 810 3041 qua
824 2952 908 3020 lorte
931 2963 1026 3020 antea
1049 2951 1255 3038 fruebantur,
1273 2953 1418 3021 aestima·

273 3057 361 3125 tione
386 3056 473 3148 apud
498 3057 672 3126 catholicos
701 3057 834 3145 cadunt,
862 3057 918 3126 sed
944 3068 975 3127 et
1001 3058 1209 3150 abrumpitur
1233 3081 1308 3127 eum
1337 3059 1419 3151 ipsis
1519 3073 1520 3142 l

272 3173 462 3232 consuetum
483 3163 700 3252 salutationis,
717 3163 953 3252 collocutionis,
970 3187 1089 3233 mensae
1114 3175 1146 3233 et
1166 3165 1306 3234 aliarum
1332 3167 1419 3235 rela-

274 3273 401 3339 tionum
424 3271 675 3358 commercium3
701 3270 758 3363 qui
783 3272 914 3340 effectus
935 3281 1091 3340 externus
1111 3281 1170 3357 est,
1188 3281 1219 3339 et
1234 3273 1419 3342 societatem
1519 3281 1520 3372 ]

273 3377 483 3468 temporalem
508 3400 546 3445 eo
567 3377 670 3467 magis
685 3377 798 3464 afficit,
814 3401 879 3468 quo
895 3378 981 3447 cives
1004 3379 1050 3446 sic
1071 3377 1215 3446 damnati
1231 3377 1345 3446 altiora
1359 3403 1419 3468 ge·
1519 3373 1520 3460 l

274 3495 351 3552 runt
372 3483 539 3551 saecularia
564 3505 711 3554 munera.
737 3485 864 3552 Pariter
883 3483 1015 3576 quando
1039 3484 1253 3552 ecclesiastiea
1277 3493 1421 3576 potestas
1519 3471 1520 3526 l

272 3590 412 3684 aliquem
435 3588 557 3657 librum
584 3591 626 3658 ob
654 3613 788 3682 pravam
814 3591 917 3682 ipsius
943 3590 1122 3660 doctrinam
1145 3591 1291 3678 damnat,
1311 3591 1422 3683 impe-
1519 3581 1520 3610 ³

273 3698 361 3767 ditur
383 3695 445 3764 hoc
472 3695 543 3787 ipso
566 3696 642 3764 libri
668 3696 761 3765 istius
783 3697 871 3788 apud
893 3697 1067 3768 catholicos
1090 3696 1221 3767 diffusio
1246 3705 1278 3766 et
1301 3699 1420 3768 vendi·

274 3805 317 3873 tio
336 3830 344 3870 ι
361 3803 418 3894 qui
440 3811 595 3871 externus
613 3801 744 3871 effectus
766 3803 954 3894 nuperrime
979 3803 1014 3870 in
1041 3801 1144 3871 Gallia
1165 3803 1273 3872 locum
1288 3802 1417 3874 habuit.

272 3909 412 3980 Confixu
433 3931 548 4001 nempe
570 3931 590 3976 a
613 3931 704 3976 sacra
725 3908 847 3976 lndieis
874 3909 1133 3999 Congregatione
1155 3931 1252 4000 opere
1275 3910 1421 4002 quodam
1519 3953 1520 3974 t

272 4017 397 4087 domini
410 4017 556 4102 Guettee,
571 4014 744 4084 blesensis
762 4015 910 4084 dioecesis
933 4015 1128 4106 presbyteri,
1146 4015 1290 4084 tribunal
1312 4039 1422 4086 saecu-

271 4125 338 4193 lare
352 4123 538 4192 Parisinum
554 4121 778 4213 pronuntiavit
794 4144 859 4190 non
875 4121 984 4190 valere
1008 4129 1137 4212 pactum
1160 4121 1317 4191 editorem
1332 4123 1423 4194 inter
1519 4133 1520 4204 t

272 4239 304 4300 et
318 4227 560 4322 typographum
580 4231 620 4298 de
643 4227 704 4297 boc
730 4227 814 4298 libro
838 4228 976 4314 initum,
992 4249 1030 4298 ea
1050 4228 1118 4298 sola
1141 4226 1182 4298 de
1203 4251 1312 4317 causa,
1328 4233 1420 4322 quod
