3030 4980
284 506 346 570 356
656 521 830 570 meminus
852 522 891 569 aa
913 521 1046 570 marein.

287 672 304 710 ιι
326 644 436 728 riensi,
447 667 503 713 seu
517 644 712 736 dilectatilio
724 645 798 736 ejus
815 645 943 714 Vicario
953 646 991 712 in
999 643 1228 736 spiritualibus
1238 639 1420 734 pencrali...

287 779 304 818 a
327 753 477 824 Vicnrius
488 774 567 821 vero
582 753 617 820 in
629 752 865 844 temporalibus
878 761 1017 838 uatum,
1031 750 1213 844 appellatur
1223 771 1421 835 temnamus,

286 885 303 924 ι
324 867 357 926 et
372 881 439 927 non
451 858 532 928 solet
545 859 701 951 appellari
716 859 871 929 Vinarius
887 858 1059 949 generalis.
1079 857 1143 927 Sed
1158 880 1263 949 neque
1274 857 1424 927 Vicarius

287 992 304 1031 ιι
328 965 382 1034 hic
392 966 428 1034 in
438 966 674 1057 temporalibus
683 973 822 1053 tautum,
836 989 906 1034 esse
914 974 1020 1059 potest
1029 965 1196 1056 delegatus
1207 963 1423 1056 Apostolieus,

286 1102 302 1138 a
325 1074 393 1142 nisi
405 1073 488 1142 forte
502 1073 634 1142 aliunde
649 1074 790 1142 obtineat
804 1073 1006 1163 dignitatem.
1023 1098 1041 1139 n
1063 1073 1122 1164 (De
1141 1072 1278 1142 Vicariis
1291 1071 1425 1163 Episco-

276 1201 413 1272 porunt,
430 1203 501 1272 eap.
520 1184 552 1266 1,
569 1189 687 1272 quaest.
710 1185 741 1267 8,
758 1203 792 1249 n.
811 1183 856 1271 2.)

324 1286 507 1356 Paososrrro
522 1285 626 1355 vab.
643 1327 673 1337 -
700 1289 762 1355 Est
776 1286 965 1356 uaesana
978 1285 1160 1356 vicariatus
1172 1286 1332 1378 panacis
1344 1285 1425 1377 Epi-

278 1393 378 1484 scopi,
392 1404 431 1460 ut
444 1404 537 1460 actus
548 1415 570 1460 a
592 1393 719 1462 Vicacio
734 1395 882 1484 penerali
898 1406 1002 1485 pastos
1017 1395 1202 1486 Episcopus
1213 1395 1320 1486 saciat
1340 1416 1423 1462 scios.

278 1537 323 1551 -
338 1497 376 1565 ld
385 1506 444 1584 est,
465 1505 501 1567 ut
516 1497 540 1566 ii
554 1506 644 1567 aetus
657 1498 772 1568 eodem
786 1499 883 1568 modo
898 1498 1019 1590 injure
1036 1499 1210 1567 valeantac
1225 1499 1254 1566 si
1268 1505 1378 1566 essent
1388 1497 1426 1564 ab

279 1607 350 1698 ipso
364 1605 524 1697 Episcopo
540 1606 634 1694 gesti.
650 1606 831 1698 Dupliciter
848 1628 965 1696 nempe
979 1606 1140 1698 Episcopo
1154 1613 1261 1697 potest
1277 1605 1354 1696 quis
1370 1626 1427 1695 pro

279 1713 459 1782 exercenda
476 1712 704 1805 jurisdictione
722 1715 877 1784 substitui
897 1742 904 1782 :
921 1714 975 1782 vel
990 1715 1078 1783 enim
1095 1715 1140 1782 ite
1161 1713 1372 1782 substituitur
1393 1721 1427 1781 ut

279 1820 471 1889 decernatur
484 1827 574 1888 actus
597 1819 666 1911 ejus
683 1819 849 1890 habendos
864 1822 934 1889 fore
950 1830 1107 1912 unquam
1126 1821 1253 1911 abipso
1269 1819 1428 1910 Episcopo

280 1935 400 2016 gestos,
422 1926 475 1994 vel
495 1948 573 1994 non.
594 1926 701 1996 Priori
725 1929 821 1997 modo
844 1927 1030 1998 substitutio
1056 1929 1161 2014 beret,
1185 1928 1212 1994 si
1237 1926 1426 2016 Episcopus,

279 2033 373 2102 verbi
386 2033 504 2124 gretia,
520 2031 659 2102 subditis
672 2033 740 2103 suis
755 2035 801 2104 ita
815 2032 1015 2104 declararet:
1031 2032 1083 2102 Aa
1094 2031 1309 2102 exercendam
1320 2055 1428 2100 mant

276 2139 543 2231 jurisdictionem
567 2139 688 2232 deputo
716 2143 855 2224 Caium;
879 2153 909 2209 et
927 2143 1000 2209 uolo
1022 2153 1061 2208 ut
1082 2141 1219 2232 quilibet
1243 2151 1337 2208 actus
1359 2139 1428 2230 ejra

275 2245 553 2340 jurisdictionalis
574 2246 686 2316 eodem
708 2248 806 2317 modo
834 2249 944 2317 caleat
968 2261 1068 2338 atque
1093 2246 1243 2316 eumdem
1268 2246 1429 2316 sortiatur

284 2355 443 2446 ellectum,
467 2377 505 2422 ac
525 2355 658 2422 siame
674 2354 744 2445 ipso
763 2368 870 2446 pestus
885 2355 999 2446 fuisset
1017 2381 1029 2420 .·
1045 2355 1087 2422 ab
1111 2355 1185 2446 ejus
1199 2352 1342 2445 proinde
1357 2375 1428 2420 sen-

284 2461 405 2542 tentiis,
419 2483 486 2528 non
500 2459 546 2529 acl
558 2482 621 2542 me,
636 2459 693 2529 sed
704 2460 752 2529 ad
763 2483 876 2530 meum
889 2461 1070 2530 dumtaxat
1089 2461 1290 2553 superiorem
1300 2460 1428 2550 patebit

283 2589 429 2636 recursus
451 2579 512 2635 aut
535 2567 725 2658 appellatio.
751 2568 928 2636 Posteriori
952 2569 1049 2636 modo
1074 2568 1261 2636 substitutio
1284 2566 1377 2636 fieret
1403 2567 1428 2634 si

281 2675 460 2766 Episcopus
485 2675 530 2742 ita
552 2682 734 2742 statueret:
767 2676 882 2744 Valeat
909 2675 1010 2744 Caius
1025 2673 1298 2768 jurisdictionem
1322 2695 1430 2742 meam

284 2803 445 2862 euacua·
461 2781 534 2870 ejus
554 2792 665 2848 tamen
680 2791 772 2849 aetus
789 2804 857 2849 non
869 2781 959 2872 facio
974 2803 1082 2864 meos;
1095 2780 1152 2849 sed
1170 2780 1199 2848 si
1218 2782 1340 2872 injusti
1352 2780 1427 2862 unt,

283 2890 368 2958 mibi
377 2911 502 2956 reservo
521 2887 786 2978 recopnoscendos
799 2911 838 2956 ac
851 2887 1058 2979 corripendos
1073 2915 1083 2955 .·
1099 2887 1184 2956 unde
1203 2887 1233 2954 si
1247 2888 1320 2978 quis
1335 2909 1369 2955 se
1390 2887 1429 2954 ab

286 3019 321 3065 eo
341 3008 520 3088 praeatum
535 2995 708 3077 existimet,
726 2993 772 3063 acl
782 3017 836 3064 mo
849 3008 998 3064 recurrat
1015 3007 1045 3063 ct
1060 2995 1213 3087 appellet.
1230 2995 1335 3064 Porro
1348 2995 1430 3063 dici-

288 3127 362 3172 mus
375 3103 416 3172 ad
427 3102 599 3170 essentiam
611 3102 787 3170 vicariatus
799 3102 959 3192 generalis
971 3103 1145 3193 pertinere,
1160 3111 1197 3170 ut
1208 3102 1364 3170 Vinarius
1374 3124 1431 3190 ge·

286 3195 407 3276 neralis
420 3207 523 3297 priori
540 3203 648 3290 modo,
666 3227 724 3274 seu
738 3206 774 3272 in
793 3207 894 3296 priori
912 3229 1010 3275 sensu
1025 3207 1185 3299 Episcopo
1200 3207 1429 3274 substituatur.

289 3313 384 3396 Quod
404 3313 451 3380 sie
473 3311 579 3380 evinci
601 3320 727 3403 potest:
744 3321 867 3381 eertum
890 3323 938 3381 est
957 3314 1130 3384 Vicarium
1152 3313 1337 3403 generalem
1355 3313 1430 3402 Epi-

290 3421 412 3514 scopia
427 3441 517 3488 mero
531 3419 676 3509 delegato
697 3421 911 3489 essentialiter
924 3421 1058 3490 differre
1076 3449 1084 3488 :
1102 3421 1193 3512 atqui
1208 3444 1276 3490 non
1290 3421 1433 3490 differret

291 3532 355 3600 nisi
369 3529 549 3620 Episcopus
560 3526 685 3597 Vicarii
699 3527 859 3617 generalis
874 3537 964 3597 aetus
978 3527 1098 3597 laceret
1108 3551 1204 3616 suos;
1219 3551 1298 3618 ergo
1311 3537 1347 3596 ut
1361 3528 1432 3620 quis

292 3645 334 3712 sit
358 3661 455 3710 verus
476 3634 628 3705 Vicarius
647 3635 820 3724 generalis,
844 3658 973 3705 neeesse
994 3645 1043 3704 est
1064 3644 1101 3705 ut
1123 3637 1227 3728 ipsius
1246 3645 1337 3704 actus
1358 3656 1432 3704 suos

292 3749 387 3818 faciet
398 3746 590 3836 Episcopus.

338 3853 499 3923 Probatur
509 3851 633 3942 major,
647 3871 764 3942 nempe
776 3851 945 3921 Viearium
957 3851 1142 3940 generalem
1154 3873 1174 3918 a
1186 3872 1276 3919 mero
1289 3849 1431 3938 delegato

295 3962 506 4032 essentialiter
518 3959 648 4028 differre
661 3985 668 4026 :
682 3980 758 4026 nem
774 3969 860 4027 certa
871 3968 920 4026 est
929 3958 1015 4050 juris
1024 3959 1150 4049 regula,
1164 3957 1237 4027 dari
1247 3957 1432 4050 appellatio·

296 4093 371 4139 nem
386 4091 406 4136 a
420 4065 586 4135 sententiis
602 4065 739 4155 delegati
755 4066 796 4133 ad
818 4066 1019 4155 delegantem
1028 4093 1037 4153 3
1055 4089 1093 4134 ac
1109 4066 1245 4157 proinde
1267 4065 1354 4134 idem
1368 4083 1430 4130 nou

295 4198 365 4247 esse
386 4174 530 4242 tribunal
553 4197 608 4242 seu
628 4172 829 4241 auditorium
846 4174 986 4263 delegati
1006 4196 1081 4242 cum
1097 4173 1253 4243 tribunali
1268 4195 1327 4241 seu
1341 4171 1430 4238 audi·

296 4285 380 4358 torio
403 4281 594 4370 delegantis.
623 4280 765 4350 Aliunde
789 4304 806 4350 e
827 4291 940 4350 eontra
964 4301 1031 4348 non
1056 4282 1167 4349 minus
1189 4289 1314 4348 certum
1335 4287 1430 4365 esta
