3030 4980
286 485 348 552 386
661 505 838 554 ιιιιιιιτιιιι
860 505 899 554 ns
920 505 1056 554 moruus.

282 651 360 698 vero
373 629 606 699 contentiosam
616 629 874 721 jurisdictionem
889 651 1038 696 exercere
1051 627 1195 720 jubetur.
1210 627 1294 695 Cum
1308 647 1416 716 nempe

281 737 328 805 ita
342 737 466 806 soleant
479 738 513 806 iu
529 737 581 805 bis
598 737 787 827 regionibus
806 735 958 828 Episcopi
977 735 1162 826 disponere,
1185 733 1326 802 invaluit
1344 755 1416 801 usus

281 849 319 908 ιιι
331 839 613 932 distinguerentur
626 841 734 934 perid
753 843 841 933 qnod
865 841 905 911 dr
921 844 1013 932 sacto
1035 840 1197 910 ordinarie
1216 849 1333 928 egunt,
1356 861 1415 906 ιιοιι

280 949 476 1018 attendendo
491 951 533 1017 ad
548 949 581 1017 id
597 947 684 1040 quod
695 948 826 1040 dejure
839 957 943 1041 potest
955 958 1092 1040 uterque
1103 947 1212 1016 valide
1225 969 1332 1036 agere.
1345 946 1417 1014 Esse

279 1065 388 1125 autem
408 1057 455 1124 ita
472 1055 717 1146 intelligendam
737 1055 978 1125 distinctionem
994 1055 1091 1141 banc,
1106 1055 1251 1144 rigorose
1264 1053 1418 1144 probatur
1496 1071 1497 1088 ¹

279 1183 320 1230 ex
336 1161 489 1254 eoquod,
506 1163 541 1229 in
557 1162 721 1232 bisetium
745 1163 948 1252 regionibus,
965 1163 1024 1254 qui
1046 1161 1167 1230 dicitur
1186 1159 1341 1230 Vicarius
1361 1181 1419 1250 ge·
1496 1211 1497 1226 ι

281 1269 413 1357 neralis,
431 1270 588 1338 habeatur
612 1280 766 1363 tanquam
792 1291 891 1339 verus
913 1269 1064 1340 Vicarius
1085 1267 1246 1360 generalis
1270 1267 1304 1334 in
1325 1289 1418 1334 sensu
1496 1273 1497 1276 ’

277 1375 375 1468 juris,
392 1377 585 1468 valeantque
600 1378 704 1468 ipsius
719 1386 823 1464 actus,
843 1400 911 1446 ιιοιι
929 1386 1084 1468 tanquam
1102 1376 1184 1444 meri
1199 1375 1349 1464 delegati,
1367 1373 1418 1442 sed

278 1492 433 1575 tunquam
447 1485 580 1576 proprie
592 1483 670 1552 dicti
680 1484 803 1554 Vicarii
815 1485 994 1576 generalis:
1006 1485 1149 1575 itemque
1162 1485 1262 1571 gestis
1273 1503 1332 1573 per
1342 1479 1419 1550 Offi-
1496 1535 1497 1550 ι

278 1591 392 1659 ciulem
406 1591 435 1658 is
457 1589 661 1660 existimetur
681 1591 842 1660 inhaerere
863 1592 968 1678 valor,
984 1591 1041 1682 qui
1063 1588 1269 1658 officialitatis
1292 1589 1418 1680 proprie

278 1699 384 1785 dictae,
395 1720 461 1767 non
472 1721 571 1768 mera
583 1699 755 1768 dumtaxat
766 1698 991 1789 delegationis,
1003 1699 1157 1789 proprius
1168 1705 1226 1764 cst.
1241 1697 1347 1765 Porro
1356 1696 1418 1762 nisi
1496 1689 1497 1716 ³

276 1804 495 1875 voluntariam
530 1806 632 1874 simul
665 1815 697 1873 et
725 1807 958 1874 contentiosam
985 1804 1243 1896 jurisdictionem
1270 1801 1417 1894 Episcopi

276 1913 471 2003 pencraliter
485 1911 633 1999 baberet,
650 1912 708 2004 qui
720 1913 840 1982 dicitur
854 1913 1008 1982 Vicarius
1023 1911 1197 2001 generalis,
1213 1917 1296 1978 esset
1311 1931 1419 1977 merus

276 2019 455 2110 delegatus,
471 2031 508 2090 ut
523 2043 623 2113 supra
637 2021 859 2090 ostendimus:
878 2031 910 2088 et
925 2020 1013 2090 idem
1022 2020 1197 2088 dicendum
1214 2019 1254 2086 do
1267 2017 1415 2087 Officiali.

325 2127 475 2219 Objicies.
493 2129 531 2196 ln
545 2129 662 2216 Gallia,
677 2127 832 2197 Officialis
848 2128 940 2216 olim,
954 2150 1021 2197 non
1036 2136 1164 2196 tantum
1185 2125 1225 2194 de
1246 2125 1331 2195 lacto
1355 2147 1418 2193 non

277 2236 447 2305 exercebat
480 2237 542 2305 nisi
575 2237 805 2305 contentiosam
837 2237 1109 2327 jurisdictionem,
1134 2235 1189 2304 sed
1213 2257 1271 2302 uec
1296 2243 1418 2326 poterat

276 2345 384 2415 valide
419 2367 570 2414 exercere
607 2347 768 2416 alteram:
799 2355 831 2415 et
855 2347 926 2415 vice
949 2369 1044 2414 versa
1069 2345 1222 2416 Vicarius
1246 2345 1415 2433 generalis.

276 2453 462 2545 Respondeo
477 2453 608 2543 vuago
628 2463 786 2523 assertum
803 2454 908 2522 donec
928 2455 1095 2544 probetur.
1122 2450 1309 2544 Respondet>
1332 2455 1367 2518 2⁰
1385 2451 1417 2518 Si

275 2563 320 2629 ita
333 2563 367 2628 in
382 2555 491 2652 aliqua
506 2561 637 2629 dioecesi
652 2561 767 2630 Gallim
783 2584 817 2629 se
833 2569 903 2629 r'em
927 2560 1080 2629 habuisse
1105 2560 1273 2651 probetur,
1298 2558 1417 2626 distin·

274 2691 357 2757 guo:
375 2668 466 2735 stibi
482 2666 872 2760 OllicielisViceriusqne
889 2665 1050 2756 generalis
1066 2667 1199 2735 luerunt
1221 2665 1303 2733 meri
1328 2665 1417 2735 dele-

275 2775 342 2863 gati
365 2773 522 2860 concedo,
549 2782 580 2841 et
607 2774 742 2842 luerunt
765 2797 863 2842 verus
891 2773 1045 2841 Vicarius
1069 2773 1231 2862 genefflis
1259 2794 1417 2864 verusque
1494 2857 1495 2872 ἢ

274 2879 678 2972 Officialisinsensujuris,
693 2903 788 2971 nego.
805 2880 989 2972 despondeo
1004 2883 1036 2947 3ο
1050 2881 1186 2948 Etiamsi
1198 2880 1277 2948 olim
1291 2881 1328 2948 in
1343 2881 1416 2949 Gal·
1494 2879 1495 2916 l

272 2989 316 3056 lia
338 2986 373 3055 id
395 2987 480 3077 juris
507 2988 711 3078 particularis
728 3011 769 3056 es
790 2989 1023 3056 consuetudine
1044 2986 1266 3056 introductum
1289 2987 1413 3070 fuisset,

273 3104 310 3163 ut
325 3095 496 3186 deputatus
518 3116 595 3162 cum
612 3094 680 3162 solu
700 3096 898 3163 contentiosa
916 3093 1141 3186 jurisdictione
1158 3115 1218 3186 pro
1240 3115 1318 3163 vero
1339 3093 1414 3164 offi-

273 3201 348 3268 ciali
371 3199 478 3291 quoad
500 3199 585 3290 iuris
606 3199 739 3268 allectus
765 3209 984 3292 reputaretur,
1018 3199 1223 3269 annullatum
1249 3201 1305 3291 jus
1337 3198 1412 3267 illud

274 3305 467 3398 particulare
489 3307 687 3375 censendum
707 3318 790 3375 esset
808 3330 865 3398 per
882 3307 987 3376 bullas
1007 3307 1057 3374 Pii
1080 3309 1179 3397 Papae
1199 3307 1274 3392 Vll,
1300 3308 1414 3398 quibus

273 3415 456 3484 Galliarum
472 3412 623 3482 Ecclesiae
635 3437 748 3483 omnes
758 3424 982 3506 suppressaeet
994 3415 1165 3483 exstinctos
1183 3415 1330 3502 luerunt,
1344 3435 1414 3481 cum
1492 3499 1493 3502 Ἴ

275 3523 427 3592 omnibus
444 3521 575 3612 juribus
593 3521 844 3612 particularibus
868 3521 984 3590 iisdem
1011 3521 1250 3590 inherentibus
1272 3521 1361 3612 (vide
1383 3519 1414 3587 id

274 3629 346 3698 fuse
369 3628 541 3720 probatum
564 3629 599 3696 in
624 3637 762 3696 tractatu
788 3650 860 3696 meo
879 3627 919 3697 dc
937 3629 1112 3720 Principiis
1131 3628 1224 3720 juris
1242 3627 1411 3717 romaici.

273 3735 368 3806 Unde
382 3757 470 3804 nunc
481 3737 516 3802 iu
530 3735 647 3821 Gallia,
662 3735 758 3826 juxta
771 3758 922 3803 normam
934 3735 1019 3826 juria
1033 3737 1220 3805 communis
1229 3735 1414 3825 intelligen-

274 3843 355 3910 dum
379 3852 427 3910 est
446 3841 567 3912 Vicarii
591 3843 752 3930 generalis
775 3851 806 3910 ct
825 3841 982 3910 Officinlis
1006 3863 1151 3928 munus;
1174 3843 1218 3911 ita
1244 3843 1365 3912 scilicet
1380 3849 1414 3910 ut

274 3947 382 4040 quoad
395 3949 599 4016 essentialem
615 3971 728 4016 eorum
742 3958 933 4039 potestatem
949 3949 1134 4019 nullatenus
1155 3949 1319 4039 differant,
1344 3949 1414 4017 licet

276 4053 400 4148 possint
414 4056 496 4124 sicut
515 4064 609 4124 autea
626 4055 777 4147 Episcopi
792 4056 906 4125 Gallias
921 4059 1096 4150 precipere
1113 4059 1171 4126 uui
1186 4065 1222 4126 ut
1236 4059 1338 4127 solem
1354 4081 1415 4127 vo-

274 4159 466 4251 luntariam,
487 4162 580 4230 alteri
601 4169 638 4230 ut
660 4161 761 4230 solem
789 4166 1023 4232 contentiosam
1046 4172 1193 4233 exerceat
1212 4164 1412 4256 jurisdictio-

275 4287 361 4334 crem.
