3030 4980
179 497 185 508 ·
306 461 368 526 tta
675 479 851 528 reimarus
874 480 912 528 na
934 479 1066 528 ronrens.

303 601 492 672 decretalem
508 602 599 673 Licet
610 602 661 692 (de
677 603 789 694 Officio
808 602 938 684 Vieorii,
953 603 987 670 in
1001 601 1120 693 saxu),
1130 623 1205 693 quae
1220 623 1290 672 rem
1305 599 1430 672 omniuo

303 711 463 801 expressis
478 711 586 778 verbis
610 709 752 779 decrevit
767 709 828 778 hoc
844 710 940 777 modo
958 736 965 776 :
982 712 1179 778 Potestatern
1200 722 1310 778 tomen
1329 710 1431 802 inqui-

303 817 407 899 rendi,
423 817 616 908 corripendi
634 830 694 885 ont
702 815 865 909 puniendi
878 816 1065 908 aliquorum
1080 839 1231 899 excessus,
1244 839 1299 886 seu
1312 818 1432 909 almos

301 949 324 993 a
354 926 419 992 suis
454 924 622 1016 beneficiis,
655 923 785 1014 officiis,
815 924 868 992 vel
900 923 1238 992 administrationibus
1264 924 1433 992 amoonedi
1503 989 1504 998 ,

301 1031 472 1122 transferri
491 1031 643 1099 nolrrmus
665 1030 701 1098 in
722 1029 882 1112 mmm,
904 1030 970 1098 nisi
990 1029 1052 1098 sibi
1065 1029 1246 1122 specialiter
1264 1029 1334 1100 icoc
1348 1053 1432 1099 com-
1503 1019 1504 1030 ¹

301 1139 489 1206 mittantur.
504 1138 591 1206 Hinc
602 1146 639 1206 ut
648 1137 765 1206 dictam
777 1144 965 1229 potestatem
975 1136 1089 1206 habeat
1101 1137 1250 1208 Vicarius
1263 1139 1430 1227 generatis,

301 1245 480 1336 requiritur
492 1266 563 1312 eam
577 1243 640 1334 ipsi
653 1243 834 1334 specialiter
847 1242 888 1312 ab
901 1244 1061 1335 Episcopo
1076 1244 1111 1312 in
1125 1244 1277 1313 mandato
1290 1245 1429 1314 concedi.

346 1356 378 1422 2.
409 1352 521 1443 Neque
548 1359 651 1442 potest
672 1348 794 1441 absque
816 1350 945 1442 speciali
971 1350 1134 1436 mandato,
1160 1351 1287 1419 etiamsi
1307 1351 1377 1442 ipse
1396 1353 1433 1419 sit

299 1459 488 1550 Episcopus,
505 1479 654 1526 exercere
673 1479 711 1524 ea
723 1478 797 1548 quae
812 1465 888 1525 sunt
907 1455 1033 1524 ordinis
1047 1457 1247 1548 episcopatis,
1265 1466 1303 1525 ut
1318 1481 1432 1527 conm-

298 1589 388 1636 erare
407 1565 554 1635 ecclesias
571 1572 604 1632 et
618 1564 742 1648 altaris,
759 1563 909 1632 Chrisma
926 1572 957 1632 et
971 1565 1080 1632 oleum
1095 1573 1243 1633 sanctum
1259 1565 1432 1650 conticere,

293 1682 530 1743 sacramentum
549 1672 804 1741 confirmationis
822 1679 854 1740 et
872 1671 997 1740 ordinis
1011 1671 1171 1757 conferre,
1191 1672 1306 1741 cafices
1319 1695 1432 1742 conse·

299 1803 401 1869 crare,
416 1788 447 1848 et
461 1779 526 1848 aliu
539 1778 740 1870 hujusmodi.

343 1893 373 1956 3.
389 1889 502 1980 Neque
515 1887 677 1979 synodum
691 1909 900 1977 congregare.

343 2002 373 2064 t.
395 1995 506 2087 Neque
520 1995 764 2064 constitutiones
779 1995 949 2086 synodales
963 2003 1100 2064 mutare.

342 2109 371 2172 5.
388 2103 500 2192 Neque
515 2102 729 2170 visitationem
746 2101 892 2170 diaecesis
907 2103 1022 2172 iecere.

300 2269 305 2282 .
341 2215 371 2278 6.
389 2210 500 2301 Neque
510 2209 640 2298 exigere
652 2209 915 2293 cathedraticum,
929 2217 985 2278 aut
993 2209 1222 2278 charitativum
1233 2209 1428 2279 subsidium.
1503 2237 1504 2258 ³

340 2323 372 2384 7.
388 2317 500 2407 Neque
517 2315 664 2384 conferre
682 2315 849 2384 beneficia.
868 2317 1000 2385 Constat
1025 2339 1067 2386 ex
1086 2315 1189 2408 eapite
1216 2318 1302 2384 Cum
1321 2317 1358 2384 in
1378 2340 1430 2408 qe·

297 2425 404 2494 neral'
431 2425 475 2512 (3,
502 2423 588 2491 tituli
613 2426 666 2510 13,
692 2423 769 2490 libri
794 2426 824 2508 1,
855 2424 890 2492 in
915 2422 963 2514 6),
987 2423 1042 2492 sbi
1065 2424 1111 2492 sic
1132 2423 1275 2492 decernit
1297 2424 1430 2492 Bonita-

295 2535 365 2604 cius
385 2532 461 2601 vul
483 2557 491 2598 :
510 2530 668 2621 officialis
687 2541 747 2597 ont
768 2530 912 2597 Vicorius
933 2531 1091 2620 pennulas
1106 2530 1262 2622 Episcopi
1280 2530 1429 2620 beneficio
1502 2593 1503 2622 ,

294 2641 438 2731 conferre
451 2659 518 2705 non
528 2647 676 2727 possunt,
692 2635 757 2702 nisi
775 2635 1000 2726 beneficiorum
1014 2636 1145 2705 collatio
1159 2635 1237 2728 ipsis
1250 2637 1430 2727 specialiter

293 2748 335 2818 sit
350 2745 533 2815 commisso.

339 2857 369 2921 8.
388 2853 499 2944 Neque
528 2851 685 2919 beneficia
711 2849 820 2936 unire,
845 2873 950 2943 neque
976 2851 1114 2920 uniones
1137 2871 1299 2937 revocare,
1327 2873 1428 2942 neque
1501 2933 1502 2936 Ἴ

291 2959 449 3032 Ecclesias
462 2957 618 3027 dividere.

339 3072 369 3134 9.
387 3066 500 3156 Neque
515 3063 672 3133 beneficia
684 3063 823 3154 erigere,
839 3085 943 3155 neque
956 3063 1231 3155 jurispatronatus
1244 3064 1426 3134 fundationi

292 3195 484 3244 museusum
500 3180 665 3263 prestare.
1500 3261 1501 3268 ἵ

339 3284 390 3348 to.
408 3280 520 3368 Neque
550 3287 743 3369 praesentare
775 3277 816 3346 ed
844 3277 1037 3346 beneficium
1070 3278 1355 3368 jurispatronatus,
1386 3277 1426 3345 ed

292 3387 441 3482 Episcopi
457 3385 738 3476 presentationem
755 3385 929 3476 pertinens.

340 3499 389 3562 lt.
408 3494 519 3584 Neque
535 3492 703 3583 parochias
718 3493 853 3582 erigere.

250 3611 260 3631 ⁰
336 3606 389 3671 12.
408 3600 519 3692 Neque
530 3599 564 3667 in
576 3600 734 3669 creatione
745 3621 839 3667 nova
850 3599 1247 3688 dignitatisauctoritatem
1259 3611 1424 3692 prestare.

336 3712 389 3777 13.
406 3708 518 3799 Neque
540 3707 705 3797 imponere
724 3707 912 3797 pensionem
932 3727 1030 3797 super
1049 3705 1226 3794 beneficiis,
1248 3708 1282 3773 in
1302 3707 1427 3775 casibus

289 3817 324 3886 in
340 3816 458 3907 quibus
472 3813 505 3880 id
520 3821 626 3904 posset
642 3812 831 3904 Episcopus.
1498 3899 1499 3902 Ἴ

337 3927 388 3991 rt.
406 3923 518 4013 Neque
539 3920 616 3989 dare
640 3920 736 3989 alicui
760 3923 900 4011 parocho
924 3921 1073 4014 imperito
1095 3921 1266 3990 Vicarium
1291 3920 1426 4011 coadju-

288 4042 404 4116 torem,
422 4026 462 4095 ad
484 4027 623 4096 formam
644 4027 771 4095 concilii
792 4027 974 4096 Tridentini
997 4029 1088 4118 (sess.
1106 4031 1144 4095 21
1170 4027 1209 4097 de
1222 4030 1306 4119 Res„
1324 4052 1353 4096 e.
1377 4027 1421 4115 6).
1497 4099 1498 4122 ἶ

289 4141 337 4208 Ita
355 4159 430 4204 cunr
453 4133 561 4201 multis
578 4133 746 4202 Ferrarius
764 4135 815 4222 (ad
835 4157 867 4202 v.
891 4135 1035 4202 Vieorius
1049 4157 1137 4224 pen,
1156 4143 1217 4204 art.
1237 4139 1269 4223 2,
1293 4159 1325 4204 n.
1351 4133 1420 4222 ³6);
1497 4131 1498 4170 ³

289 4242 344 4316 sed
364 4243 424 4311 hoc
437 4240 523 4308 iutra
540 4239 782 4331 impugnamus.
