3046 4962
566 519 639 565 rans
662 519 767 565 Pntttt.

559 881 702 950 CAPUT
730 881 770 950 ll.

141 1075 242 1121 murt
264 1075 443 1122 JUDthOltUll
476 1074 644 1120 msmtmo
666 1075 749 1121 sums
771 1076 939 1122 namatus
963 1076 1022 1140 Sl'l',
1049 1077 1088 1122 ΑΝ
1111 1077 1193 1122 vano

501 1183 669 1228 ΒΠΜἸΔΧΔΤ
696 1183 836 1230 rosmvt.

139 1391 410 1460 mactandum.
427 1392 522 1458 -ln
536 1391 659 1482 judicio
674 1392 872 1462 considerari
887 1401 1023 1484 possunt
1037 1392 1237 1462 conditiones

96 1498 134 1566 ad
159 1499 265 1591 ipsias
291 1507 440 1567 naturam
468 1521 525 1566 seu
550 1499 761 1568 substantiam
788 1500 996 1590 pertinentes,
1024 1501 1093 1568 sine
1118 1501 1237 1590 quibus

97 1606 215 1674 scilicet
228 1605 271 1674 ab
286 1607 424 1674 essentia
435 1605 549 1696 judicii
564 1604 686 1692 deficio
703 1615 735 1673 et
754 1605 826 1674 aliae
844 1605 957 1674 lormae
976 1606 1017 1675 ad
1036 1607 1238 1674 constituen-

97 1711 174 1780 dum
190 1714 226 1780 iu
243 1735 302 1780 suo
323 1733 392 1780 esse
408 1711 538 1803 proprie
560 1711 682 1779 dictum
708 1711 869 1803 judicium
894 1733 959 1779 non
983 1713 1182 1780 necesaria.
1201 1714 1238 1781 ln

5 1795 7 1842 '
96 1819 261 1910 proposita
277 1825 384 1886 sutem
401 1818 593 1910 quastione,
611 1831 724 1886 utrum
735 1819 866 1909 judicia
880 1818 1043 1886 natm-alis
1055 1819 1148 1909 juris
1161 1820 1236 1902 sint,

5 1985 7 1996 .
97 1926 167 1994 hac
197 1925 265 1994 duo
292 1924 405 1993 sedulo
430 1934 506 1992 suut
534 1925 777 2013 distinguenda.
810 1925 1055 1994 Advertendum
1082 1935 1239 2017 praeterea

99 2031 334 2102 institutionem
345 2031 544 2123 judiciorum
561 2031 733 2122 dupliciter
749 2032 812 2099 dici
834 2053 927 2123 posse
950 2056 991 2101 ex
1009 2033 1083 2124 jure
1100 2032 1239 2102 naturali

99 2163 230 2210 manare
252 2141 324 2208 :vel
339 2161 455 2231 nempe
470 2161 508 2208 eo
524 2163 620 2208 sensu
642 2139 729 2232 quod
753 2140 808 2231 jos
836 2141 980 2208 naturale
1001 2141 1189 2230 proscribar
1204 2141 1240 2209 in

98 2249 186 2316 omni
199 2249 350 2318 societate
364 2247 522 2338 completa
535 2247 660 2314 institui
677 2247 862 2331 tribunalia,
879 2247 924 2314 ita
944 2256 978 2316 ut
999 2248 1193 2336 regulariter
1208 2256 1240 2314 et

6 2387 9 2400 ·
98 2355 262 2423 ordinarie
285 2376 343 2444 per
362 2353 485 2444 judicia
511 2355 642 2445 proprie
670 2353 754 2421 dicta
779 2353 904 2444 justitia
931 2353 1102 2440 reddatur;
1123 2354 1174 2422 vel
1201 2377 1239 2422 eo

99 2485 194 2530 sensu
208 2462 310 2554 quod,
326 2469 447 2529 attento
467 2460 580 2529 eodem
600 2461 673 2552 jure
688 2461 842 2547 naturali,
861 2483 1028 2551 nunqnam
1046 2469 1077 2527 et
1094 2460 1128 2527 in
1149 2459 1238 2529 n'ullo

6 2615 7 2618 κ
98 2593 171 2638 casu
187 2569 288 2660 possit
298 2567 423 2661 justitia
436 2569 530 2636 aliter
543 2568 777 2637 administrari.
795 2567 921 2649 Quibus
936 2568 1136 2658 prenotatis,
1154 2569 1195 2636 sit

6 2679 9 2714 ²
139 2676 432 2746 Pnorcsrr1012-
446 2677 502 2744 Ec
519 2675 600 2765 jure
620 2675 781 2756 naturali,
805 2674 895 2743 dedet
918 2675 951 2742 in
976 2675 1069 2742 omni
1088 2675 1240 2744 auderato

6 2767 7 2806 ⁴
99 2783 259 2874 completa
278 2781 484 2874 judiciorum
512 2783 648 2875 proprie
674 2781 837 2850 dictorum
862 2782 1024 2850 irretientis
1048 2780 1168 2850 traduci.
1196 2821 1240 2836 -

6 2879 8 2916 ³
98 2891 180 2958 Nam
195 2912 235 2958 ea
250 2897 297 2958 est
312 2890 347 2956 in
363 2890 516 2980 praesenti
532 2899 657 2958 naturae
672 2888 772 2980 lapsae
789 2895 874 2956 statu
893 2888 1062 2956 hominum
1085 2887 1238 2970 conditio,

98 3006 132 3063 ut
150 2996 263 3064 multae
279 2995 352 3062 lites
367 3003 398 3064 et
413 2994 529 3064 delicta
543 3006 698 3087 perpetuo
714 3003 783 3064 tum
799 2995 834 3063 in
850 2996 998 3063 societate
1013 2995 1237 3084 ecclesiastica,

7 3159 8 3184 ,
99 3113 167 3170 tam
191 3103 225 3169 in
251 3101 402 3170 civilibus
425 3103 588 3194 praecipue
613 3102 818 3171 societatibus
842 3101 1043 3170 exoriantur.
1060 3100 1240 3170 Necessarii

7 3189 8 3208 ¹
97 3209 173 3276 inde
199 3207 294 3276 multi
321 3209 528 3298 magistratus
547 3208 604 3301 qui
625 3218 656 3277 et
676 3207 793 3277 delicta
818 3220 985 3278 coerceant
1008 3215 1040 3275 et
1065 3209 1136 3277 lites
1158 3210 1239 3278 diri-

99 3322 199 3384 mant.
224 3316 345 3384 lterum
362 3325 469 3384 autem
494 3317 536 3384 cb
560 3316 749 3408 predictam
767 3325 892 3384 naturae
907 3316 1062 3384 humanm
1076 3315 1116 3384 ad
1134 3317 1240 3386 delin-

8 3409 9 3426 ’
98 3423 267 3513 quendum
293 3423 447 3513 proclivas
470 3423 700 3512 conditionem,
718 3422 783 3490 nisi
803 3422 967 3492 ordinaria
991 3433 1023 3490 et
1050 3423 1242 3514 regulariter

99 3529 175 3597 dicti
192 3529 400 3618 magistratus
425 3530 672 3620 adstringantur
686 3531 720 3598 in
738 3531 812 3621 jure
837 3529 978 3598 dicundo
993 3529 1034 3597 ad
1050 3551 1104 3599 eas
1120 3532 1241 3602 formas

100 3635 276 3704 servandas
298 3659 373 3729 quae
396 3635 435 3704 da
459 3637 639 3706 substantia
659 3635 775 3729 judieii
803 3645 891 3723 sunt,
909 3659 1055 3729 persaepe
1076 3661 1116 3706 ex
1137 3639 1242 3729 negli-

8 3735 9 3802 l
99 3744 222 3831 gentis,
239 3765 364 3830 errore,
380 3752 436 3812 sut
451 3744 592 3835 partium
609 3745 706 3812 etiam
721 3741 841 3829 studio,
856 3743 890 3810 in
905 3753 1125 3813 transversum
1142 3769 1242 3836 agen-

9 3857 11 3888 *
100 3857 165 3938 tar,
182 3859 216 3918 et
229 3871 250 3918 a
263 3850 399 3940 justitia
413 3851 545 3919 tramite
560 3850 768 3919 aberrabunt.
787 3850 894 3918 Dictat
907 3872 985 3940 ergo
1000 3861 1086 3918 recta
1099 3853 1193 3942 ratio,
1211 3865 1243 3924 et

99 3956 224 4024 bonum
250 3956 418 4048 publicum
443 3966 553 4049 aperte
576 3957 728 4048 postulat,
744 3965 781 4024 ut
806 3957 953 4025 inomni
980 3958 1129 4027 societate
1153 3983 1242 4030 com-

9 4157 10 4170 *
97 4063 197 4152 plera,
215 4061 249 4129 id
265 4072 325 4149 est,
342 4063 459 4131 sivein
476 4064 628 4150 Ecclesia,
646 4063 713 4132 sive
735 4064 771 4130 in
787 4062 933 4154 qualibet
956 4064 1125 4155 temporali
1142 4089 1241 4160 repu-

9 4184 13 4206 '
99 4170 195 4256 blica,
231 4169 406 4238 tribunalia
445 4172 704 4250 constiturorum
732 4178 763 4237 et
794 4169 919 4260 judices
948 4179 1119 4242 teneantur
1145 4197 1243 4268 supra

100 4278 267 4370 expositas
280 4277 425 4370 quinque
440 4277 641 4348 conditiones
660 4279 701 4348 ad
724 4279 854 4370 proprie
875 4278 997 4347 dictum
1010 4277 1170 4368 judicium
1187 4306 1245 4352 ne·
