3032 4976
563 521 637 567 rans
660 521 764 566 omne.
1166 501 1229 568 293

134 641 264 711 Rusoni
280 646 326 710 l⁸.
344 642 428 710 -t
446 644 520 733 soro
543 642 592 710 rei
612 642 684 710 sice
703 663 769 710 non
792 640 975 709 excluditur
986 643 1099 732 sorum
1122 643 1230 711 domi-

89 749 170 830 cilii,
184 749 241 818 sed
259 748 457 818 crtmnlotioc
477 749 575 817 ambo
598 748 789 817 coexistunt.
807 785 850 800 --
864 747 936 816 Non
956 747 1131 819 defuerunt
1150 750 1231 820 doc·-

90 861 179 924 tores
188 856 248 947 qni
257 855 516 924 existimaverint
526 855 633 924 Reum
643 855 676 922 in
690 855 760 923 loco
770 855 817 922 rei
829 854 913 940 sitae,
923 876 988 924 non
1001 863 1127 925 notum
1140 879 1233 949 posse

91 962 273 1050 conveniri,
290 961 347 1030 sed
373 971 404 1030 et
425 961 561 1048 debers;
583 962 628 1030 ita
653 961 786 1046 scilicet,
811 969 847 1030 ut
867 985 976 1032 coram
1001 962 1155 1033 domicilii
1181 966 1233 1034 sui

89 1069 202 1161 judice
214 1069 283 1160 jem
296 1091 360 1138 nou
373 1078 479 1161 posset
492 1068 617 1138 actione
631 1068 710 1137 reali
722 1068 857 1159 pulsari.
871 1069 934 1138 Cui
944 1071 1112 1140 sententies
1123 1071 1232 1140 favere

93 1175 224 1246 videtur
238 1187 335 1268 caput
346 1181 434 1246 Sane
452 1179 498 1269 (3,
515 1177 566 1247 tit.
585 1181 619 1262 2,
634 1175 692 1246 lib.
712 1181 731 1244 2
747 1177 887 1267 Decret.)
910 1205 917 1246 :
935 1182 1025 1247 Sane
1038 1180 1068 1246 si
1079 1180 1236 1272 Episcopi

93 1286 181 1352 inter
196 1307 274 1376 qnos
293 1307 392 1354 conso
419 1297 567 1353 versetur
588 1284 652 1352 sent
674 1283 878 1352 densarum
900 1285 1161 1376 prouinciarum,
1178 1288 1233 1358 ille

94 1393 227 1460 Primos
241 1391 294 1460 det
303 1391 446 1483 judices,
463 1391 499 1459 in
513 1394 609 1482 cujus
621 1391 792 1482 prouincia
806 1404 852 1460 est
867 1392 955 1460 locus
969 1391 1009 1460 de
1021 1416 1085 1484 qno
1100 1407 1233 1463 conten-

92 1498 196 1566 ditur.
212 1500 296 1570 Cum
309 1499 355 1568 ibi
369 1498 495 1568 dicatur
509 1499 551 1566 ab
566 1498 739 1568 Ordinatio
754 1498 816 1566 loci
831 1499 865 1567 in
881 1523 946 1590 quo
960 1522 1012 1568 res
1027 1509 1234 1572 controverso

93 1606 155 1673 sita
176 1615 224 1675 cst
247 1605 372 1675 dandos
395 1627 458 1674 csse
472 1604 600 1697 judices
617 1604 744 1696 (nempe
766 1606 806 1672 ab
829 1605 899 1696 ipso
914 1605 1077 1697 delegatos
1102 1609 1233 1699 quando

92 1715 311 1805 perseipsum
332 1712 478 1805 judicare
493 1733 559 1781 non
575 1711 671 1800 vult),
686 1711 815 1781 videtur
829 1714 940 1780 Actori
956 1736 1021 1781 non
1036 1715 1177 1807 relinqui
1192 1717 1234 1786 li-

92 1815 251 1885 bertatem
278 1817 369 1886 atad
391 1817 535 1908 judicem
551 1815 706 1885 domicilii
726 1816 832 1885 Reum
853 1818 969 1886 trehet.
986 1818 1077 1887 idem
1098 1821 1233 1891 suadere

93 1923 249 1992 videntur
274 1932 443 2015 sequentes
463 1923 548 2014 juris
573 1923 715 1992 Romani
743 1929 872 1992 textus:
890 1923 960 1992 Sed
981 1937 1013 1994 ct
1035 1927 1070 1994 in
1090 1927 1179 2012 loeis,
1197 1931 1233 1998 in

92 2031 210 2122 quidm
232 2053 281 2098 res
298 2045 438 2123 propter
451 2053 532 2121 qnos
551 2028 760 2099 contenditur
773 2031 957 2100 constitute
978 2046 1066 2114 sunt,
1076 2035 1233 2125 jubemus

93 2140 131 2206 in
162 2161 230 2206 rctn
257 2138 417 2207 actionem
445 2137 598 2206 odoersns
622 2136 840 2228 possidentem
869 2139 994 2206 moveri
1020 2141 1083 2230 (lex
1112 2143 1231 2232 finalis,

93 2271 124 2314 c.
147 2247 208 2314 Ubi
221 2246 255 2314 in
268 2269 338 2316 rem
353 2247 465 2336 actio).
483 2246 525 2314 Si
540 2246 650 2336 potin
671 2267 739 2312 rem
757 2246 917 2314 actionem
933 2259 1082 2337 potator,
1101 2249 1148 2318 ibi
1162 2251 1236 2342 peti

95 2353 209 2423 debere
230 2355 287 2422 eoi
310 2377 359 2422 res
384 2366 440 2422 cst.
462 2353 559 2442 (Lege
582 2351 679 2436 (tnod
698 2352 827 2443 lepotor
848 2356 902 2438 38,
920 2353 955 2421 ff.
973 2352 1013 2422 de
1032 2355 1152 2446 lodic.)
1174 2359 1236 2426 Ubi

93 2475 155 2530 aut
170 2461 218 2530 ois
230 2464 321 2553 sacta
337 2460 469 2542 dicitnr,
488 2471 547 2528 ont
564 2458 783 2527 momentaria
790 2461 947 2550 possessio
959 2464 1161 2550 postulando
1174 2481 1230 2548 est,

94 2570 143 2638 toi
155 2570 218 2638 loci
225 2568 375 2660 jndicem
389 2567 542 2636 odonsns
557 2589 631 2634 enm
646 2566 703 2657 qni
711 2566 945 2656 possessionem
960 2569 1106 2640 turbavit
1120 2594 1234 2641 conoe-

93 2679 146 2746 nit
160 2679 325 2770 judicare.
345 2677 427 2768 (Lex
451 2677 557 2761 unica,
574 2698 602 2742 c.
625 2674 686 2742 llll
705 2672 744 2741 de
761 2695 894 2764 possess.
911 2675 969 2766 opi
984 2680 1158 2770 oportent.)
1176 2683 1232 2767 Hi,

94 2787 243 2877 inquam,
261 2783 400 2854 Romani
415 2782 499 2874 juris
518 2789 625 2848 textus
646 2789 787 2848 statuere
802 2779 965 2869 videntur,
987 2794 1022 2850 ut
1041 2807 1149 2854 coram
1165 2790 1234 2858 solo

91 2893 202 2984 jndice
218 2891 279 2960 loci
294 2891 329 2959 in
345 2912 410 2982 quo
426 2911 477 2957 res
491 2896 538 2956 est
552 2887 651 2978 possit
670 2887 757 2956 Reus
772 2889 950 2958 conveniri.

143 3027 160 3066 n
176 2999 239 3069 Sed
255 2999 439 3090 oppositum
453 2995 630 3064 tenendum
651 3003 711 3079 est,
727 3017 844 3086 nempe
863 2996 950 3086 quod
972 2998 999 3065 si
1015 3003 1236 3072 controversie

98 3135 114 3173 a
138 3108 265 3176 oriatur
278 3107 318 3174 de
337 3128 372 3172 re
393 3103 554 3172 immobili
567 3103 603 3170 in
618 3101 724 3170 alieno
747 3103 912 3171 territorio
933 3104 1008 3190 sita,
1026 3107 1062 3172 in
1080 3108 1234 3179 electione

99 3241 116 3281 a
138 3213 256 3284 actoris
277 3214 333 3300 sit,
350 3221 460 3280 utrum
473 3211 508 3278 in
530 3209 600 3279 loco
620 3208 774 3278 domicilii
788 3209 860 3296 Rei,
878 3232 919 3276 an
936 3233 1011 3280 vero
1028 3213 1086 3280 ubi
1109 3236 1160 3283 res
1174 3219 1236 3286 sita

99 3349 115 3387 a
139 3331 199 3408 ost,
216 3342 311 3411 agere
333 3319 454 3388 velit.»
476 3316 655 3409 (Pirrhing,
671 3317 706 3382 in
732 3316 782 3382 tit.
801 3319 832 3402 3,
848 3315 870 3382 l.
899 3320 918 3382 2
945 3317 1086 3406 Decret.,
1104 3344 1138 3388 n.
1164 3327 1230 3414 ts.)

98 3459 115 3494 n
138 3427 361 3499 verisimilior
380 3434 428 3493 est
453 3423 635 3493 communis
659 3423 829 3507 sententia,
852 3445 926 3512 quae
952 3425 1087 3496 arbitrio
1108 3433 1235 3500 Actoris

99 3567 116 3604 o
140 3535 306 3627 relinquit,
322 3556 365 3602 an
384 3532 489 3601 Reum
508 3552 617 3598 coram
637 3529 748 3621 judice
770 3529 937 3615 domicilii,
956 3533 1006 3600 vel
1031 3535 1183 3605 territorii
1200 3540 1235 3608 in

98 3675 115 3710 e
140 3667 207 3735 quo
233 3664 284 3710 res
311 3639 507 3709 contentiosa
533 3636 657 3723 existit,
687 3637 860 3705 convenire
890 3637 980 3706 velit.
1011 3665 1027 3704 s
1058 3641 1237 3729 (Schmalz-

95 3751 248 3842 grueber,
265 3749 300 3815 in
316 3747 363 3815 tit.
383 3752 415 3834 2,
431 3745 488 3814 lib.
507 3749 525 3811 2
542 3745 683 3830 Decret.,
697 3767 730 3811 n.
749 3743 817 3832 57.)
830 3742 957 3824 Quibus
972 3746 1152 3817 rationibus
1165 3751 1237 3822 hoec

96 3856 281 3928 communis
297 3853 455 3923 sententia
469 3851 633 3938 fulciatur,
651 3859 682 3918 et
697 3851 860 3942 quomodo
880 3853 1053 3920 contruiae
1075 3856 1237 3946 opinionis

95 3972 290 4056 argumenta
315 3961 399 4030 dilui
428 3959 563 4045 soleant,
582 3958 656 4028 vide
676 3955 764 4048 apud
788 3957 936 4026 laudatos
961 3969 1120 4050 auctores,
1141 3967 1236 4037 citato

96 4076 178 4143 loco.
193 4071 304 4162 Neque
323 4069 411 4138 enim
427 4068 503 4136 sinit
519 4075 672 4134 umatus
688 4065 789 4133 nostri
803 4088 917 4156 scopus
930 4075 966 4134 ut
978 4066 1020 4134 ad
1036 4069 1162 4141 minuta
1176 4075 1238 4144 hu-

95 4177 241 4272 jusmodi
263 4174 506 4245 descendamus.

143 4287 273 4356 ffiouna
290 4287 336 4351 δ’.
354 4319 398 4334 -
422 4284 544 4352 Forum
567 4280 614 4350 rei
633 4281 705 4352 sites
725 4279 970 4363 sortientes,
987 4282 1090 4351 ctiam
1107 4290 1240 4378 quondo
