3046 4962
553 492 628 540 runs
652 493 756 540 rarus.
1183 471 1224 540 33

94 639 161 684 urm
169 615 316 709 pondere
327 615 387 686 Rei
400 613 669 702 discutiebantur,
680 615 958 708 adhibebntnrque
969 616 1226 706 costipaticnum

94 731 120 790 et
133 721 481 792 excommunicationis
496 722 657 790 coercitio.

130 833 229 899 Anno
245 834 322 916 252,
338 829 378 898 ad
395 829 587 899 Cornelium
603 829 726 920 Papam
740 827 868 920 scripsit
889 827 924 896 S.
939 828 1125 920 Cyprianus
1139 831 1228 900 cele-

93 936 177 1004 brem
207 937 394 1028 epistolam,
412 937 474 1004 sub
496 959 635 1004 numero
654 939 692 1004 59
715 935 804 1026 (alias
832 933 883 1023 55)
899 936 1089 1026 repositam,
1105 938 1140 1005 in
1163 962 1229 1029 qua

94 1042 156 1111 haee
175 1044 217 1112 de
241 1043 374 1112 Privato
401 1042 554 1112 haeretico
580 1044 820 1110 memorat:1n
844 1041 1076 1110 Sombesitonu
1100 1045 1228 1114 colonio

93 1165 162 1218 onte
177 1151 301 1218 multos
318 1152 387 1240 sere
405 1171 519 1231 annos,
545 1149 585 1217 ob
599 1148 707 1216 multa
721 1161 752 1216 et
767 1148 884 1239 precio
901 1147 1029 1230 delicta,
1048 1151 1229 1240 nonaqr‘nta

93 1258 327 1350 Episcoporum
361 1257 520 1326 sententio
554 1255 797 1324 condemnatus.
831 1255 946 1324 Postea
974 1256 1015 1325 de
1050 1256 1168 1327 Jovino
1199 1270 1230 1330 et

92 1363 234 1434 Maximo
249 1367 306 1456 qui
328 1388 397 1434 sese
411 1364 544 1434 Privato
559 1363 777 1456 adjunxerant
790 1363 835 1431 sic
853 1363 1063 1456 prosequitur
1079 1392 1087 1433 z
1110 1367 1157 1435 Ob
1173 1389 1230 1436 nc-

89 1471 189 1560 snnda
212 1472 375 1564 scmficiu
390 1471 587 1553 cenimina,
604 1471 639 1540 in
658 1494 692 1538 se
709 1471 751 1560 (1)
762 1471 918 1561 probato,
936 1473 1095 1540 sententio
1115 1497 1231 1543 nouem

94 1580 289 1671 colleparum
300 1593 486 1648 nostrorum
501 1577 720 1659 condemnati,
733 1588 764 1645 et
778 1577 896 1646 iterato
910 1601 1037 1670 quoque
1047 1603 1068 1646 u
1078 1580 1231 1671 pluribus

91 1687 177 1756 nobis
192 1711 282 1756 muco
294 1689 407 1780 priore
420 1687 455 1756 in
470 1687 605 1756 connlio
619 1686 770 1756 abstenti.
788 1685 933 1756 Tandem
955 1709 1138 1757 sermonem
1154 1713 1232 1758 con-

94 1803 219 1863 vertens
243 1795 283 1864 ad
301 1795 629 1888 pseudo-episcopum
654 1793 869 1862 Fortunatam
890 1792 1025 1885 ejusque
1041 1796 1155 1883 socios,
1173 1799 1231 1890 qui

92 1901 284 1992 Carthagine
303 1901 508 1972 condemnati
528 1902 669 1970 Romam
685 1901 877 1992 petiverant,
895 1899 936 1968 ad
955 1901 1143 1971 Cornelium
1167 1903 1233 1973 Pa-

94 2031 162 2100 pam
177 2009 389 2101 appellantes,
405 2010 476 2076 haec
490 2007 660 2100 subjungit
676 2034 684 2075 :
703 2010 791 2080 Nam
805 2028 880 2074 cum
895 2017 1058 2076 statutum
1073 2009 1115 2078 sit
1127 2013 1232 2080 omra-

97 2115 146 2184 ns
170 2115 276 2198 nobis,
295 2129 326 2184 et
349 2137 479 2206 eperum
499 2113 542 2182 sit
561 2115 745 2208 pariterue
767 2115 908 2205 justum,
927 2128 964 2182 ut
981 2115 1234 2209 uniusncjusque

96 2247 189 2294 causo
202 2225 271 2294 illic
284 2225 454 2307 audiatur,
468 2223 525 2292 ubi
538 2237 583 2292 est
594 2222 718 2292 crimen
728 2220 909 2290 admonens
920 2273 972 2304 ...,
983 2235 1111 2315 oportet
1123 2225 1235 2315 utique

98 2355 143 2400 eor
171 2331 290 2424 quibua
310 2353 507 2423 prosumus,
534 2352 601 2398 non
626 2330 890 2411 circumcursare,
915 2351 972 2396 nec
996 2331 1235 2422 Episcoporum

98 2439 301 2508 concordium
315 2439 529 2508 coherentem
540 2459 601 2506 suc
613 2436 749 2506 modale
768 2449 799 2504 ct
817 2435 934 2527 fallaci
948 2438 1130 2506 temeritate
1143 2439 1235 2508 colli-

97 2547 177 2630 dere,
193 2546 252 2616 scd
264 2569 360 2638 apere
373 2544 440 2616 illic
454 2568 590 2614 causam
602 2567 710 2627 mam,
726 2543 785 2614 ubi
802 2556 833 2612 et
855 2557 1056 2613 accusatores
1071 2547 1190 2616 habuc
1205 2561 1236 2616 et
1285 2575 1290 2588 ·

98 2669 186 2724 testes
199 2655 253 2724 sui
266 2654 413 2724 cuminis
420 2665 573 2746 poserem.
590 2653 630 2721 Et
645 2651 741 2743 paulo
756 2660 828 2742 post
843 2651 882 2720 da
898 2651 1013 2722 iisdem
1037 2655 1207 2748 subjungit
1225 2685 1232 2725 ι

98 2767 171 2830 tam
186 2785 286 2831 caran
302 2784 415 2832 comm
435 2760 566 2852 copnite
579 2771 644 2840 est;
653 2759 734 2850 jum
756 2757 796 2826 dc
817 2759 860 2826 eis
883 2757 972 2828 dicta
986 2764 1148 2832 sententio
1165 2776 1235 2833 cst:

98 2893 150 2939 nee
173 2892 314 2939 censurae
341 2867 489 2960 conprnit
513 2865 718 2936 sacerdotum
746 2865 875 2935 mobilis
902 2879 1001 2958 atque
1026 2869 1237 2940 incorntontis

99 2975 204 3044 animi
217 2975 349 3044 leuitate
367 2973 570 3066 reprehendi.

138 3083 202 3166 Qui
216 3081 286 3152 haec
299 3081 453 3173 Cypriani
469 3081 569 3149 verbe
583 3078 747 3168 legerunt,
765 3079 830 3146 nisi
846 3101 888 3148 ex
903 3080 1070 3171 proposito
1085 3082 1238 3154 claudant

100 3187 215 3255 mentis
230 3187 353 3274 cemos,
370 3185 533 3278 quomodo
554 3207 620 3254 non
636 3183 749 3253 vident
760 3185 829 3275 jam
846 3193 917 3253 tum
931 3185 966 3254 in
982 3209 1043 3254 usu
1063 3187 1166 3260 fuisse
1187 3192 1237 3261 fo-

100 3313 170 3359 mm
181 3290 334 3359 Ecclesiae
343 3291 599 3360 contentiosum?
607 3288 694 3371 Quid
707 3312 786 3379 ergo
795 3289 884 3359 deest
892 3289 1102 3381 adjudicium
1110 3294 1237 3366 forense

100 3397 226 3488 proprie
238 3396 361 3466 dictum
374 3397 558 3488 pertinens?
572 3397 620 3465 Ibi
632 3395 771 3487 judices,
785 3397 1008 3486 Accusatores,
1020 3399 1094 3488 Rei,
1111 3411 1239 3473 contes-

100 3504 174 3571 tatio
189 3503 256 3570 litis
269 3525 326 3572 seu
341 3503 489 3595 probatio
503 3501 662 3589 criminis,
678 3502 847 3588 sententia,
865 3502 1054 3594 appellatio,
1071 3527 1177 3596 poena.

142 3610 194 3678 Ad
215 3609 315 3678 finem
336 3609 424 3678 tertii
439 3609 562 3690 saecnli,
581 3607 633 3676 vel
659 3607 700 3676 ad
723 3630 889 3676 summum
911 3610 951 3677 ad
971 3611 1099 3679 initium
1115 3617 1237 3704 quarti,

100 3715 284 3785 renuendos
299 3738 368 3784 esse
381 3737 520 3784 canones
534 3714 592 3805 qui
608 3713 761 3782 dicuntur
776 3715 1011 3806 apostolorum,
1027 3727 1137 3789 tenent
1150 3744 1238 3792 com·

101 3823 240 3892 munitor
271 3821 408 3910 eruditi3
434 3822 498 3892 fori
525 3830 634 3890 autem
659 3822 850 3890 contentiosi
877 3825 1009 3915 proprie
1037 3825 1115 3895 dicti
1143 3853 1240 3900 usum

101 3937 207 4022 aperte
217 3929 392 3999 exhibent:
408 3929 454 3998 sic
469 3930 557 3998 enim
575 3928 671 3998 habet
686 3951 790 3998 canon
801 3933 841 3997 73
859 3931 923 3998 :Si
934 3931 1115 4025 Episcopus
1130 3939 1241 4007 coires

98 4038 161 4127 fide
175 4036 284 4128 dipnis
299 4037 338 4106 de
352 4037 464 4130 aliquo
485 4048 663 4119 acnuetur,
684 4037 795 4106 vocari
810 4059 885 4106 eum
900 4050 1027 4130 oportet
1041 4040 1083 4108 ab
1099 4043 1240 4134 Ept'sco-

98 4145 159 4235 pis.
176 4145 265 4214 Etsi
285 4167 318 4213 sc
341 4143 473 4235 quidem
494 4145 625 4227 stiterit,
643 4157 673 4212 et
696 4145 856 4236 consessus
877 4146 929 4214 vel
948 4146 1113 4219 convictus
1125 4153 1238 4243 ficone,

133 4299 166 4360 {tt
183 4297 221 4348 Ea
231 4296 312 4347 rerba
326 4300 352 4346 tn
363 4311 389 4346 re
402 4297 471 4348 item
483 4295 520 4348 ibi
532 4299 624 4348 sonant
636 4309 667 4347 ac
679 4299 767 4346 contra
780 4298 854 4360 ipson

259 4397 278 4440 1.
1065 4393 1083 4448 3
