3032 4976
288 450 351 516 3¹2
661 471 838 518 raimerus
859 473 898 518 ns
920 473 1054 520 marcas.

286 591 461 662 audiendas
477 605 569 662 tester
583 592 827 686 umiut:quod,
841 595 986 687 pasiadr'c
1002 595 1045 685 (t)
1061 595 1290 678 mmscummt,
1304 619 1421 666 accam

286 713 332 768 est
346 713 384 770 ut
398 700 488 794 quod
499 714 616 770 cantro
629 700 732 794 lepem
747 713 860 771 actum
873 713 930 782 cst,
948 723 1016 769 noa
1037 700 1159 772 haheat
1168 705 1379 796 ameum

332 835 348 872 ι
365 808 536 901 Excipitur
546 809 671 900 priano,
686 807 714 876 si
728 807 909 901 muralem
922 809 966 878 sit
981 809 1016 876 ia
1032 831 1140 888 mors;
1155 811 1283 903 atquin
1298 809 1424 881 debitor

288 944 304 979 a
327 915 367 984 dc
381 916 462 1008 fuga
475 923 643 1008 suspectus
657 914 711 1001 sit,
728 915 780 984 vel
796 923 892 985 testes
904 917 939 985 in
955 925 1095 986 remotas
1113 925 1222 1010 partes
1236 917 1422 1006 discessuri,

286 1052 303 1089 a
326 1023 379 1091 vel
393 1023 421 1092 si
434 1045 527 1092 saaca
548 1028 605 1092 aut
630 1023 745 1112 aegroti
769 1023 846 1108 sint,
864 1044 923 1091 nec
946 1044 1022 1112 pare
1037 1021 1175 1092 adversa
1194 1021 1319 1092 interea
1331 1025 1423 1094 citari

286 1158 303 1196 o
326 1132 377 1199 vel
393 1131 545 1198 iuteresse
560 1129 671 1222 possit.
689 1129 853 1211 Secundo,
870 1129 897 1196 si
912 1137 1022 1222 partes
1036 1130 1424 1224 eonsentiaa13qniajuri

285 1267 303 1304 s
326 1261 385 1307 suo
398 1237 586 1306 mnuntiare
598 1244 745 1329 possum.
766 1239 881 1318 Tertio,
892 1237 921 1304 si
934 1245 1050 1327 agatur
1064 1235 1105 1306 de
1119 1238 1256 1306 cumina
1271 1238 1408 1308 haeresis
1413 1269 1421 1328 ;

285 1373 302 1410 a
325 1368 401 1414 uam
415 1343 451 1412 in
474 1343 536 1412 hoc
558 1347 659 1436 partis
677 1344 861 1413 citationem
877 1344 1006 1436 supplet
1020 1345 1195 1436 praesentia
1214 1345 1423 1415 honestarum

284 1475 538 1546 «personarum
566 1452 679 1546 (capite
703 1451 805 1538 finali,
826 1450 866 1521 de
888 1452 1067 1532 Hareticis,
1094 1452 1127 1520 in
1153 1453 1198 1543 6).
1231 1455 1372 1537 Quarto,
1398 1455 1423 1522 si

285 1589 302 1626 a
325 1570 442 1650 agatur
454 1559 494 1627 dc
507 1567 635 1650 peceato
649 1557 795 1646 vitando,
806 1559 855 1628 uti
868 1559 989 1629 iactum
1003 1568 1050 1628 est
1062 1559 1165 1651 capite
1180 1563 1345 1629 Praeterea
1356 1561 1422 1652 (12,

286 1695 302 1732 a
326 1667 365 1736 de
384 1665 621 1759 Spmualidus),
639 1666 694 1735 ubi
715 1665 756 1734 ad
778 1665 1012 1757 depositionem
1031 1666 1132 1734 nnius
1154 1669 1242 1735 testis
1255 1677 1379 1738 secreto
1393 1677 1422 1734 ot

285 1802 302 1840 a
326 1774 448 1842 occulte
472 1772 674 1864 deponentis,
695 1771 764 1841 siue
789 1772 938 1841 citatione
958 1772 1091 1842 alterius
1117 1774 1230 1866 partis,
1247 1773 1421 1866 impeditur

285 1907 302 1946 c
327 1880 570 1950 matrimonium
595 1877 863 1948 contrahendum.
892 1879 1029 1964 Quinto,
1053 1877 1194 1972 deniqne
1212 1880 1245 1948 in
1268 1881 1422 1951 omuibus

285 2015 301 2050 a
328 1986 392 2056 illis
406 1987 533 2055 casibus
548 1987 581 2054 iu
598 1985 717 2079 quibus
735 1985 803 2053 litis
822 1985 1011 2054 contestatio
1037 1985 1217 2054 necessaria
1235 2008 1302 2054 uon
1317 1994 1379 2056 est.
1403 2015 1419 2052 s

284 2093 598 2184 (Sohmalzgrneber,
616 2093 649 2160 ia
666 2092 716 2160 tit.
735 2095 791 2178 20,
805 2091 882 2160 libri
899 2096 919 2159 2
940 2093 1084 2179 Deerat,
1100 2115 1134 2161 u.
1154 2095 1222 2184 82.)

327 2208 358 2270 2.
378 2201 490 2270 citata
512 2208 620 2292 partes
643 2199 771 2268 admitti
797 2200 915 2268 debent
938 2208 976 2269 ut
997 2200 1130 2269 videant
1150 2208 1246 2270 testes
1271 2203 1373 2295 recipi
1393 2211 1422 2271 et

280 2309 404 2402 jurare,
426 2330 493 2376 non
512 2329 590 2375 vero
615 2315 652 2374 ut
677 2305 811 2375 audiant
833 2308 1023 2377 eorumdem
1048 2309 1244 2378 testimonia.
1269 2309 1422 2402 Sequitur

283 2439 324 2486 ex
339 2415 442 2508 capite
456 2414 677 2506 disquisitionis
693 2415 759 2504 (21,
775 2414 850 2483 iibri
869 2420 900 2501 5,
919 2415 1005 2483 tituli
1022 2420 1036 2483 t
1057 2416 1198 2508 Deerat.)
1210 2417 1267 2486 ubi
1280 2417 1422 2487 decernit

281 2523 487 2593 innocentius
510 2523 567 2608 ΙΙΙ,
585 2544 652 2591 noa
673 2522 780 2590 solum
801 2522 931 2590 testium
956 2521 1055 2606 dicta,
1073 2523 1132 2592 sed
1145 2525 1247 2592 etiam
1269 2525 1344 2618 apsa
1365 2549 1422 2594 no-

284 2632 385 2712 ntino,
402 2642 439 2698 ut
461 2628 580 2722 quida
603 2651 667 2721 qua
689 2627 733 2696 sit
756 2627 880 2696 dictum
903 2615 1076 2722 appareat,
1091 2631 1313 2724 publicanum
1336 2631 1420 2724 qnod

283 2747 368 2807 certo
382 2735 547 2830 supponit,
563 2736 707 2827 primum
723 2735 938 2826 interrogatos
951 2738 1050 2806 fuisse
1065 2747 1161 2806 testes
1181 2747 1272 2830 parte
1287 2740 1422 2810 adversa

285 2867 351 2915 non
360 2852 530 2938 prasente.
540 2843 582 2910 Et
594 2843 680 2910 idem
691 2842 812 2932 pariter
820 2843 985 2933 colligitur
993 2866 1035 2913 ex
1047 2845 1150 2937 capite
1165 2846 1350 2915 Venerabili
1357 2849 1420 2937 (52,

286 2954 334 3022 tit.
353 2957 408 3034 20,
425 2950 501 3020 libri
518 2956 537 3020 2
552 2949 706 3040 Deerat.);
725 2958 810 3018 etex
827 2950 899 3040 lege
914 2951 1054 3020 Nullum
1070 2955 1138 3044 (u,
1155 2975 1184 3020 o.
1202 2952 1242 3022 de
1254 2954 1417 3045 Tertium).

329 3059 413 3128 Hinc
440 3058 615 3126 canonista
643 3057 841 3126 unanimiter
867 3057 983 3126 docent
1006 3067 1101 3127 testes
1124 3069 1289 3129 secretos
1317 3061 1421 3152 judice

284 3187 354 3235 esse
379 3163 631 3249 examinandum
659 3170 690 3229 et
715 3161 794 3231 dum
823 3164 1076 3255 interpretantur
1103 3166 1171 3235 hac
1201 3167 1302 3235 verba
1327 3189 1421 3260 supra

281 3273 377 3342 citata
391 3269 558 3340 decretalis
569 3272 609 3338 In
623 3270 764 3351 nominc,
787 3294 803 3334 o
817 3270 1044 3340 admouendus
1061 3280 1110 3340 est
1130 3294 1258 3364 semper
1271 3273 1421 3342 adversa-

289 3407 306 3446 e
328 3379 413 3465 rius,
430 3385 467 3444 ut
487 3375 534 3444 od
557 3375 735 3446 audiendos
760 3383 855 3444 testes
873 3379 995 3464 veniat,
1012 3405 1029 3443 a
1047 3401 1159 3448 vocam
1181 3378 1228 3448 ad
1249 3379 1421 3448 audiendos

285 3486 398 3554 dicunt
421 3481 666 3571 intelligendam
685 3504 755 3550 esse
774 3483 814 3550 de
833 3483 1002 3552 anditione
1024 3485 1195 3554 dumtaxat
1215 3485 1421 3576 juramentis

284 3592 419 3662 testibus
446 3588 634 3681 praestandi,
657 3611 723 3659 non
745 3612 823 3658 vero
851 3590 889 3660 de
913 3591 1079 3660 auditione
1103 3592 1313 3684 depositionis
1339 3594 1421 3686 ipso-

283 3723 371 3772 rum.
392 3697 488 3787 (Vide
513 3695 814 3786 Schmalzgrueber‚
836 3697 868 3764 in
893 3698 942 3766 tit.
971 3701 1026 3785 20,
1049 3699 1125 3767 libri
1150 3705 1168 3768 2
1196 3699 1419 3786 Decretalium,

285 3831 320 3874 a.
340 3805 409 3896 83.)

330 3917 361 3979 3.
384 3909 574 3980 Astautibus
597 3909 744 3998 testibus,
760 3934 884 3981 naoaon
907 3911 1067 3982 citatis'at
1085 3914 1299 4005 praesentibus
1325 3914 1420 4007 parti-

283 4022 358 4107 bus,
374 4019 453 4088 solet
474 4015 589 4109 judex,
607 4039 682 4086 cum
703 4016 844 4109 quadam
868 4021 1025 4109 gravitate
1040 4044 1078 4089 ac
1093 4023 1276 4109 severitate,
1292 4030 1418 4114 aperto-

225 4311 230 4324 ,
315 4267 346 4330 tt)
362 4263 460 4326 Nempe
474 4261 501 4312 ia
514 4275 591 4313 usuca
603 4260 750 4326 particulari
764 4261 796 4313 de
812 4277 863 4328 qua
876 4262 902 4314 ia
916 4262 965 4314 hac
979 4263 1105 4316 doeretsti
1117 4262 1211 4330 agitur.
