3046 4968
566 471 641 518 enas
662 473 765 519 earm.
1173 455 1233 520 113

98 591 216 682 patefit,
235 591 263 659 si
290 591 512 662 consideretur
537 592 605 684 ipse
627 602 716 662 actus
736 617 792 662 sen
810 593 983 663 methodus
1005 594 1171 665 tradendae
1186 597 1234 663 rei

97 697 261 768 litteraria
280 699 467 768 christianis
482 699 659 789 juvenibus
677 729 684 768 :
703 702 834 793 qnando
857 701 944 770 enim
965 710 1112 770 occurret
1126 703 1236 794 aliqua

98 806 127 872 in
144 808 258 896 poetis,
280 807 452 892 historicis,
468 807 633 876 caeterisve
649 809 1024 896 auctoribussententia,
1043 798 1138 878 rectas
1157 810 1234 878 fidei

97 923 125 980 et
139 914 233 982 bonis
247 913 392 982 moribus
404 913 614 1000 concordans,
631 914 681 983 vel
693 915 854 1007 opposite,
868 917 920 985 vel
936 915 1048 1001 dubia,
1066 915 1145 1008 quid
1161 926 1236 1006 aget

98 1021 267 1109 magister?
280 1020 492 1090 Tacebit-ne?
508 1020 594 1108 Ergo
607 1019 746 1111 juvenes
760 1030 916 1114 perpetuo
929 1023 1133 1114 urgebuntur
1148 1024 1234 1114 peri-

98 1127 166 1197 culo
184 1129 407 1198 subversionis
429 1151 559 1196 morum
579 1141 610 1196 et
633 1129 720 1198 fidei.
743 1134 796 1196 An
815 1131 978 1198 doctorem
998 1139 1083 1219 aget,
1107 1131 1234 1221 etquid

97 1233 251 1304 catholice
278 1233 483 1302 sentiendum
510 1235 551 1302 sit
570 1233 738 1325 discipulis
757 1233 882 1304 edioett
900 1236 988 1326 Ergo
1009 1237 1072 1327 ipsi
1090 1237 1234 1327 quotidie

98 1341 133 1410 de
147 1341 332 1410 orthodoxa
347 1339 411 1408 fide
425 1351 456 1410 et
472 1364 599 1410 morum
616 1342 783 1410 sanctitate
799 1342 1026 1412 disserendum
1042 1353 1073 1412 et
1088 1366 1234 1435 pronun-

98 1447 245 1518 tiandum
272 1449 343 1518 erit.
368 1448 462 1529 Quod
486 1447 619 1540 quidem
642 1449 669 1516 si
694 1449 789 1518 iaciat
814 1472 856 1518 ex
879 1459 1008 1542 accepta
1030 1450 1072 1518 ab
1094 1450 1235 1520 Ecclesia

98 1556 261 1641 missione,
278 1563 448 1647 postquam
467 1579 581 1646 nempe
600 1555 811 1624 ecclesiastica
829 1565 969 1647 potestas
984 1555 1024 1624 de
1040 1556 1142 1648 ipsius
1156 1557 1231 1648 lide,

97 1673 124 1728 et
138 1663 225 1755 aptis
252 1659 292 1730 ad
314 1661 495 1731 docendum
512 1662 658 1750 dotibus,
673 1663 883 1754 judicaverit,
902 1672 933 1732 et
948 1663 993 1731 ita
1009 1675 1044 1731 ut
1060 1665 1235 1756 invigilans

96 1769 208 1838 eadem
224 1769 436 1838 ecclesiastica
447 1777 586 1862 potestas
599 1793 688 1856 eum,
704 1770 732 1836 si
744 1770 875 1860 quando
887 1769 920 1836 in
937 1779 1159 1840 transversum
1173 1770 1234 1840 de-

95 1875 212 1963 flectat,
231 1876 331 1966 possit
346 1899 366 1944 a
381 1899 516 1944 munere
532 1898 695 1963 amovere,
713 1877 834 1968 optime
850 1897 900 1944 res
922 1876 1073 1968 procedet
1089 1905 1097 1944 ι
1114 1879 1142 1944 si
1156 1901 1235 1947 vero

94 2005 111 2046 a
129 1981 284 2050 saeculari
299 1989 453 2072 potestate
473 1981 646 2072 deputetur
664 1991 696 2048 et
719 1981 869 2072 pendeat,
887 1991 1079 2074 perpetuum
1101 1983 1235 2052 instabit

94 2091 320 2178 pervertendos
345 2089 526 2180 juventutis
553 2087 852 2180 periculum3cnu1
881 2091 1063 2180 praesertirn
1092 2090 1236 2182 quotidie

92 2195 239 2266 accidere
254 2195 366 2288 possit,
384 2205 420 2263 nt
435 2195 601 2264 saecularis
618 2203 758 2285 potestas
774 2218 794 2262 a
809 2203 894 2264 recte
916 2195 1107 2266 estimanda
1123 2198 1236 2268 ortho-

91 2303 180 2372 doxa
192 2302 258 2372 tide
269 2312 301 2372 et
314 2326 441 2372 morum
454 2305 620 2372 sanctitate
631 2303 702 2394 ipsa
712 2301 860 2389 deliciat3
877 2311 909 2370 et
923 2303 958 2370 iu
969 2305 1030 2374 hoc
1044 2325 1109 2372 non
1123 2304 1237 2374 debeat

88 2409 252 2499 judicare,
269 2410 326 2478 sed
342 2409 383 2478 ab
398 2409 552 2496 Ecclesia,
569 2409 653 2478 sicut
671 2410 781 2477 caeteri
798 2408 923 2497 fideles,
937 2410 1091 2502 judicari,
1109 2410 1236 2480 edoceri

90 2525 120 2584 ct
139 2516 276 2606 corrigi.
299 2517 398 2606 Ergo,
422 2516 485 2584 nisi
500 2517 689 2586 erudiendae
708 2517 742 2582 in
761 2515 876 2584 litteris
889 2516 1070 2622 juventutis
1088 2519 1182 2607 ratio,
1203 2529 1236 2588 et

89 2625 279 2694 scholarum
296 2624 591 2716 magistrorumque
609 2625 644 2691 in
660 2622 747 2691 hunc
763 2646 896 2714 scopum
913 2625 1158 2695 statuendorum
1176 2649 1236 2696 or-

89 2731 216 2800 dinatio
243 2740 274 2800 et
300 2731 493 2821 gubernatio
519 2753 617 2822 penes
641 2729 817 2798 Ecclesiam
847 2731 996 2818 resideat,
1025 2755 1092 2802 non
1118 2735 1238 2826 poterit

88 2839 235 2908 Ecclesia
248 2837 386 2927 juvenes
402 2838 444 2906 ad
464 2840 562 2906 tinem
579 2837 642 2904 sihi
660 2838 830 2928 proprium
849 2861 1042 2928 promovere
1058 2850 1090 2908 et
1109 2841 1235 2932 perdu-

88 2969 175 3016 cere.

132 3061 169 3124 2·
193 3054 282 3122 Idem
307 3077 326 3122 a
348 3053 462 3124 fortuni
486 3053 613 3122 dicatur
635 3029 1108 3146 de⁴scientiarum'discipline.
1133 3057 1173 3124 Et
1193 3057 1234 3126 de

86 3161 298 3254 philosophia
315 3161 460 3253 quidem,
482 3161 559 3230 satis
580 3182 636 3252 per
656 3185 690 3230 sc
711 3169 808 3252 patet.
831 3161 920 3229 Licet
940 3163 1029 3230 enim
1048 3172 1152 3232 exstet
1171 3166 1235 3234 eli-

86 3295 154 3362 qua
180 3270 340 3341 neturalis
360 3271 504 3358 scientia,
528 3293 586 3338 seu
606 3269 789 3361 complexio
808 3271 1055 3340 conclusionum
1075 3296 1093 3342 e
1112 3275 1234 3366 princi-

85 3379 164 3468 piis,
189 3377 331 3448 natnrali
346 3379 462 3446 ruentis
483 3377 605 3446 lumine
621 3377 708 3446 notis
723 3376 949 3465 deductarum,
965 3401 1040 3470 qnae
1053 3403 1072 3448 a
1088 3383 1233 3450 notioni-

85 3487 148 3556 bus
158 3485 312 3556 revelatis
322 3496 354 3553 et
365 3485 528 3578 theologia
536 3483 675 3572 dillerm,
685 3496 717 3554 et
728 3487 860 3577 proprio
873 3486 1088 3579 philosophis
1102 3492 1233 3558 nomino

85 3595 209 3662 merito
225 3593 376 3680 donetur,
398 3617 436 3661 ea
449 3603 570 3681 tamen,
587 3603 685 3686 prout
699 3616 776 3662 vera
796 3593 848 3662 vel
866 3593 946 3661 falsa
964 3603 1023 3682 est,
1041 3596 1230 3685 religionem

82 3701 281 3770 catholicam
300 3701 394 3793 juvat
409 3702 459 3768 vel
480 3701 650 3770 subvertit.
670 3701 787 3770 Utrum
802 3710 912 3768 antem
931 3723 1008 3770 vera
1026 3711 1057 3770 et
1077 3703 1228 3792 innocue,

83 3808 136 3876 vel
159 3807 245 3878 falsa
258 3816 291 3876 et
304 3807 455 3899 pestilens
473 3808 514 3876 sit
534 3807 644 3900 aliqua
662 3809 809 3877 doctrina
828 3807 1050 3900 philosophica
1068 3808 1227 3895 decidere,

80 3927 130 3984 est
145 3915 191 3984 de
204 3917 277 4007 ipsa
290 3924 376 3984 recta
389 3914 454 3984 fide
469 3915 567 3984 simul
582 3925 612 3982 et
633 3915 890 4006 inseparabiliter
908 3916 1137 4006 pronuntiare3
1154 3941 1228 4010 qnae

81 4033 174 4091 certe
188 4023 409 4114 pronuntiatio
424 4033 455 4090 et
464 4023 623 4111 delinitio,
636 4023 676 4090 ad
693 4023 950 4111 ecclesiasticam,
962 4023 1078 4092 nonad
1093 4027 1230 4096 saecula-

80 4155 155 4200 rem
176 4138 365 4221 potestatem
384 4129 533 4221 pertinet.
549 4131 609 4197 Ast
629 4139 661 4197 et
682 4129 754 4198 aliae
774 4129 929 4217 scientiae,
947 4152 1022 4219 qnae
1046 4153 1088 4199 ex
1106 4131 1231 4224 objecto

82 4237 147 4306 sibi
162 4237 311 4330 proprio,
328 4246 362 4305 ut
373 4237 520 4329 physica,
533 4235 687 4306 mathesis
701 4246 733 4304 ct
743 4236 827 4325 aliae,
843 4237 946 4326 magis
963 4259 982 4304 a
995 4236 1150 4330 religione
1163 4239 1233 4308 ahs·

252 4364 272 4408 1.
1054 4356 1073 4410 8
