<?xml version="1.0" encoding="UTF-8"?>
<!DOCTYPE html PUBLIC "-//W3C//DTD XHTML 1.0 Transitional//EN"
    "http://www.w3.org/TR/xhtml1/DTD/xhtml1-transitional.dtd">
<html xmlns="http://www.w3.org/1999/xhtml" xml:lang="en" lang="en">
 <head>
  <title>
</title>
<meta http-equiv="Content-Type" content="text/html;charset=utf-8" />
  <meta name='ocr-system' content='tesseract 3.04.00' />
  <meta name='ocr-capabilities' content='ocr_page ocr_carea ocr_par ocr_line ocrx_word'/>
</head>
<body>
  <div class='ocr_page' id='page_1' title='image "./tractatusdejudi01goog_0071.png"; bbox 0 0 3046 4962; ppageno 0'>
   <div class='ocr_carea' id='block_1_1' title="bbox 274 415 1035 484">
    <p class='ocr_par' dir='ltr' id='par_1_1' title="bbox 274 415 1035 484">
     <span class='ocr_line' id='line_1_1' title="bbox 274 415 1035 484; baseline -0.005 2"><span class='ocrx_word' id='word_1_1' title='bbox 274 415 313 478; x_wconf 83' lang='grc'><strong><em>60</em></strong></span> <span class='ocrx_word' id='word_1_2' title='bbox 647 437 821 484; x_wconf 77' lang='lat' dir='ltr'><strong><em>rntcrnrus</em></strong></span> <span class='ocrx_word' id='word_1_3' title='bbox 844 437 882 482; x_wconf 80' lang='lat' dir='ltr'><strong><em>ne</em></strong></span> <span class='ocrx_word' id='word_1_4' title='bbox 904 437 1035 483; x_wconf 82' lang='lat' dir='ltr'><strong><em>suorurs.</em></strong></span> 
     </span>
    </p>
   </div>
   <div class='ocr_carea' id='block_1_2' title="bbox 274 551 1520 2474">
    <p class='ocr_par' dir='ltr' id='par_1_2' title="bbox 274 551 1516 1079">
     <span class='ocr_line' id='line_1_2' title="bbox 276 551 1515 650; baseline -0.006 -22"><span class='ocrx_word' id='word_1_5' title='bbox 276 557 434 648; x_wconf 84' lang='lat' dir='ltr'><strong><em>(Concilio</em></strong></span> <span class='ocrx_word' id='word_1_6' title='bbox 450 559 581 641; x_wconf 85' lang='lat' dir='ltr'><strong><em>Mansii,</em></strong></span> <span class='ocrx_word' id='word_1_7' title='bbox 602 566 624 626; x_wconf 93' lang='lat' dir='ltr'><strong><em>t.</em></strong></span> <span class='ocrx_word' id='word_1_8' title='bbox 644 563 699 643; x_wconf 84' lang='grc'><strong><em>20,</em></strong></span> <span class='ocrx_word' id='word_1_9' title='bbox 716 581 790 650; x_wconf 79' lang='lat' dir='ltr'><strong><em>pag.</em></strong></span> <span class='ocrx_word' id='word_1_10' title='bbox 815 559 905 649; x_wconf 84' lang='grc'><strong>232).</strong></span> <span class='ocrx_word' id='word_1_11' title='bbox 923 561 959 626; x_wconf 93' lang='lat' dir='ltr'><strong><em>In</em></strong></span> <span class='ocrx_word' id='word_1_12' title='bbox 976 583 1030 628; x_wconf 91' lang='lat' dir='ltr'><strong><em>cos</em></strong></span> <span class='ocrx_word' id='word_1_13' title='bbox 1046 582 1122 626; x_wconf 89' lang='lat' dir='ltr'><strong><em>vero</em></strong></span> <span class='ocrx_word' id='word_1_14' title='bbox 1143 558 1198 650; x_wconf 83' lang='lat' dir='ltr'><strong><em>qui</em></strong></span> <span class='ocrx_word' id='word_1_15' title='bbox 1224 551 1410 626; x_wconf 82' lang='lat' dir='ltr'><strong><em>Sarracenis</em></strong></span> <span class='ocrx_word' id='word_1_16' title='bbox 1514 561 1515 598; x_wconf 53' lang='lat' dir='ltr'><strong><em>l</em></strong></span> 
     </span>
     <span class='ocr_line' id='line_1_3' title="bbox 274 661 1412 755; baseline -0.004 -22"><span class='ocrx_word' id='word_1_17' title='bbox 274 665 435 734; x_wconf 87' lang='lat' dir='ltr'><strong><em>auxilium</em></strong></span> <span class='ocrx_word' id='word_1_18' title='bbox 459 665 580 734; x_wconf 84' lang='lat' dir='ltr'><strong><em>ferrent</em></strong></span> <span class='ocrx_word' id='word_1_19' title='bbox 604 665 648 734; x_wconf 87' lang='lat' dir='ltr'><strong><em>ita</em></strong></span> <span class='ocrx_word' id='word_1_20' title='bbox 671 665 881 734; x_wconf 77' lang='lat' dir='ltr'><strong>decernitur:</strong></span> <span class='ocrx_word' id='word_1_21' title='bbox 906 667 994 734; x_wconf 88' lang='lat' dir='ltr'><strong><em>Tales</em></strong></span> <span class='ocrx_word' id='word_1_22' title='bbox 1020 666 1122 755; x_wconf 80' lang='lat' dir='ltr'><strong><em>iqituc</em></strong></span> <span class='ocrx_word' id='word_1_23' title='bbox 1142 688 1163 732; x_wconf 92' lang='lat' dir='ltr'><strong><em>a</em></strong></span> <span class='ocrx_word' id='word_1_24' title='bbox 1186 661 1412 732; x_wconf 85' lang='lat' dir='ltr'><strong><em>communione</em></strong></span> 
     </span>
     <span class='ocr_line' id='line_1_4' title="bbox 274 769 1413 866; baseline -0.005 -25"><span class='ocrx_word' id='word_1_25' title='bbox 274 773 424 842; x_wconf 78' lang='lat' dir='ltr'><strong><em>Ecclesia</em></strong></span> <span class='ocrx_word' id='word_1_26' title='bbox 434 773 585 865; x_wconf 73' lang='lat' dir='ltr'><strong><em>precisas</em></strong></span> <span class='ocrx_word' id='word_1_27' title='bbox 598 825 648 854; x_wconf 86' lang='lat'><strong><em>...,</em></strong></span> <span class='ocrx_word' id='word_1_28' title='bbox 661 796 771 841; x_wconf 76' lang='lat' dir='ltr'><strong><em>retum</em></strong></span> <span class='ocrx_word' id='word_1_29' title='bbox 781 795 929 856; x_wconf 84' lang='lat' dir='ltr'><strong><em>suarum,</em></strong></span> <span class='ocrx_word' id='word_1_30' title='bbox 934 797 997 866; x_wconf 88' lang='lat' dir='ltr'><strong><em>per</em></strong></span> <span class='ocrx_word' id='word_1_31' title='bbox 1005 773 1115 842; x_wconf 72' lang='lat' dir='ltr'><strong><em>sectili</em></strong></span> <span class='ocrx_word' id='word_1_32' title='bbox 1120 771 1284 865; x_wconf 78' lang='lat' dir='ltr'><em>principes</em></span> <span class='ocrx_word' id='word_1_33' title='bbox 1298 769 1413 838; x_wconf 86' lang='lat' dir='ltr'><strong><em>catbo-</em></strong></span> 
     </span>
     <span class='ocr_line' id='line_1_5' title="bbox 276 875 1516 972; baseline -0.004 -24"><span class='ocrx_word' id='word_1_34' title='bbox 276 879 352 948; x_wconf 86' lang='lat' dir='ltr'><strong><em>lices</em></strong></span> <span class='ocrx_word' id='word_1_35' title='bbox 367 893 397 948; x_wconf 88' lang='lat' dir='ltr'><strong><em>et</em></strong></span> <span class='ocrx_word' id='word_1_36' title='bbox 411 881 554 948; x_wconf 90' lang='lat' dir='ltr'><strong><em>consules</em></strong></span> <span class='ocrx_word' id='word_1_37' title='bbox 573 880 756 962; x_wconf 87' lang='lat' dir='ltr'><strong><em>ciuitatum,</em></strong></span> <span class='ocrx_word' id='word_1_38' title='bbox 771 881 957 972; x_wconf 87' lang='lat' dir='ltr'><strong><em>privatione</em></strong></span> <span class='ocrx_word' id='word_1_39' title='bbox 980 879 1145 962; x_wconf 86' lang='lat' dir='ltr'><strong><em>mulctari,</em></strong></span> <span class='ocrx_word' id='word_1_40' title='bbox 1159 892 1189 948; x_wconf 90' lang='lat' dir='ltr'><strong><em>et</em></strong></span> <span class='ocrx_word' id='word_1_41' title='bbox 1212 875 1414 968; x_wconf 73' lang='lat' dir='ltr'><strong><em>capientium</em></strong></span> <span class='ocrx_word' id='word_1_42' title='bbox 1515 877 1516 900; x_wconf 65' lang='lat'>¹</span> 
     </span>
     <span class='ocr_line' id='line_1_6' title="bbox 276 982 1410 1079; baseline -0.004 -26"><span class='ocrx_word' id='word_1_43' title='bbox 276 1009 392 1068; x_wconf 84' lang='lat' dir='ltr'><strong><em>servos,</em></strong></span> <span class='ocrx_word' id='word_1_44' title='bbox 410 988 440 1055; x_wconf 92' lang='lat' dir='ltr'><strong><em>si</em></strong></span> <span class='ocrx_word' id='word_1_45' title='bbox 462 987 553 1079; x_wconf 91' lang='lat' dir='ltr'><strong><em>copti</em></strong></span> <span class='ocrx_word' id='word_1_46' title='bbox 571 988 707 1079; x_wconf 66' lang='lat' dir='ltr'><strong><em>pterim,</em></strong></span> <span class='ocrx_word' id='word_1_47' title='bbox 723 990 794 1078; x_wconf 85' lang='lat' dir='ltr'><strong><em>sore</em></strong></span> <span class='ocrx_word' id='word_1_48' title='bbox 813 1011 974 1057; x_wconf 81' lang='lat' dir='ltr'><strong><em>censemus</em></strong></span> <span class='ocrx_word' id='word_1_49' title='bbox 990 988 1071 1078; x_wconf 89' lang='lat' dir='ltr'><strong><em>(loco</em></strong></span> <span class='ocrx_word' id='word_1_50' title='bbox 1091 988 1198 1073; x_wconf 87' lang='lat' dir='ltr'><strong><em>citato,</em></strong></span> <span class='ocrx_word' id='word_1_51' title='bbox 1220 1009 1295 1077; x_wconf 78' lang='lat' dir='ltr'><strong><em>pag.</em></strong></span> <span class='ocrx_word' id='word_1_52' title='bbox 1319 982 1410 1072; x_wconf 82' lang='lat'>230).</span> 
     </span>
    </p>

    <p class='ocr_par' dir='ltr' id='par_1_3' title="bbox 274 1089 1520 2474">
     <span class='ocr_line' id='line_1_7' title="bbox 320 1089 1414 1187; baseline -0.005 -26"><span class='ocrx_word' id='word_1_53' title='bbox 320 1095 500 1164; x_wconf 82' lang='lat' dir='ltr'>Concilium</span> <span class='ocrx_word' id='word_1_54' title='bbox 528 1095 742 1164; x_wconf 87' lang='lat' dir='ltr'><strong><em>Lateranense</em></strong></span> <span class='ocrx_word' id='word_1_55' title='bbox 769 1103 922 1187; x_wconf 88' lang='lat' dir='ltr'><strong><em>quartum</em></strong></span> <span class='ocrx_word' id='word_1_56' title='bbox 952 1096 1029 1164; x_wconf 85' lang='lat' dir='ltr'><strong><em>anni</em></strong></span> <span class='ocrx_word' id='word_1_57' title='bbox 1063 1098 1160 1180; x_wconf 86' lang='grc'><strong>1216,</strong></span> <span class='ocrx_word' id='word_1_58' title='bbox 1186 1092 1288 1184; x_wconf 90' lang='lat' dir='ltr'><strong><em>capite</em></strong></span> <span class='ocrx_word' id='word_1_59' title='bbox 1316 1094 1348 1172; x_wconf 82' lang='lat'><strong><em>3,</em></strong></span> <span class='ocrx_word' id='word_1_60' title='bbox 1375 1089 1414 1157; x_wconf 92' lang='lat' dir='ltr'><strong><em>de</em></strong></span> 
     </span>
     <span class='ocr_line' id='line_1_8' title="bbox 278 1197 1517 1293; baseline -0.005 -24"><span class='ocrx_word' id='word_1_61' title='bbox 278 1201 471 1271; x_wconf 76' lang='lat' dir='ltr'><strong><em>Hereticis:</em></strong></span> <span class='ocrx_word' id='word_1_62' title='bbox 496 1203 657 1271; x_wconf 87' lang='lat' dir='ltr'><strong><em>Damnati</em></strong></span> <span class='ocrx_word' id='word_1_63' title='bbox 677 1225 764 1284; x_wconf 88' lang='lat' dir='ltr'><strong><em>uero,</em></strong></span> <span class='ocrx_word' id='word_1_64' title='bbox 782 1203 990 1273; x_wconf 75' lang='lat' dir='ltr'><strong><em>secularibus</em></strong></span> <span class='ocrx_word' id='word_1_65' title='bbox 1010 1200 1225 1293; x_wconf 75' lang='lat' dir='ltr'><strong><em>potestatibus</em></strong></span> <span class='ocrx_word' id='word_1_66' title='bbox 1243 1197 1415 1289; x_wconf 75' lang='lat' dir='ltr'><strong><em>prasenti·</em></strong></span> <span class='ocrx_word' id='word_1_67' title='bbox 1516 1243 1517 1246; x_wconf 19' lang='grc' dir='ltr'><strong>κ</strong></span> 
     </span>
     <span class='ocr_line' id='line_1_9' title="bbox 279 1303 1415 1400; baseline -0.005 -24"><span class='ocrx_word' id='word_1_68' title='bbox 279 1308 347 1390; x_wconf 89' lang='lat' dir='ltr'><strong><em>bus,</em></strong></span> <span class='ocrx_word' id='word_1_69' title='bbox 369 1320 428 1376; x_wconf 77' lang='lat' dir='ltr'><strong><em>aret</em></strong></span> <span class='ocrx_word' id='word_1_70' title='bbox 453 1331 564 1376; x_wconf 83' lang='lat' dir='ltr'><strong><em>eorum</em></strong></span> <span class='ocrx_word' id='word_1_71' title='bbox 590 1309 727 1392; x_wconf 86' lang='lat' dir='ltr'><strong><em>bailiois,</em></strong></span> <span class='ocrx_word' id='word_1_72' title='bbox 752 1309 983 1400; x_wconf 80' lang='lat' dir='ltr'><strong><em>relinquantur</em></strong></span> <span class='ocrx_word' id='word_1_73' title='bbox 1001 1307 1282 1377; x_wconf 84' lang='lat' dir='ltr'><strong><em>animaduersione</em></strong></span> <span class='ocrx_word' id='word_1_74' title='bbox 1305 1303 1415 1374; x_wconf 87' lang='lat' dir='ltr'><strong><em>debita</em></strong></span> 
     </span>
     <span class='ocr_line' id='line_1_10' title="bbox 274 1409 1418 1507; baseline -0.003 -25"><span class='ocrx_word' id='word_1_75' title='bbox 274 1413 437 1506; x_wconf 86' lang='lat' dir='ltr'><strong><em>puniendi</em></strong></span> <span class='ocrx_word' id='word_1_76' title='bbox 441 1439 453 1496; x_wconf 91' lang='lat'><strong><em>,·</em></strong></span> <span class='ocrx_word' id='word_1_77' title='bbox 469 1415 589 1483; x_wconf 81' lang='lat' dir='ltr'><strong><em>clericis</em></strong></span> <span class='ocrx_word' id='word_1_78' title='bbox 605 1417 702 1507; x_wconf 85' lang='lat' dir='ltr'><strong><em>prius</em></strong></span> <span class='ocrx_word' id='word_1_79' title='bbox 724 1440 745 1484; x_wconf 91' lang='lat' dir='ltr'><strong><em>a</em></strong></span> <span class='ocrx_word' id='word_1_80' title='bbox 765 1417 831 1484; x_wconf 88' lang='lat' dir='ltr'><strong><em>suis</em></strong></span> <span class='ocrx_word' id='word_1_81' title='bbox 854 1415 1019 1484; x_wconf 82' lang='lat' dir='ltr'><strong><em>ordinibus</em></strong></span> <span class='ocrx_word' id='word_1_82' title='bbox 1037 1413 1224 1507; x_wconf 72' lang='lat' dir='ltr'><strong><em>depredatis</em></strong></span> <span class='ocrx_word' id='word_1_83' title='bbox 1241 1439 1251 1478; x_wconf 92' lang='lat'><em>:</em></span> <span class='ocrx_word' id='word_1_84' title='bbox 1266 1412 1315 1480; x_wconf 87' lang='lat' dir='ltr'><strong><em>ita</em></strong></span> <span class='ocrx_word' id='word_1_85' title='bbox 1328 1409 1418 1502; x_wconf 85' lang='lat' dir='ltr'><strong><em>quod</em></strong></span> 
     </span>
     <span class='ocr_line' id='line_1_11' title="bbox 281 1521 1518 1615; baseline -0.006 -24"><span class='ocrx_word' id='word_1_86' title='bbox 281 1524 365 1591; x_wconf 88' lang='lat' dir='ltr'><strong><em>bona</em></strong></span> <span class='ocrx_word' id='word_1_87' title='bbox 389 1523 582 1613; x_wconf 82' lang='lat' dir='ltr'><strong><em>hujusmodi</em></strong></span> <span class='ocrx_word' id='word_1_88' title='bbox 600 1523 846 1605; x_wconf 85' lang='lat' dir='ltr'><strong><em>damnatorum,</em></strong></span> <span class='ocrx_word' id='word_1_89' title='bbox 862 1525 892 1592; x_wconf 89' lang='lat' dir='ltr'><strong><em>si</em></strong></span> <span class='ocrx_word' id='word_1_90' title='bbox 910 1523 987 1592; x_wconf 88' lang='lat' dir='ltr'><strong><em>laici</em></strong></span> <span class='ocrx_word' id='word_1_91' title='bbox 1004 1523 1140 1615; x_wconf 72' lang='lat' dir='ltr'><strong><em>fuerim,</em></strong></span> <span class='ocrx_word' id='word_1_92' title='bbox 1159 1521 1411 1611; x_wconf 78' lang='lat' dir='ltr'><strong><em>confiscentur...</em></strong></span> <span class='ocrx_word' id='word_1_93' title='bbox 1517 1559 1518 1604; x_wconf 74' lang='lat'>3</span> 
     </span>
     <span class='ocr_line' id='line_1_12' title="bbox 279 1627 1412 1721; baseline -0.004 -24"><span class='ocrx_word' id='word_1_94' title='bbox 279 1630 319 1697; x_wconf 91' lang='lat' dir='ltr'><strong><em>Si</em></strong></span> <span class='ocrx_word' id='word_1_95' title='bbox 333 1652 408 1698; x_wconf 87' lang='lat' dir='ltr'><strong><em>ocra</em></strong></span> <span class='ocrx_word' id='word_1_96' title='bbox 421 1628 571 1698; x_wconf 89' lang='lat' dir='ltr'><strong><em>dominus</em></strong></span> <span class='ocrx_word' id='word_1_97' title='bbox 591 1630 791 1721; x_wconf 83' lang='lat' dir='ltr'><strong><em>temporalis,</em></strong></span> <span class='ocrx_word' id='word_1_98' title='bbox 808 1631 980 1721; x_wconf 84' lang='lat' dir='ltr'><strong><em>requisitus</em></strong></span> <span class='ocrx_word' id='word_1_99' title='bbox 996 1642 1026 1698; x_wconf 91' lang='lat' dir='ltr'><strong><em>et</em></strong></span> <span class='ocrx_word' id='word_1_100' title='bbox 1041 1629 1184 1697; x_wconf 91' lang='lat' dir='ltr'><strong><em>monitus</em></strong></span> <span class='ocrx_word' id='word_1_101' title='bbox 1199 1628 1240 1695; x_wconf 91' lang='lat' dir='ltr'><strong><em>ab</em></strong></span> <span class='ocrx_word' id='word_1_102' title='bbox 1255 1627 1412 1707; x_wconf 80' lang='lat' dir='ltr'><strong><em>Ecclesia,</em></strong></span> 
     </span>
     <span class='ocr_line' id='line_1_13' title="bbox 280 1735 1418 1830; baseline -0.004 -25"><span class='ocrx_word' id='word_1_103' title='bbox 280 1750 404 1805; x_wconf 85' lang='lat' dir='ltr'><strong><em>terram</em></strong></span> <span class='ocrx_word' id='word_1_104' title='bbox 416 1761 512 1805; x_wconf 89' lang='lat' dir='ltr'><strong><em>suom</em></strong></span> <span class='ocrx_word' id='word_1_105' title='bbox 521 1760 670 1830; x_wconf 74' lang='lat' dir='ltr'><strong><em>purpure</em></strong></span> <span class='ocrx_word' id='word_1_106' title='bbox 682 1739 857 1830; x_wconf 73' lang='lat' dir='ltr'><strong><em>nepleamit</em></strong></span> <span class='ocrx_word' id='word_1_107' title='bbox 873 1739 914 1806; x_wconf 86' lang='lat' dir='ltr'><strong><em>ab</em></strong></span> <span class='ocrx_word' id='word_1_108' title='bbox 928 1738 991 1806; x_wconf 87' lang='lat' dir='ltr'><strong><em>bac</em></strong></span> <span class='ocrx_word' id='word_1_109' title='bbox 1006 1736 1158 1807; x_wconf 78' lang='lat' dir='ltr'><strong><em>baeretica</em></strong></span> <span class='ocrx_word' id='word_1_110' title='bbox 1179 1735 1340 1827; x_wconf 70' lang='lat' dir='ltr'><strong><em>feditate,</em></strong></span> <span class='ocrx_word' id='word_1_111' title='bbox 1356 1756 1418 1824; x_wconf 88' lang='lat' dir='ltr'><strong><em>per</em></strong></span> 
     </span>
     <span class='ocr_line' id='line_1_14' title="bbox 279 1843 1417 1937; baseline -0.005 -25"><span class='ocrx_word' id='word_1_112' title='bbox 279 1845 569 1936; x_wconf 88' lang='lat' dir='ltr'><strong><em>metropolitanum</em></strong></span> <span class='ocrx_word' id='word_1_113' title='bbox 585 1859 616 1912; x_wconf 91' lang='lat' dir='ltr'><strong><em>ct</em></strong></span> <span class='ocrx_word' id='word_1_114' title='bbox 640 1858 770 1914; x_wconf 78' lang='lat' dir='ltr'><strong><em>caeteros</em></strong></span> <span class='ocrx_word' id='word_1_115' title='bbox 792 1845 1078 1937; x_wconf 84' lang='lat' dir='ltr'><strong><em>comprovinciales</em></strong></span> <span class='ocrx_word' id='word_1_116' title='bbox 1098 1843 1273 1934; x_wconf 84' lang='lat' dir='ltr'><strong><em>Epe&#39;scopos</em></strong></span> <span class='ocrx_word' id='word_1_117' title='bbox 1289 1863 1417 1908; x_wconf 78' lang='lat' dir='ltr'><strong><em>cacom—</em></strong></span> 
     </span>
     <span class='ocr_line' id='line_1_15' title="bbox 281 1949 1418 2043; baseline -0.004 -23"><span class='ocrx_word' id='word_1_118' title='bbox 281 1953 513 2021; x_wconf 79' lang='lat' dir='ltr'><strong><em>manicationes</em></strong></span> <span class='ocrx_word' id='word_1_119' title='bbox 534 1953 660 2021; x_wconf 89' lang='lat' dir='ltr'><strong><em>uinculo</em></strong></span> <span class='ocrx_word' id='word_1_120' title='bbox 676 1951 862 2022; x_wconf 85' lang='lat' dir='ltr'><strong><em>innodetur.</em></strong></span> <span class='ocrx_word' id='word_1_121' title='bbox 878 1955 925 2022; x_wconf 87' lang='lat' dir='ltr'><strong><em>Et</em></strong></span> <span class='ocrx_word' id='word_1_122' title='bbox 939 1954 968 2021; x_wconf 94' lang='lat' dir='ltr'><strong><em>si</em></strong></span> <span class='ocrx_word' id='word_1_123' title='bbox 988 1953 1173 2043; x_wconf 79' lang='lat' dir='ltr'><strong><em>satisfacere</em></strong></span> <span class='ocrx_word' id='word_1_124' title='bbox 1192 1949 1418 2040; x_wconf 84' lang='lat' dir='ltr'><strong><em>contempserit</em></strong></span> 
     </span>
     <span class='ocr_line' id='line_1_16' title="bbox 281 2055 1419 2150; baseline -0.004 -24"><span class='ocrx_word' id='word_1_125' title='bbox 281 2059 370 2150; x_wconf 70' lang='lat' dir='ltr'><strong><em>infra</em></strong></span> <span class='ocrx_word' id='word_1_126' title='bbox 384 2083 520 2142; x_wconf 87' lang='lat' dir='ltr'><strong><em>annum,</em></strong></span> <span class='ocrx_word' id='word_1_127' title='bbox 538 2059 737 2150; x_wconf 75' lang='lat' dir='ltr'><strong><em>sipnificetur</em></strong></span> <span class='ocrx_word' id='word_1_128' title='bbox 749 2061 810 2128; x_wconf 87' lang='lat' dir='ltr'><strong><em>boc</em></strong></span> <span class='ocrx_word' id='word_1_129' title='bbox 828 2063 967 2128; x_wconf 87' lang='lat' dir='ltr'><strong><em>Summo</em></strong></span> <span class='ocrx_word' id='word_1_130' title='bbox 984 2058 1146 2149; x_wconf 78' lang='lat' dir='ltr'><strong><em>Pontifici,</em></strong></span> <span class='ocrx_word' id='word_1_131' title='bbox 1164 2071 1202 2124; x_wconf 87' lang='lat' dir='ltr'><strong><em>ut</em></strong></span> <span class='ocrx_word' id='word_1_132' title='bbox 1217 2069 1336 2124; x_wconf 78' lang='lat' dir='ltr'><strong><em>catuna</em></strong></span> <span class='ocrx_word' id='word_1_133' title='bbox 1351 2055 1419 2146; x_wconf 91' lang='lat' dir='ltr'><strong><em>ipse</em></strong></span> 
     </span>
     <span class='ocr_line' id='line_1_17' title="bbox 280 2153 1520 2259; baseline 0 -25"><span class='ocrx_word' id='word_1_134' title='bbox 280 2167 434 2235; x_wconf 86' lang='lat' dir='ltr'><strong><em>vassallos</em></strong></span> <span class='ocrx_word' id='word_1_135' title='bbox 449 2167 491 2235; x_wconf 92' lang='lat' dir='ltr'><strong><em>ab</em></strong></span> <span class='ocrx_word' id='word_1_136' title='bbox 505 2167 576 2259; x_wconf 87' lang='lat' dir='ltr'><strong><em>ejus</em></strong></span> <span class='ocrx_word' id='word_1_137' title='bbox 588 2165 749 2258; x_wconf 85' lang='lat' dir='ltr'><strong><em>fidelitate</em></strong></span> <span class='ocrx_word' id='word_1_138' title='bbox 764 2166 932 2236; x_wconf 86' lang='lat' dir='ltr'><strong><em>denuntiet</em></strong></span> <span class='ocrx_word' id='word_1_139' title='bbox 945 2167 1120 2248; x_wconf 89' lang='lat' dir='ltr'><strong><em>absolutos,</em></strong></span> <span class='ocrx_word' id='word_1_140' title='bbox 1135 2177 1165 2234; x_wconf 90' lang='lat' dir='ltr'><strong><em>et</em></strong></span> <span class='ocrx_word' id='word_1_141' title='bbox 1180 2178 1303 2234; x_wconf 77' lang='lat' dir='ltr'><strong><em>terram</em></strong></span> <span class='ocrx_word' id='word_1_142' title='bbox 1319 2187 1419 2256; x_wconf 77' lang='lat' dir='ltr'><strong><em>capo·</em></strong></span> <span class='ocrx_word' id='word_1_143' title='bbox 1519 2153 1520 2234; x_wconf 64' lang='grc' dir='ltr'>Ϊ</span> 
     </span>
     <span class='ocr_line' id='line_1_18' title="bbox 280 2272 1417 2367; baseline -0.001 -26"><span class='ocrx_word' id='word_1_144' title='bbox 280 2287 340 2342; x_wconf 90' lang='lat' dir='ltr'><strong><em>nat</em></strong></span> <span class='ocrx_word' id='word_1_145' title='bbox 359 2275 525 2343; x_wconf 74' lang='lat' dir='ltr'><strong><em>catholicis</em></strong></span> <span class='ocrx_word' id='word_1_146' title='bbox 548 2273 813 2367; x_wconf 89' lang='lat' dir='ltr'><strong><em>occupandam...</em></strong></span> <span class='ocrx_word' id='word_1_147' title='bbox 832 2274 934 2342; x_wconf 87' lang='lat' dir='ltr'><strong><em>Salvo</em></strong></span> <span class='ocrx_word' id='word_1_148' title='bbox 953 2275 1034 2365; x_wconf 85' lang='lat' dir='ltr'><strong><em>jure</em></strong></span> <span class='ocrx_word' id='word_1_149' title='bbox 1057 2273 1191 2366; x_wconf 86' lang='lat' dir='ltr'><strong><em>Domini</em></strong></span> <span class='ocrx_word' id='word_1_150' title='bbox 1209 2272 1417 2364; x_wconf 82' lang='lat' dir='ltr'><strong><em>principalis,</em></strong></span> 
     </span>
     <span class='ocr_line' id='line_1_19' title="bbox 282 2379 1404 2474; baseline -0.002 -26"><span class='ocrx_word' id='word_1_151' title='bbox 282 2380 459 2450; x_wconf 90' lang='lat' dir='ltr'><strong><em>dummodo</em></strong></span> <span class='ocrx_word' id='word_1_152' title='bbox 473 2404 570 2474; x_wconf 87' lang='lat' dir='ltr'><strong><em>super</em></strong></span> <span class='ocrx_word' id='word_1_153' title='bbox 585 2382 645 2449; x_wconf 87' lang='lat' dir='ltr'><strong><em>boc</em></strong></span> <span class='ocrx_word' id='word_1_154' title='bbox 660 2383 728 2473; x_wconf 92' lang='lat' dir='ltr'><strong><em>ipse</em></strong></span> <span class='ocrx_word' id='word_1_155' title='bbox 743 2381 873 2450; x_wconf 89' lang='lat' dir='ltr'><strong><em>nullum</em></strong></span> <span class='ocrx_word' id='word_1_156' title='bbox 893 2393 1025 2472; x_wconf 76' lang='lat' dir='ltr'><strong><em>prestet</em></strong></span> <span class='ocrx_word' id='word_1_157' title='bbox 1051 2381 1266 2462; x_wconf 76' lang='lat' dir='ltr'><strong><em>obstaculum,</em></strong></span> <span class='ocrx_word' id='word_1_158' title='bbox 1284 2401 1340 2448; x_wconf 90' lang='lat' dir='ltr'><strong><em>nec</em></strong></span> <span class='ocrx_word' id='word_1_159' title='bbox 1354 2379 1404 2446; x_wconf 87' lang='lat' dir='ltr'><strong><em>al&#39;</em></strong></span> 
     </span>
    </p>
   </div>
   <div class='ocr_carea' id='block_1_3' title="bbox 284 2471 1521 2580">
    <p class='ocr_par' dir='ltr' id='par_1_4' title="bbox 284 2471 1521 2580">
     <span class='ocr_line' id='line_1_20' title="bbox 284 2471 1521 2580; baseline -0.003 -23"><span class='ocrx_word' id='word_1_160' title='bbox 284 2488 373 2580; x_wconf 86' lang='lat' dir='ltr'><strong><em>quod</em></strong></span> <span class='ocrx_word' id='word_1_161' title='bbox 386 2488 655 2580; x_wconf 81' lang='lat' dir='ltr'><strong><em>impedimentum</em></strong></span> <span class='ocrx_word' id='word_1_162' title='bbox 671 2501 816 2580; x_wconf 88' lang='lat' dir='ltr'><strong><em>opponat</em></strong></span> <span class='ocrx_word' id='word_1_163' title='bbox 833 2487 969 2556; x_wconf 90' lang='lat' dir='ltr'><strong><em>:eadem</em></strong></span> <span class='ocrx_word' id='word_1_164' title='bbox 982 2487 1196 2556; x_wconf 89' lang='lat' dir='ltr'><strong><em>nibilominus</em></strong></span> <span class='ocrx_word' id='word_1_165' title='bbox 1211 2487 1279 2578; x_wconf 77' lang='lat' dir='ltr'><strong><em>lepe</em></strong></span> <span class='ocrx_word' id='word_1_166' title='bbox 1291 2499 1421 2554; x_wconf 87' lang='lat' dir='ltr'><strong><em>seruato</em></strong></span> <span class='ocrx_word' id='word_1_167' title='bbox 1520 2471 1521 2528; x_wconf 51' lang='lat'>³</span> 
     </span>
    </p>
   </div>
   <div class='ocr_carea' id='block_1_4' title="bbox 284 2595 1440 4288">
    <p class='ocr_par' dir='ltr' id='par_1_5' title="bbox 284 2595 1423 2902">
     <span class='ocr_line' id='line_1_21' title="bbox 285 2595 1422 2688; baseline -0.003 -24"><span class='ocrx_word' id='word_1_168' title='bbox 285 2597 438 2665; x_wconf 88' lang='lat' dir='ltr'><strong><em>circueas</em></strong></span> <span class='ocrx_word' id='word_1_169' title='bbox 458 2597 516 2687; x_wconf 84' lang='lat' dir='ltr'><strong><em>qui</em></strong></span> <span class='ocrx_word' id='word_1_170' title='bbox 530 2618 597 2665; x_wconf 91' lang='lat' dir='ltr'><strong><em>non</em></strong></span> <span class='ocrx_word' id='word_1_171' title='bbox 611 2597 731 2664; x_wconf 87' lang='lat' dir='ltr'><strong><em>babent</em></strong></span> <span class='ocrx_word' id='word_1_172' title='bbox 753 2596 902 2664; x_wconf 90' lang='lat' dir='ltr'><strong><em>dominos</em></strong></span> <span class='ocrx_word' id='word_1_173' title='bbox 924 2595 1131 2688; x_wconf 82' lang='lat' dir='ltr'><strong><em>principales.</em></strong></span> <span class='ocrx_word' id='word_1_174' title='bbox 1150 2595 1263 2664; x_wconf 88' lang='lat' dir='ltr'><strong><em>Videri</em></strong></span> <span class='ocrx_word' id='word_1_175' title='bbox 1288 2603 1422 2685; x_wconf 85' lang='lat' dir='ltr'><strong><em>possunt</em></strong></span> 
     </span>
     <span class='ocr_line' id='line_1_22' title="bbox 284 2701 1423 2796; baseline -0.001 -26"><span class='ocrx_word' id='word_1_176' title='bbox 284 2701 405 2773; x_wconf 89' lang='lat' dir='ltr'><strong><em>ibidem</em></strong></span> <span class='ocrx_word' id='word_1_177' title='bbox 436 2704 547 2771; x_wconf 79' lang='lat' dir='ltr'><strong><em>multa</em></strong></span> <span class='ocrx_word' id='word_1_178' title='bbox 574 2703 646 2772; x_wconf 80' lang='lat' dir='ltr'><strong><em>alise</em></strong></span> <span class='ocrx_word' id='word_1_179' title='bbox 671 2726 777 2796; x_wconf 77' lang='lat' dir='ltr'><strong><em>paenae</em></strong></span> <span class='ocrx_word' id='word_1_180' title='bbox 807 2704 989 2794; x_wconf 81' lang='lat' dir='ltr'><strong><em>corporales</em></strong></span> <span class='ocrx_word' id='word_1_181' title='bbox 1011 2711 1042 2770; x_wconf 93' lang='lat' dir='ltr'><strong><em>et</em></strong></span> <span class='ocrx_word' id='word_1_182' title='bbox 1069 2703 1263 2795; x_wconf 80' lang='lat' dir='ltr'><strong><em>temporales</em></strong></span> <span class='ocrx_word' id='word_1_183' title='bbox 1292 2701 1423 2771; x_wconf 79' lang='lat' dir='ltr'><strong><em>munitm</em></strong></span> 
     </span>
     <span class='ocr_line' id='line_1_23' title="bbox 285 2809 1198 2902; baseline 0 -26"><span class='ocrx_word' id='word_1_184' title='bbox 285 2818 397 2879; x_wconf 88' lang='lat' dir='ltr'><strong><em>eontra</em></strong></span> <span class='ocrx_word' id='word_1_185' title='bbox 411 2809 598 2896; x_wconf 58' lang='lat' dir='ltr'><strong><em>hereticam</em></strong></span> <span class='ocrx_word' id='word_1_186' title='bbox 616 2831 697 2902; x_wconf 89' lang='lat' dir='ltr'><strong><em>quas</em></strong></span> <span class='ocrx_word' id='word_1_187' title='bbox 712 2809 879 2878; x_wconf 86' lang='lat' dir='ltr'><strong><em>brevitatis</em></strong></span> <span class='ocrx_word' id='word_1_188' title='bbox 894 2832 990 2878; x_wconf 89' lang='lat' dir='ltr'><strong><em>causa</em></strong></span> <span class='ocrx_word' id='word_1_189' title='bbox 1006 2809 1198 2878; x_wconf 88' lang='lat' dir='ltr'><strong><em>omittimus.</em></strong></span> 
     </span>
    </p>

    <p class='ocr_par' dir='ltr' id='par_1_6' title="bbox 287 2913 1427 3540">
     <span class='ocr_line' id='line_1_24' title="bbox 329 2913 1425 3006; baseline -0.002 -24"><span class='ocrx_word' id='word_1_190' title='bbox 329 2913 509 2982; x_wconf 86' lang='lat' dir='ltr'><strong><em>Concilium</em></strong></span> <span class='ocrx_word' id='word_1_191' title='bbox 539 2913 758 3004; x_wconf 83' lang='lat' dir='ltr'><strong><em>Lugdunense</em></strong></span> <span class='ocrx_word' id='word_1_192' title='bbox 798 2915 876 2982; x_wconf 89' lang='lat' dir='ltr'><strong><em>anni</em></strong></span> <span class='ocrx_word' id='word_1_193' title='bbox 908 2919 1005 3002; x_wconf 84' lang='grc'><strong>1215,</strong></span> <span class='ocrx_word' id='word_1_194' title='bbox 1036 2915 1263 3006; x_wconf 85' lang='lat' dir='ltr'><strong><em>imperatorem</em></strong></span> <span class='ocrx_word' id='word_1_195' title='bbox 1301 2914 1425 2982; x_wconf 86' lang='lat' dir='ltr'><strong><em>Henri-</em></strong></span> 
     </span>
     <span class='ocr_line' id='line_1_25' title="bbox 287 3020 1426 3114; baseline -0.001 -24"><span class='ocrx_word' id='word_1_196' title='bbox 287 3044 361 3090; x_wconf 91' lang='lat' dir='ltr'><strong><em>cum</em></strong></span> <span class='ocrx_word' id='word_1_197' title='bbox 375 3021 405 3090; x_wconf 93' lang='lat' dir='ltr'><strong><em>ll</em></strong></span> <span class='ocrx_word' id='word_1_198' title='bbox 423 3044 525 3112; x_wconf 79' lang='lat' dir='ltr'><strong><em>reguo</em></strong></span> <span class='ocrx_word' id='word_1_199' title='bbox 547 3020 700 3114; x_wconf 86' lang='lat' dir='ltr'><strong><em>privavit,</em></strong></span> <span class='ocrx_word' id='word_1_200' title='bbox 718 3021 907 3090; x_wconf 83' lang='lat' dir='ltr'><strong><em>sententiam</em></strong></span> <span class='ocrx_word' id='word_1_201' title='bbox 935 3021 1130 3090; x_wconf 84' lang='lat' dir='ltr'><strong><em>auctoritate</em></strong></span> <span class='ocrx_word' id='word_1_202' title='bbox 1148 3021 1326 3113; x_wconf 91' lang='lat' dir='ltr'><strong><em>apostolica</em></strong></span> <span class='ocrx_word' id='word_1_203' title='bbox 1349 3042 1426 3113; x_wconf 91' lang='lat' dir='ltr'><strong><em>pro-</em></strong></span> 
     </span>
     <span class='ocr_line' id='line_1_26' title="bbox 288 3127 1426 3221; baseline -0.001 -25"><span class='ocrx_word' id='word_1_204' title='bbox 288 3129 457 3198; x_wconf 76' lang='lat' dir='ltr'><strong><em>nuntiante</em></strong></span> <span class='ocrx_word' id='word_1_205' title='bbox 471 3131 618 3199; x_wconf 86' lang='lat' dir='ltr'><strong><em>Romano</em></strong></span> <span class='ocrx_word' id='word_1_206' title='bbox 634 3127 802 3214; x_wconf 88' lang='lat' dir='ltr'><strong><em>Pontifice,</em></strong></span> <span class='ocrx_word' id='word_1_207' title='bbox 817 3136 850 3195; x_wconf 86' lang='lat' dir='ltr'><strong><em>et</em></strong></span> <span class='ocrx_word' id='word_1_208' title='bbox 862 3137 928 3196; x_wconf 87' lang='lat' dir='ltr'><strong><em>toto</em></strong></span> <span class='ocrx_word' id='word_1_209' title='bbox 943 3127 1093 3215; x_wconf 88' lang='lat' dir='ltr'><strong><em>coneilio,</em></strong></span> <span class='ocrx_word' id='word_1_210' title='bbox 1111 3151 1177 3196; x_wconf 94' lang='lat' dir='ltr'><strong><em>non</em></strong></span> <span class='ocrx_word' id='word_1_211' title='bbox 1193 3136 1318 3196; x_wconf 86' lang='lat' dir='ltr'><strong><em>tontum</em></strong></span> <span class='ocrx_word' id='word_1_212' title='bbox 1337 3151 1426 3221; x_wconf 83' lang='lat' dir='ltr'><strong><em>prae·</em></strong></span> 
     </span>
     <span class='ocr_line' id='line_1_27' title="bbox 290 3235 1426 3328; baseline -0.001 -25"><span class='ocrx_word' id='word_1_213' title='bbox 290 3245 391 3322; x_wconf 89' lang='lat' dir='ltr'><strong><em>sente,</em></strong></span> <span class='ocrx_word' id='word_1_214' title='bbox 418 3245 454 3304; x_wconf 91' lang='lat' dir='ltr'><strong><em>ut</em></strong></span> <span class='ocrx_word' id='word_1_215' title='bbox 484 3236 554 3304; x_wconf 88' lang='lat' dir='ltr'><strong><em>vult</em></strong></span> <span class='ocrx_word' id='word_1_216' title='bbox 580 3236 779 3322; x_wconf 87' lang='lat' dir='ltr'><strong><em>Bossuetius,</em></strong></span> <span class='ocrx_word' id='word_1_217' title='bbox 805 3235 860 3303; x_wconf 88' lang='lat' dir='ltr'><strong><em>sed</em></strong></span> <span class='ocrx_word' id='word_1_218' title='bbox 888 3235 1105 3327; x_wconf 83' lang='lat' dir='ltr'><strong><em>approbante3</em></strong></span> <span class='ocrx_word' id='word_1_219' title='bbox 1132 3235 1293 3328; x_wconf 89' lang='lat' dir='ltr'><strong><em>siquidem</em></strong></span> <span class='ocrx_word' id='word_1_220' title='bbox 1321 3236 1426 3304; x_wconf 89' lang='lat' dir='ltr'><strong><em>tribus</em></strong></span> 
     </span>
     <span class='ocr_line' id='line_1_28' title="bbox 288 3342 1427 3436; baseline -0.001 -25"><span class='ocrx_word' id='word_1_221' title='bbox 288 3342 530 3434; x_wconf 84' lang='lat' dir='ltr'><strong><em>exemplaribus</em></strong></span> <span class='ocrx_word' id='word_1_222' title='bbox 541 3344 708 3412; x_wconf 78' lang='lat' dir='ltr'><strong><em>sententia</em></strong></span> <span class='ocrx_word' id='word_1_223' title='bbox 722 3342 909 3436; x_wconf 84' lang='lat' dir='ltr'><strong><em>hujusmodi</em></strong></span> <span class='ocrx_word' id='word_1_224' title='bbox 920 3366 1061 3436; x_wconf 89' lang='lat' dir='ltr'><strong><em>appensa</em></strong></span> <span class='ocrx_word' id='word_1_225' title='bbox 1070 3351 1146 3412; x_wconf 89' lang='lat' dir='ltr'><strong><em>sunt</em></strong></span> <span class='ocrx_word' id='word_1_226' title='bbox 1155 3343 1285 3434; x_wconf 78' lang='lat' dir='ltr'><strong><em>singula</em></strong></span> <span class='ocrx_word' id='word_1_227' title='bbox 1296 3352 1427 3435; x_wconf 86' lang='lat' dir='ltr'><strong><em>patrum</em></strong></span> 
     </span>
     <span class='ocr_line' id='line_1_29' title="bbox 291 3449 409 3540; baseline 0 -23"><span class='ocrx_word' id='word_1_228' title='bbox 291 3449 409 3540; x_wconf 84' lang='lat' dir='ltr'><strong><em>sigilla.</em></strong></span> 
     </span>
    </p>

    <p class='ocr_par' dir='ltr' id='par_1_7' title="bbox 292 3556 1434 3864">
     <span class='ocr_line' id='line_1_30' title="bbox 335 3556 1432 3649; baseline -0.003 -23"><span class='ocrx_word' id='word_1_229' title='bbox 335 3556 517 3626; x_wconf 86' lang='lat' dir='ltr'><strong><em>Concilium</em></strong></span> <span class='ocrx_word' id='word_1_230' title='bbox 540 3557 796 3644; x_wconf 68' lang='lat' dir='ltr'><strong><em>(inminutiones,</em></strong></span> <span class='ocrx_word' id='word_1_231' title='bbox 814 3556 954 3626; x_wconf 86' lang='lat' dir='ltr'><strong><em>sessione</em></strong></span> <span class='ocrx_word' id='word_1_232' title='bbox 972 3562 1026 3644; x_wconf 82' lang='lat' dir='ltr'><strong><em>to,</em></strong></span> <span class='ocrx_word' id='word_1_233' title='bbox 1044 3557 1294 3649; x_wconf 88' lang='lat' dir='ltr'><strong><em>prohibitionem</em></strong></span> <span class='ocrx_word' id='word_1_234' title='bbox 1315 3579 1432 3648; x_wconf 88' lang='lat' dir='ltr'><strong><em>quam-</em></strong></span> 
     </span>
     <span class='ocr_line' id='line_1_31' title="bbox 293 3663 1434 3756; baseline 0 -24"><span class='ocrx_word' id='word_1_235' title='bbox 293 3663 367 3733; x_wconf 89' lang='lat' dir='ltr'><strong><em>dam</em></strong></span> <span class='ocrx_word' id='word_1_236' title='bbox 391 3665 493 3732; x_wconf 88' lang='lat' dir='ltr'><strong><em>sancit</em></strong></span> <span class='ocrx_word' id='word_1_237' title='bbox 508 3665 569 3732; x_wconf 91' lang='lat' dir='ltr'><strong><em>sub</em></strong></span> <span class='ocrx_word' id='word_1_238' title='bbox 594 3688 691 3756; x_wconf 87' lang='lat' dir='ltr'><strong><em>poena</em></strong></span> <span class='ocrx_word' id='word_1_239' title='bbox 714 3664 1058 3734; x_wconf 83' lang='lat' dir='ltr'><strong><em>excommunicationis</em></strong></span> <span class='ocrx_word' id='word_1_240' title='bbox 1081 3673 1112 3734; x_wconf 87' lang='lat' dir='ltr'><strong><em>ct</em></strong></span> <span class='ocrx_word' id='word_1_241' title='bbox 1133 3665 1269 3732; x_wconf 71' lang='lat' dir='ltr'><strong><em>caronis</em></strong></span> <span class='ocrx_word' id='word_1_242' title='bbox 1291 3663 1434 3732; x_wconf 74' lang='lat' dir='ltr'><strong><em>duanam</em></strong></span> 
     </span>
     <span class='ocr_line' id='line_1_32' title="bbox 292 3771 1150 3864; baseline 0 -25"><span class='ocrx_word' id='word_1_243' title='bbox 292 3771 453 3840; x_wconf 81' lang='lat' dir='ltr'><strong><em>monium</em></strong></span> <span class='ocrx_word' id='word_1_244' title='bbox 469 3773 503 3838; x_wconf 91' lang='lat' dir='ltr'><strong><em>in</em></strong></span> <span class='ocrx_word' id='word_1_245' title='bbox 518 3794 753 3864; x_wconf 88' lang='lat' dir='ltr'><strong><em>quoscumque,</em></strong></span> <span class='ocrx_word' id='word_1_246' title='bbox 770 3772 895 3840; x_wconf 86' lang='lat' dir='ltr'><strong><em>etiamsi</em></strong></span> <span class='ocrx_word' id='word_1_247' title='bbox 912 3793 1004 3862; x_wconf 81' lang='lat' dir='ltr'><strong><em>reges</em></strong></span> <span class='ocrx_word' id='word_1_248' title='bbox 1018 3772 1150 3839; x_wconf 83' lang='lat' dir='ltr'><strong><em>luerint.</em></strong></span> 
     </span>
    </p>

    <p class='ocr_par' dir='ltr' id='par_1_8' title="bbox 296 3876 1440 4288">
     <span class='ocr_line' id='line_1_33' title="bbox 338 3876 1434 3970; baseline -0.001 -25"><span class='ocrx_word' id='word_1_249' title='bbox 338 3878 419 3946; x_wconf 90' lang='lat' dir='ltr'><strong><em>ltem</em></strong></span> <span class='ocrx_word' id='word_1_250' title='bbox 443 3901 556 3969; x_wconf 71' lang='lat' dir='ltr'><strong><em>peenas</em></strong></span> <span class='ocrx_word' id='word_1_251' title='bbox 582 3877 764 3968; x_wconf 82' lang='lat' dir='ltr'><strong><em>corporales</em></strong></span> <span class='ocrx_word' id='word_1_252' title='bbox 784 3887 815 3946; x_wconf 89' lang='lat' dir='ltr'><strong><em>et</em></strong></span> <span class='ocrx_word' id='word_1_253' title='bbox 838 3878 1031 3970; x_wconf 87' lang='lat' dir='ltr'><strong><em>temporales</em></strong></span> <span class='ocrx_word' id='word_1_254' title='bbox 1055 3876 1198 3945; x_wconf 90' lang='lat' dir='ltr'><strong><em>decernit</em></strong></span> <span class='ocrx_word' id='word_1_255' title='bbox 1220 3877 1360 3946; x_wconf 89' lang='lat' dir='ltr'><strong><em>sessione</em></strong></span> <span class='ocrx_word' id='word_1_256' title='bbox 1378 3880 1434 3966; x_wconf 92' lang='grc'><strong><em>17,</em></strong></span> 
     </span>
     <span class='ocr_line' id='line_1_34' title="bbox 298 3983 1435 4073; baseline -0.001 -21"><span class='ocrx_word' id='word_1_257' title='bbox 298 3988 335 4052; x_wconf 86' lang='grc'><strong>31</strong></span> <span class='ocrx_word' id='word_1_258' title='bbox 351 3995 382 4053; x_wconf 91' lang='lat' dir='ltr'><strong><em>et</em></strong></span> <span class='ocrx_word' id='word_1_259' title='bbox 396 3988 449 4072; x_wconf 88' lang='grc'><strong><em>37,</em></strong></span> <span class='ocrx_word' id='word_1_260' title='bbox 463 3991 497 4052; x_wconf 89' lang='lat' dir='ltr'><strong><em>ut</em></strong></span> <span class='ocrx_word' id='word_1_261' title='bbox 509 3983 620 4053; x_wconf 84' lang='lat' dir='ltr'><strong><em>videre</em></strong></span> <span class='ocrx_word' id='word_1_262' title='bbox 632 3992 679 4052; x_wconf 89' lang='lat' dir='ltr'><strong><em>est</em></strong></span> <span class='ocrx_word' id='word_1_263' title='bbox 694 3984 726 4052; x_wconf 93' lang='lat' dir='ltr'><strong><em>in</em></strong></span> <span class='ocrx_word' id='word_1_264' title='bbox 741 3984 925 4053; x_wconf 89' lang='lat' dir='ltr'><strong><em>collectione</em></strong></span> <span class='ocrx_word' id='word_1_265' title='bbox 939 3983 1150 4053; x_wconf 85' lang='lat' dir='ltr'><strong><em>conciliorum</em></strong></span> <span class='ocrx_word' id='word_1_266' title='bbox 1162 3984 1264 4052; x_wconf 85' lang='lat' dir='ltr'><strong><em>Coleti</em></strong></span> <span class='ocrx_word' id='word_1_267' title='bbox 1275 3983 1363 4073; x_wconf 90' lang='lat' dir='ltr'><strong><em>(tom.</em></strong></span> <span class='ocrx_word' id='word_1_268' title='bbox 1380 3987 1435 4073; x_wconf 90' lang='grc'><strong><em>16,</em></strong></span> 
     </span>
     <span class='ocr_line' id='line_1_35' title="bbox 296 4089 1438 4182; baseline -0.002 -24"><span class='ocrx_word' id='word_1_269' title='bbox 296 4115 329 4182; x_wconf 91' lang='lat' dir='ltr'><strong><em>p.</em></strong></span> <span class='ocrx_word' id='word_1_270' title='bbox 349 4095 425 4177; x_wconf 83' lang='grc'><strong>211,</strong></span> <span class='ocrx_word' id='word_1_271' title='bbox 443 4094 520 4176; x_wconf 81' lang='lat' dir='ltr'><strong><em>tto,</em></strong></span> <span class='ocrx_word' id='word_1_272' title='bbox 541 4094 616 4178; x_wconf 85' lang='grc'><strong>586,</strong></span> <span class='ocrx_word' id='word_1_273' title='bbox 635 4089 725 4180; x_wconf 89' lang='grc'><strong>681).</strong></span> <span class='ocrx_word' id='word_1_274' title='bbox 742 4091 830 4159; x_wconf 85' lang='lat' dir='ltr'><strong><em>Licet</em></strong></span> <span class='ocrx_word' id='word_1_275' title='bbox 845 4100 953 4161; x_wconf 87' lang='lat' dir='ltr'><strong><em>autem</em></strong></span> <span class='ocrx_word' id='word_1_276' title='bbox 976 4091 1058 4160; x_wconf 86' lang='lat' dir='ltr'><strong><em>illud</em></strong></span> <span class='ocrx_word' id='word_1_277' title='bbox 1083 4091 1256 4159; x_wconf 88' lang='lat' dir='ltr'><strong><em>concilium</em></strong></span> <span class='ocrx_word' id='word_1_278' title='bbox 1275 4089 1308 4157; x_wconf 92' lang='lat' dir='ltr'><strong><em>in</em></strong></span> <span class='ocrx_word' id='word_1_279' title='bbox 1326 4091 1438 4158; x_wconf 86' lang='lat' dir='ltr'><strong><em>omni-</em></strong></span> 
     </span>
     <span class='ocr_line' id='line_1_36' title="bbox 298 4196 1440 4288; baseline 0.001 -22"><span class='ocrx_word' id='word_1_280' title='bbox 298 4199 358 4267; x_wconf 91' lang='lat' dir='ltr'><strong><em>bus</em></strong></span> <span class='ocrx_word' id='word_1_281' title='bbox 372 4197 441 4268; x_wconf 89' lang='lat' dir='ltr'><strong><em>suis</em></strong></span> <span class='ocrx_word' id='word_1_282' title='bbox 454 4197 650 4268; x_wconf 86' lang='lat' dir='ltr'><strong><em>sessionibus</em></strong></span> <span class='ocrx_word' id='word_1_283' title='bbox 667 4220 725 4288; x_wconf 86' lang='lat' dir='ltr'><strong><em>pro</em></strong></span> <span class='ocrx_word' id='word_1_284' title='bbox 740 4198 941 4269; x_wconf 86' lang='lat' dir='ltr'><strong><em>oecnmenico</em></strong></span> <span class='ocrx_word' id='word_1_285' title='bbox 956 4197 1078 4267; x_wconf 89' lang='lat' dir='ltr'><strong><em>nonsit</em></strong></span> <span class='ocrx_word' id='word_1_286' title='bbox 1094 4197 1292 4284; x_wconf 88' lang='lat' dir='ltr'><strong><em>habendum,</em></strong></span> <span class='ocrx_word' id='word_1_287' title='bbox 1304 4196 1440 4288; x_wconf 76' lang='lat' dir='ltr'><strong><em>allegari</em></strong></span> 
     </span>
    </p>
   </div>
   <div class='ocr_carea' id='block_1_5' title="bbox 0 0 1556 4962">
    <p class='ocr_par' dir='ltr' id='par_1_9' title="bbox 0 0 1556 4962">
     <span class='ocr_line' id='line_1_37' title="bbox 0 0 1556 4962; baseline 0 0"><span class='ocrx_word' id='word_1_288' title='bbox 0 0 1556 4962; x_wconf 95' lang='lat' dir='ltr'><strong><em> </em></strong></span> 
     </span>
    </p>
   </div>
  </div>
 </body>
</html>
