3030 4980
542 486 616 532 rans
640 485 784 532 saeuum.
1166 463 1227 530 189

90 605 260 693 «bantur,
285 608 511 694 decreverunt,
534 614 570 675 ut
597 629 652 675 eos
672 606 824 699 Episcopi
847 605 887 674 ad
917 627 1054 676 examen
1078 611 1231 674 vocarent

88 741 104 778 o
128 715 437 808 suspenderentque,
454 714 618 783 ueletiam
640 712 905 800 exautborarent,
932 713 960 780 si
983 735 1020 780 ea
1040 711 1093 781 vel
1113 711 1229 803 peritia

89 845 105 882 a
129 819 181 888 vel
194 819 352 911 probitate
366 818 630 904 destituerentur,
648 841 723 910 quae
741 817 918 886 necessaria
937 826 1019 886 esset
1041 816 1083 886 ad
1105 817 1229 885 obeun-

88 953 105 990 «
129 926 186 994 das
202 927 252 994 sui
268 928 414 996 muneris
427 926 620 994 functiones.
638 927 711 1008 Quo
732 926 766 993 in
786 925 914 994 decreto
934 924 1015 993 nihil
1033 923 1230 992 discriminis

88 1057 105 1096 «
130 1033 214 1100 inter
228 1033 370 1102 notarios
383 1033 598 1125 Apostolioos‚
616 1031 803 1125 imperiales
819 1040 850 1100 et
863 1031 995 1122 Regios.
1020 1031 1168 1122 Denique
1190 1031 1229 1096 iis

88 1165 105 1204 ι(
129 1147 266 1209 utuntur
281 1140 388 1210 verbis
404 1139 586 1208 Tridentini
603 1138 773 1232 praesules,
788 1140 908 1231 quihus
922 1147 1055 1224 constet,
1072 1161 1108 1206 ea
1123 1145 1229 1229 potes·

88 1272 104 1311 a
129 1254 192 1316 tate
214 1247 390 1340 Episcopos
411 1270 470 1318 sua
487 1254 599 1338 sponte
619 1247 685 1338 jam
705 1247 882 1314 succinctos
907 1246 1018 1332 luisse,
1037 1243 1135 1336 idque
1154 1245 1229 1336 jure

87 1381 104 1418 a
128 1355 312 1440 communi;
330 1375 517 1447 quanquam
532 1353 572 1422 ad
587 1353 671 1420 hanc
686 1375 799 1421 eorum
820 1360 1008 1444 potestatem
1029 1351 1135 1442 magis
1160 1373 1231 1420 ma-

88 1489 105 1526 «
129 1463 243 1554 gisque
259 1459 490 1548 roborandam,
507 1461 701 1553 Apostolieae
721 1461 816 1528 etiam
840 1459 934 1528 Sedis
954 1459 1154 1549 delegatione
1175 1481 1229 1528 eos

87 1595 104 1634 o
127 1569 276 1637 induant.
294 1594 312 1634 n
333 1569 447 1661 (Vetus
462 1579 494 1636 et
513 1590 598 1636 novo
620 1567 804 1658 disciplina,
822 1574 912 1658 parte
933 1570 965 1655 1,
982 1566 1038 1634 lib.
1055 1571 1088 1654 2,
1105 1589 1176 1657 cap.
1195 1570 1227 1655 6,

82 1699 118 1743 n.
137 1680 155 1742 5
171 1685 203 1744 et
218 1675 264 1766 6.)

128 1783 179 1850 Ex
208 1782 427 1851 monumentis
455 1780 588 1873 quidem
619 1780 841 1850 ecclesiasticis
868 1789 953 1849 recte
984 1780 1106 1869 colligit
1135 1780 1229 1849 Tho-

83 1892 245 1961 massinus
273 1892 417 1959 extitisse
446 1891 636 1982 antiquitus,
669 1891 751 1959 sicut
781 1890 1029 1976 exorcistarum,
1058 1891 1227 1976 lectorum,

82 1999 320 2092 acolytharum,
340 1999 623 2090 ostiariorumque‚
643 1999 687 2066 ita
701 2006 732 2066 et
747 1998 956 2066 notariorum
971 2020 1028 2066 seu
1048 1997 1229 2066 sorborum

82 2106 243 2176 ordinem.
272 2108 315 2174 at
338 2129 418 2175 vero
441 2105 600 2198 ejusmodi
622 2106 766 2173 minores
789 2105 934 2191 clericos,
963 2105 1105 2174 notarios
1130 2106 1229 2175 fuisse

81 2237 121 2282 eo
134 2213 245 2280 stricto
260 2235 358 2282 sensu
377 2237 442 2306 quo
466 2235 554 2280 nuno
574 2235 611 2281 ea
631 2235 695 2280 vox
714 2212 883 2305 accipitur,
908 2214 952 2280 ita
975 2235 1091 2304 nempe
1114 2223 1150 2281 ut
1172 2235 1229 2303 per

82 2321 260 2412 quemlibet
279 2343 392 2390 eorum
411 2321 529 2413 scripta
557 2327 589 2388 et
610 2319 790 2411 subscripta
809 2319 1026 2389 instrumenta
1048 2320 1144 2390 fidem
1165 2344 1229 2412 pu-

80 2428 201 2496 blicam
214 2428 369 2515 iacerent,
384 2428 463 2496 mihi
480 2428 665 2497 nullatenus
679 2427 793 2518 liquet.
809 2427 1039 2496 Existimarem
1052 2428 1160 2521 potius
1173 2451 1228 2496 eos

82 2535 286 2604 notariorum
300 2536 431 2604 nomine
446 2536 582 2605 donatos
592 2535 665 2603 ideo
681 2535 851 2602 dumtaxat
862 2535 974 2621 luisse,
990 2535 1076 2628 quod
1093 2535 1133 2603 ad
1148 2558 1227 2606 con-

82 2641 238 2710 ficiendas
264 2642 372 2710 varias
390 2643 567 2734 scripturas
595 2663 636 2709 ex
657 2639 763 2710 officio
789 2640 1040 2728 adhiberentur;
1069 2641 1141 2709 licet
1164 2665 1229 2712 non

81 2771 181 2841 penes
195 2771 250 2818 eos
265 2771 388 2836 omnes,
413 2749 469 2817 sed
491 2770 588 2840 penes
610 2747 736 2838 aliquos
757 2755 886 2816 tantum
911 2746 1065 2816 resideret
1087 2749 1229 2816 auotori-

81 2864 131 2923 tas
159 2856 375 2925 instrumenta
402 2855 571 2940 exarandi,
592 2876 666 2946 qum
692 2853 856 2946 publicam
883 2852 979 2922 fidem
1009 2853 1162 2923 facerent.
1192 2854 1229 2923 ld

82 2963 178 3031 etiam
206 2963 247 3030 ad
273 2963 372 3032 citata
401 2963 502 3031 verba
533 2960 739 3029 Tbomassini
769 2959 1011 3047 adnotabimus,
1039 2969 1227 3051 potestatem

82 3092 181 3161 quarn
209 3069 376 3161 Episcopis
400 3068 518 3137 tribuit
539 3067 729 3136 Tridentino
752 3066 897 3158 synodus
921 3068 1009 3156 (sess.
1038 3071 1090 3152 12,
1115 3090 1143 3135 c.
1174 3069 1225 3157 10)

81 3175 301 3267 suspendendi
315 3177 356 3243 ab
371 3174 477 3244 officio
492 3175 645 3260 notarios,
663 3173 759 3242 etiarn
775 3197 794 3241 a
808 3173 897 3263 regia
915 3173 964 3240 vel
978 3174 1140 3265 imperiali
1152 3197 1229 3243 auo-

79 3284 209 3351 toritato
224 3290 360 3368 creatos,
377 3280 618 3371 intelligendam
634 3303 703 3348 esse
723 3279 762 3347 de
780 3280 990 3372 suspensione
1011 3281 1117 3372 quoad
1139 3292 1228 3351 actus

82 3388 311 3457 ecclesiasticos
338 3396 370 3455 et
398 3388 520 3456 curiam
552 3385 796 3456 ecclesiasticam
825 3387 1007 3473 dumtaxat,
1025 3411 1091 3457 non
1120 3397 1227 3458 autem

82 3495 191 3588 quoad
207 3505 297 3564 actus
312 3494 368 3585 qui
384 3493 425 3560 ad
441 3495 622 3562 societatem
636 3501 667 3561 et
681 3493 805 3560 curiam
820 3493 1009 3562 saecularem
1027 3495 1227 3581 referuntur,

81 3612 171 3670 utex
185 3604 271 3671 infra
286 3600 414 3669 citanda
434 3601 542 3670 Saorae
563 3599 832 3689 Congregationis
852 3599 988 3669 Consilii
1012 3601 1228 3672 declaratione

106 3709 215 3778 atebit.
649 3765 651 3769 .

81 3733 104 3801 p
127 3820 161 3880 2⁰
188 3813 304 3904 Viguit
324 3814 359 3881 in
380 3818 446 3881 tota
464 3820 553 3879 retro
581 3812 772 3902 antiquitate
802 3811 1013 3898 consuetudo,
1045 3823 1081 3880 ut
1107 3814 1226 3901 clerici,

80 3923 180 3991 etiam
205 3921 364 4012 majorum
392 3919 558 4006 ordinum,
587 3919 766 3987 notariatus
787 3917 929 3988 officium
958 3929 1156 3989 exercerent.
1189 3922 1226 3989 ld

81 4029 198 4119 probat
212 4027 445 4095 Thomassinus
462 4025 562 4116 (parte
581 4028 611 4110 1,
629 4025 686 4091 lib.
712 4027 744 4109 2,
760 4047 830 4116 cap.
852 4024 928 4114 106)
942 4025 1080 4116 imperati,
1100 4035 1135 4096 ut
1159 4029 1227 4120 ipse

84 4135 174 4221 dicit,
187 4135 412 4224 exemplorum
421 4131 525 4223 syloa.
544 4130 584 4198 Et
596 4130 703 4219 primo
720 4130 852 4220 quidem
871 4131 963 4201 varia
982 4133 1106 4224 profert
1126 4135 1226 4202 docu-

86 4250 207 4327 menta,
237 4240 271 4308 in
301 4239 420 4330 quibus
449 4237 597 4307 videmus
626 4237 744 4306 notarii
777 4261 834 4306 seu
862 4239 1048 4307 cancellarii
1084 4241 1226 4310 officium
