3032 4976
276 419 339 484 270
648 437 823 484 rnacrarus
845 437 883 484 ns
905 435 1038 484 morans.

275 560 417 651 Excepta
448 581 527 650 ergo
555 559 612 627 illa
638 561 678 628 de
708 561 807 628 sacris
835 559 1005 630 ordinibus
1038 557 1251 651 suscipiendis
1281 557 1414 626 materia

276 670 385 760 (quam
404 667 445 736 ad
465 667 650 736 Tractatum
671 667 802 758 dejure
823 667 1074 736 sacramentario
1099 667 1320 754 remittimus),
1341 675 1414 732 tan·

270 797 369 866 quam
385 773 499 863 regula
514 775 591 866 poni
607 782 722 865 potest,
739 797 832 842 reum
853 775 1116 844 conveniendum
1135 795 1203 844 non
1217 795 1285 843 asse
1304 793 1414 840 coram

270 880 379 973 judice
394 879 549 950 domicilii
563 879 712 969 originis,
734 879 789 948 sed
809 903 919 950 coram
935 878 1044 972 judice
1064 879 1220 948 domicilii
1241 879 1414 948 habitatio-
1499 876 1500 928 ἶ

272 989 338 1073 nis,
369 987 420 1056 vel
447 1011 555 1056 coram
583 987 692 1080 judice
715 987 870 1057 domicilii
898 987 978 1073 ficti,
1002 1011 1023 1055 a
1046 986 1121 1078 jura
1146 987 1242 1056 certis
1267 985 1416 1076 personis
1500 988 1501 1028 l

274 1094 378 1186 (vorbi
401 1094 518 1184 gratia,
547 1095 655 1182 uxori,
680 1095 860 1183 monachis,
886 1093 1111 1182 vagabundis,
1139 1093 1215 1183 etc.)
1245 1092 1414 1182 assignati.
1501 1102 1502 1140 t

272 1201 433 1270 Probatur
445 1201 557 1291 primo
571 1201 713 1270 textibus
728 1201 813 1292 juris
831 1201 1001 1269 canonici:
1027 1201 1062 1269 in
1082 1203 1187 1293 capite
1204 1199 1416 1292 Sipnificuua't

275 1308 320 1398 (5,
341 1307 426 1376 tituli
440 1311 495 1394 29,
520 1307 595 1376 libri
618 1310 636 1374 3
658 1307 887 1396 Decretalium)
910 1307 1107 1377 declaratum
1126 1308 1288 1394 videmus,
1310 1327 1417 1398 quos—

272 1413 361 1501 dam,
377 1413 435 1506 qui
462 1437 504 1482 ex
527 1414 598 1482 loco
620 1415 759 1502 originis
783 1414 818 1482 in
842 1413 939 1482 aliam
961 1413 1127 1484 dioeeaim
1144 1415 1418 1504 migraveranta

270 1519 496 1612 jurisdictione
516 1519 750 1612 Episcoporum
766 1521 829 1588 loci
850 1520 993 1590 derelicti
1016 1543 1083 1590 nou
1102 1521 1256 1612 pendere,
1278 1519 1336 1588 sed
1355 1541 1416 1610 po·

272 1627 378 1696 testati
400 1627 565 1697 Ordinarii
590 1626 737 1696 dioecesis
764 1627 801 1695 in
829 1649 928 1720 quam
957 1629 1158 1698 mansionem
1181 1627 1418 1700 transtulerant

272 1735 399 1827 subjici.
418 1736 497 1804 ltem
512 1735 546 1802 iu
564 1735 678 1802 ultimo
691 1736 792 1826 capite
809 1733 896 1803 tituli
917 1737 951 1822 2,
973 1733 1048 1804 libri
1063 1739 1082 1802 2
1104 1735 1335 1822 Decretalium,
1358 1733 1418 1802 ubi

272 1843 356 1913 varii
371 1851 604 1912 enumerantur
618 1842 725 1910 torum
741 1841 896 1910 sortiendi
914 1842 1012 1931 modi,
1031 1843 1071 1912 de
1088 1843 1227 1934 originis
1246 1843 1419 1912 domicilio

273 1953 406 2021 omnino
422 1951 545 2019 siletur.
564 1949 725 2018 Probatur
739 1949 876 2018 secundo
893 1952 988 2042 praxi
1007 1952 1295 2020 ecclesiasticorum
1309 1951 1418 2020 tribu-

272 2060 411 2145 nalium,
424 2081 523 2150 quam
536 2058 718 2148 generalem
731 2067 888 2126 testantur
900 2059 1047 2128 doctores
1063 2059 1148 2150 (vide
1165 2059 1419 2149 Schmalzgrue-

272 2167 342 2255 ber,
360 2167 395 2234 in
409 2167 458 2234 tit.
477 2169 511 2253 2,
524 2164 600 2232 libri
617 2167 635 2232 2
652 2165 882 2252 Decretalium,
899 2189 932 2234 n.
953 2166 1019 2257 23).
1043 2166 1204 2236 Probatur
1220 2167 1315 2235 tertio
1330 2190 1419 2236 una·

272 2275 355 2342 nimi
380 2272 619 2342 canonistarum
650 2293 822 2359 consensu,
853 2295 950 2364 quem
982 2273 1103 2342 ibidem
1133 2283 1269 2343 testatur
1298 2275 1421 2352 citatus

272 2391 396 2451 auctor.
415 2380 509 2448 Ratio
525 2390 584 2465 ast,
602 2379 679 2470 quia
695 2401 753 2471 per
768 2378 969 2449 domicilium
986 2380 1196 2450 habitationis
1209 2382 1284 2473 quis
1297 2381 1333 2448 lit
1349 2381 1423 2451 Or-

274 2487 402 2557 dinario
422 2487 511 2555 illius
530 2485 591 2554 loci
611 2507 687 2555 vere
705 2495 736 2553 et
757 2487 889 2577 proprie
913 2485 1086 2568 subditus;
1109 2487 1195 2556 uude
1220 2509 1287 2556 non
1308 2499 1422 2578 posset

273 2596 383 2682 simul,
412 2594 533 2685 absque
562 2591 687 2661 ordinis
712 2593 964 2683 perturbatione,
989 2594 1075 2663 idem
1097 2593 1272 2664 Ordinatio
1292 2594 1356 2662 loci
1385 2597 1421 2663 in

272 2727 338 2795 quo
353 2711 402 2770 est
418 2699 619 2770 domicilium
641 2699 780 2788 originis
799 2699 964 2792 subjectus
983 2691 1161 2770 remanere.
1180 2701 1274 2783 Quod
1293 2703 1322 2770 si
1341 2705 1422 2793 quis

271 2811 388 2902 inipso
402 2806 566 2876 domicilio
579 2805 716 2896 originis
730 2806 844 2874 habeat
859 2816 891 2876 et
903 2807 1105 2876 domicilium
1116 2807 1336 2896 habitationis,
1351 2809 1422 2878 du-

273 2917 364 2986 bium
386 2923 518 2985 nonest
542 2913 623 3005 quin
646 2911 766 2980 ibidem
788 2914 955 2981 conveniri
974 2915 1101 3005 possit:
1124 2924 1235 2984 atvero
1254 2916 1282 2983 si
1308 2925 1422 2984 trans-

271 3024 378 3094 eundo
394 3031 519 3090 tantum
535 3021 570 3089 in
583 3019 654 3088 loco
670 3019 806 3109 originis
819 3020 948 3107 existat,
970 3043 1013 3088 an
1033 3022 1134 3112 possit
1154 3022 1277 3090 ibidem
1295 3043 1421 3092 conve-

271 3131 348 3215 niri,
375 3151 440 3196 non
468 3127 593 3218 reperio
622 3124 709 3216 apud
740 3126 921 3194 canonistas
949 3125 1035 3195 clare
1065 3149 1270 3219 expressum.
1304 3156 1322 3192 u
1350 3129 1422 3198 Per

277 3266 294 3304 a
317 3235 520 3305 domicilium
542 3233 691 3322 originis,
711 3233 757 3300 ait
772 3233 928 3322 Pirrhing
949 3233 995 3324 (in
1015 3235 1064 3303 tit.
1084 3239 1117 3322 2,
1132 3235 1246 3302 libri2
1269 3235 1419 3324 Decret,

276 3373 293 3413 o
317 3371 349 3414 n.
370 3342 438 3433 11),
454 3340 625 3431 subjicitur
638 3341 712 3432 quis
727 3340 833 3408 solum
855 3341 1034 3410 secuudum
1048 3340 1147 3435 quid3
1172 3343 1217 3410 ita
1237 3351 1273 3411 ut
1293 3365 1420 3414 couve-

276 3479 294 3522 u
318 3452 383 3521 uiri
395 3472 461 3518 non
475 3450 588 3540 possit,
603 3448 664 3514 nisi
679 3448 713 3514 iu
724 3447 794 3516 loco
809 3471 952 3543 praesens
968 3451 1020 3518 sit.
1035 3476 1051 3514 n
1067 3450 1148 3532 Quae
1163 3449 1420 3519 verhainnuuut

271 3557 363 3630 citari
387 3577 479 3648 posse
502 3553 537 3620 iu
560 3551 723 3621 domicilio
746 3554 882 3643 originis
911 3556 967 3646 qui
994 3555 1129 3645 ibidem,
1154 3557 1251 3626 etiam
1276 3557 1336 3626 iter
1360 3559 1419 3626 fa-

274 3665 399 3752 ciendo,
424 3661 596 3752 reperitur.
621 3658 724 3727 Aliter
743 3670 850 3728 autem
876 3663 997 3729 sentire
1016 3662 1145 3732 videtur
1166 3663 1420 3755 Schmalzgrue-

272 3773 435 3842 bardum
466 3769 535 3836 ait:
557 3793 574 3832 u
596 3766 794 3834 Generaliter
813 3778 978 3860 receptum
1008 3779 1067 3858 cst,
1093 3780 1129 3839 ut
1156 3793 1252 3840 nemo
1281 3773 1315 3838 iu
1346 3772 1420 3841 loco

278 3907 295 3946 a
318 3877 469 3968 originis,
484 3876 553 3942 sive
569 3875 603 3940 in
619 3873 857 3964 criminalibus,
876 3877 944 3946 sive
965 3877 999 3944 in
1015 3877 1169 3946 civilibus
1189 3880 1418 3966 conveniatur,

276 4012 294 4051 u
317 3985 345 4052 si
366 4007 430 4051 nou
444 3988 614 4050 concurrat
629 3979 829 4049 domicilium
846 3983 1063 4052 habitationis.
1081 4011 1098 4051 a
1114 3985 1164 4076 (ln
1180 3986 1230 4054 tit.
1250 3990 1283 4072 2,
1301 3984 1381 4054 libri
1399 3991 1418 4054 2

274 4095 416 4176 Deerat,
432 4112 465 4157 n.
483 4089 552 4179 23.)

318 4197 362 4267 lll
386 4195 555 4280 Quomodo
573 4193 800 4278 contrahatur,
826 4209 856 4266 et
872 4199 942 4289 lori
955 4200 1208 4291 competentiam
1224 4199 1421 4271 determinet
