3056 4972
267 461 327 526 171
638 481 815 528 rancrarns
839 481 876 527 nn
897 481 1031 528 runicus
1084 479 1089 494 ·

264 600 415 669 decretali
430 601 561 690 dicitur,
579 623 654 670 cum
674 626 714 670 ec
728 603 832 694 officio
847 625 905 670 suo
921 615 1098 672 teneamur
1115 602 1413 694 conqreqotionum

265 729 403 775 suarum
426 708 558 798 neqotia
578 731 769 800 procurnre,
794 718 904 802 oporte
925 717 1083 802 tanquam
1110 709 1225 799 regula
1249 710 1414 798 generalis

265 816 463 906 supponitur
482 822 514 882 ot
537 815 703 902 firmatur,
718 817 849 906 negotia
875 816 1147 886 monasteriorum
1172 839 1231 908 per
1253 817 1414 886 Prolatos

264 921 455 989 eorumdem
473 945 542 990 esse
555 921 715 1011 gerebam
738 923 802 990 nisi
823 945 864 991 ex
885 923 955 1014 ipsa
973 922 1162 991 monasterii
1182 922 1414 991 constitutione

264 1038 444 1114 caveretur,
464 1029 567 1121 ipsius
582 1031 714 1120 negotia
728 1052 785 1121 per
800 1031 1037 1099 monasterium
1052 1029 1175 1123 ipsum,
1194 1031 1354 1122 privative
1366 1031 1411 1098 ad

264 1134 457 1222 Praelatum‚
476 1135 545 1202 lore
559 1133 713 1224 gerenda.

308 1241 399 1309 Idem
415 1249 539 1309 constat
553 1265 595 1310 ex
611 1243 713 1333 capite
729 1243 866 1312 Nullam
883 1246 916 1329 a,
930 1263 1039 1310 causes
1056 1245 1109 1328 18,
1123 1241 1314 1333 quaestionis
1329 1245 1361 1328 2,
1373 1242 1413 1309 in

264 1370 329 1440 quo
345 1347 391 1414 sio
406 1346 593 1439 disponitur
608 1375 615 1415 :
633 1375 650 1414 a
666 1348 827 1418 Universa
842 1371 931 1442 qum,
949 1349 1002 1417 vel
1015 1347 1055 1416 ad
1070 1347 1175 1416 divini
1190 1349 1296 1418 cultus
1311 1371 1413 1418 rave-

269 1455 462 1541 nnantium,
488 1455 539 1522 vel
566 1454 608 1524 ad
634 1455 804 1524 utilitatem
834 1455 981 1547 ejusdem
1015 1454 1203 1524 monasterii
1233 1455 1411 1548 pertinent,

268 1588 285 1627 «
307 1561 433 1630 abbatis
456 1560 652 1650 sollicitudo,
676 1561 716 1630 ad
739 1585 839 1655 quem
858 1569 999 1655 potestas
1021 1571 1087 1630 tota
1107 1563 1269 1654 pertinere
1288 1585 1413 1632 conve-

269 1695 286 1732 «
310 1668 370 1754 nit,
388 1666 502 1736 debeat
523 1669 715 1761 adimplere.
732 1693 750 1734 e
770 1669 821 1737 Ex
837 1667 902 1738 illis
922 1669 1065 1738 textibus
1085 1669 1307 1738 communiter
1327 1692 1413 1738 con-

263 1773 400 1844 cludunt
425 1775 616 1863 canonistas,
647 1797 740 1867 posse
765 1776 946 1846 Praelatnm
971 1775 1160 1846 monasterii
1186 1785 1217 1845 et
1243 1776 1410 1863 Ecclesia,

264 1883 387 1975 praevio
409 1883 525 1951 saltem
541 1891 720 1952 conventus
741 1883 793 1952 vel
814 1883 947 1974 capituli
968 1905 1140 1971 consensu,
1157 1883 1191 1951 in
1211 1882 1334 1975 judicio
1349 1905 1413 1976 pro

265 1992 462 2060 monasterio
488 1999 519 2058 et
544 1991 684 2059 Ecclesia
705 2013 801 2080 agore
827 2001 858 2058 et
882 1990 1089 2082 respondere.
1119 1990 1215 2082 (Vide
1243 1991 1414 2061 Scbmalz-

264 2097 416 2187 grucbcr,
436 2097 471 2166 in
486 2097 619 2166 titulum
637 2101 651 2164 1
678 2095 717 2166 de
731 2096 878 2179 iudiciis,
898 2097 975 2164 libri
994 2102 1013 2164 2
1030 2097 1262 2185 Maroialum,
1279 2121 1313 2166 n.
1339 2097 1409 2188 39.)

308 2205 438 2274 Rasum
455 2207 502 2272 2².
518 2243 562 2257 -
579 2207 698 2272 Utrum
712 2205 875 2273 Praelotus
889 2204 1084 2272 monosterii
1097 2204 1217 2295 absque
1230 2204 1414 2273 monocho-

265 2335 341 2380 rnm
356 2334 520 2393 consensu,
534 2311 638 2403 possit
658 2312 694 2380 in
711 2311 843 2403 judicio
858 2324 946 2380 stare
966 2333 1029 2402 pro
1044 2311 1255 2394 monasterio,
1274 2325 1305 2380 et
1320 2316 1413 2381 Pne-

257 2422 351 2488 iotus
373 2421 515 2511 alicujus
530 2419 681 2488 Ecclesia
699 2417 786 2487 idem
806 2419 910 2510 possit
927 2441 991 2509 pro
1011 2417 1071 2486 illo
1091 2419 1247 2499 Ecclesia,
1265 2419 1297 2509 ej
1301 2419 1414 2488 uadem

264 2527 415 2596 Ecclesia
428 2550 494 2594 non
510 2527 725 2594 consentiente
740 2526 897 2617 capitulo,
912 2527 1164 2594 controvertitur
1171 2551 1184 2608 ‚·
1205 2527 1414 2619 sinqulorum

264 2645 481 2704 conventuum
496 2645 527 2700 et
548 2634 755 2701 ecclesiarum
774 2631 1059 2702 constitutionibus
1085 2645 1117 2701 et
1132 2634 1237 2726 proci
1257 2633 1415 2702 standum

266 2741 404 2810 uidetur.
421 2779 465 2792 -
478 2739 593 2808 Glossa
613 2741 647 2807 in
661 2741 793 2808 citatam
815 2739 1008 2808 decretalem
1032 2739 1183 2822 Edoceri,
1207 2749 1239 2808 et
1257 2743 1290 2810 in
1315 2752 1414 2834 caput

265 2848 339 2917 Atta
356 2852 387 2934 1,
405 2847 444 2916 de
458 2845 741 2930 Procuratoribus‚
758 2847 873 2915 asserit
887 2846 928 2914 de
946 2847 1042 2915 bonis
1058 2848 1202 2938 utrique,
1218 2846 1252 2916 id
1275 2859 1323 2916 est
1344 2859 1416 2916 tam
1526 2921 1527 2948 ,

265 2955 407 3025 Proalato
420 2976 522 3046 quam
537 2953 680 3045 capitulo
695 2953 940 3040 communibus,
957 2976 1022 3021 non
1038 2975 1131 3044 posse
1145 2954 1325 3022 Praelatum
1343 2955 1416 3024 sine
1526 2971 1527 3012 ἐ

268 3085 427 3132 consensu
441 3061 574 3152 capituli
595 3060 767 3151 injudicio
781 3060 833 3128 vel
848 3059 1032 3145 conveniri,
1054 3059 1105 3128 vel
1121 3062 1308 3130 convenire.
1328 3063 1416 3131 Doc-

269 3181 354 3238 tores
373 3191 451 3238 vero
473 3169 531 3258 qui
552 3168 636 3236 hanc
658 3169 851 3236 seutentiam
873 3173 1067 3259 sequuntur,
1092 3191 1164 3236 enm
1189 3167 1325 3238 firmant
1353 3170 1416 3238 boc

270 3276 437 3345 ratiocinio
457 3275 539 3367 :qui
562 3297 627 3344 non
651 3282 755 3366 potest
774 3297 845 3342 rom
866 3273 1019 3361 alienare,
1038 3296 1143 3366 neque
1164 3284 1269 3365 potest
1284 3299 1356 3344 eam
1379 3279 1416 3344 in

268 3383 432 3476 judicium
450 3382 625 3464 deducere
643 3384 733 3474 atqui
753 3383 905 3452 Ecclesia
929 3393 985 3450 aut
1007 3384 1197 3451 monasterii
1218 3406 1269 3453 rea
1290 3386 1416 3453 immo·

272 3493 367 3580 biles,
389 3497 445 3559 aut
461 3491 598 3559 mobiles
621 3491 790 3581 pretiosos,
809 3491 921 3581 nequit
937 3489 1095 3557 Praelatus
1111 3491 1233 3581 absque
1254 3513 1418 3560 consensu
1525 3555 1526 3572 ,

264 3599 405 3692 capituli
431 3595 572 3666 alienare
599 3597 648 3687 (ut
673 3606 758 3687 patet
784 3605 853 3665 toto
876 3596 971 3665 titulo
997 3594 1152 3664 derebus
1179 3597 1331 3667 Ecclesiae
1353 3623 1420 3666 non
1525 3595 1526 3608 ³

274 3703 485 3794 alienandae
503 3725 581 3793 ergo
604 3723 709 3794 neque
732 3711 836 3794 potest
855 3701 895 3771 de
911 3703 1025 3772 iisdem
1046 3703 1168 3796 absquo
1184 3703 1315 3794 capituli
1337 3727 1420 3774 con-

276 3835 374 3883 sensu
388 3812 530 3901 litigare.

322 3918 415 3988 «Sed
428 3919 482 3986 bis
501 3939 566 3986 nou
585 3917 798 4004 obstantibus,
812 3918 858 3985 ait
876 3917 1168 4008 Sobmalngrueber
1182 3919 1227 4010 (in
1247 3921 1381 3990 titulum
1401 3927 1415 3990 1

280 4057 296 4096 n
320 4028 359 4096 cle
373 4025 521 4108 iudiciis,
539 4025 616 4092 libri
632 4029 650 4092 2
667 4024 808 4111 Decret,
827 4047 860 4093 n.
880 4025 949 4114 39),
965 4024 1141 4094 dicendum
1154 4026 1242 4117 quod
1259 4029 1421 4098 Praelatus

280 4165 296 4202 a
320 4157 417 4225 super
432 4131 594 4225 ejusmodi
608 4131 704 4201 bonis
719 4140 750 4201 et
769 4133 899 4224 juribus
915 4134 1149 4201 communibus
1164 4134 1242 4223 (nisi
1259 4135 1300 4202 sit
1323 4159 1421 4205 causa

279 4273 295 4310 a
320 4241 452 4338 majoris
476 4242 647 4328 momenti,
671 4239 722 4309 vel
743 4239 986 4308 administratio
1004 4239 1039 4306 in
1060 4261 1135 4308 casu
1155 4239 1265 4332 aliquo
1288 4243 1421 4332 speciali
