3046 4962
303 477 342 540 :u
674 495 848 544 rescrarns
871 499 909 544 na
930 497 1063 546 runicus.

301 627 371 684 tum
392 613 545 686 indirecte
571 637 613 684 ex
635 618 746 686 multis
771 618 862 707 aliis,
884 619 1009 688 eruitur
1032 629 1118 688 certa
1141 627 1172 688 et
1195 619 1325 710 proprie
1349 617 1434 689 dicta

301 722 452 792 Ecclesia
466 721 638 815 judiciaria
653 733 802 816 potestas.

825 969 909 1061 gn.

457 1159 648 1222 Argumentum
664 1171 698 1210 ex
714 1160 841 1224 perpetua
861 1156 1001 1210 anditione
1018 1161 1045 1210 st
1059 1157 1182 1210 Ecclesia
1197 1157 1281 1224 praxi.

344 1363 406 1432 llic
420 1364 540 1432 directe
557 1385 689 1432 causam
704 1363 863 1432 hahemus
882 1386 957 1432 cum
975 1385 1013 1432 eo
1028 1369 1209 1451 auctorum,
1227 1371 1297 1431 tum
1313 1372 1437 1454 protes-

301 1471 452 1556 tantium,
479 1479 548 1540 tum
561 1470 827 1562 jansenistarum‚
842 1479 874 1540 et
889 1470 1113 1560 regalistarum
1134 1470 1260 1561 ingenti
1285 1491 1436 1558 numero,

301 1577 392 1669 queis
407 1577 549 1646 solemne
567 1587 615 1647 est
628 1578 668 1646 ad
689 1577 870 1647 traditionis
895 1585 1105 1646 monumenta
1125 1599 1314 1669 provocare,
1332 1584 1363 1645 et
1376 1598 1437 1646 au-

300 1684 407 1753 dacter
418 1685 608 1754 concludere
620 1685 747 1754 nullum
763 1684 929 1776 prioribus
943 1683 1069 1753 saeculis
1081 1684 1216 1775 reperiri
1230 1683 1437 1752 contentiosae

298 1792 545 1884 jurisdictionis,
566 1817 641 1886 quse
668 1793 801 1885 propria
827 1792 977 1861 Ecclesiae
1002 1800 1219 1883 reputaretur,
1235 1792 1408 1882 vestigium
1428 1820 1435 1860 :

301 1907 449 1968 exortum
469 1923 509 1969 ex
534 1901 766 1992 imperatorum
789 1900 992 1968 concessione
1018 1907 1190 1968 caminum
1213 1895 1363 1966 Ecclesiae
1388 1897 1438 1967 to-

302 2030 375 2076 rum
404 2035 411 2075 ι
441 2006 539 2097 idque
566 2006 757 2076 duodecimo
786 2007 956 2074 dumtaxat
984 2005 1118 2090 saeculo,
1146 2011 1180 2073 ut
1205 2027 1280 2073 cum
1310 2004 1439 2072 Morino

301 2115 439 2184 sustinet
453 2114 526 2183 Van
543 2113 702 2204 Espenius
721 2142 728 2180 ι
745 2113 797 2181 vel
817 2112 858 2181 ad
876 2135 1041 2180 summum
1058 2111 1134 2182 vul
1150 2119 1206 2180 aut
1220 2110 1280 2179 Vll
1304 2111 1436 2198 seculo,

303 2231 339 2291 ut
354 2221 560 2311 benigniores
579 2220 712 2312 quidam
729 2219 796 2287 alii.

346 2329 448 2422 Cujus
463 2329 648 2397 assertionis
663 2327 742 2396 adeo
758 2335 870 2418 patens
892 2334 923 2394 et
947 2325 1090 2395 enormis
1111 2333 1159 2394 est
1182 2325 1314 2414 talsitm,
1331 2336 1368 2394 ut
1382 2326 1439 2394 vix

301 2435 438 2526 intelligi
466 2436 577 2528 possit,
605 2434 768 2527 quomodo
791 2433 966 2502 hodiedum
994 2432 1165 2524 quosdam,
1187 2433 1245 2524 qui
1271 2455 1305 2501 se
1327 2432 1440 2502 catho-

302 2544 380 2613 licos
401 2542 604 2633 profitentur,
623 2541 735 2612 eodem
764 2542 891 2610 tramite
914 2538 1116 2609 errabundos
1136 2537 1267 2610 deviare
1288 2562 1354 2610 non
1375 2563 1440 2632 pu-

303 2651 387 2720 dest.

347 2757 511 2826 Adeamus
536 2777 614 2845 ergo
642 2753 822 2823 traditionis
852 2761 1073 2839 monumenta,
1090 2735 1122 2822 et
1143 2753 1222 2844 quid
1251 2753 1439 2839 recondant,

303 2863 498 2933 saeculorum
514 2863 629 2930 seriem
646 2859 860 2947 decurrendo,
876 2882 1070 2929 reseramus.

346 2970 496 3040 Jamaub
508 2969 578 3061 ipso
596 2967 815 3060 apostolorum
840 2967 998 3056 regimine
1013 2966 1157 3035 vidimus
1176 2989 1196 3034 a
1214 2975 1324 3036 sancto
1339 2965 1441 3036 Paulo

303 3086 516 3148 memoratum
540 3074 775 3145 contentiosum
800 3073 949 3142 Ecclesiae
974 3073 1106 3142 iorum:
1132 3071 1290 3142 Adversas
1305 3073 1442 3166 presby-

305 3197 423 3265 terum,
442 3182 558 3274 inquit,
575 3181 814 3250 accusationem
829 3181 900 3248 moli
914 3180 1064 3271 recipere,
1083 3180 1145 3248 uisi
1168 3180 1226 3248 sub
1241 3180 1366 3248 duodus
1381 3192 1441 3248 aut

305 3290 408 3358 tribus
422 3288 552 3358 testibus
563 3289 589 3378 (l
608 3289 647 3356 ad
664 3289 750 3356 Tim.
768 3292 798 3373 5,
814 3284 880 3376 19).
896 3283 960 3354 Sed
973 3286 1198 3377 permittamus
1208 3296 1273 3354 tam
1291 3295 1441 3378 apertum

305 3395 523 3464 testimonium
536 3416 628 3485 posse
642 3393 844 3485 aliquatenus
860 3392 1101 3460 cavillationum
1118 3391 1245 3461 nebulis
1259 3393 1440 3477 oblnscari3

305 3512 336 3568 et
352 3502 391 3569 ud
406 3501 536 3593 proprie
551 3499 637 3568 dicta
650 3499 834 3567 traditionis
850 3498 1042 3566 documenta
1057 3497 1197 3586 gradum
1211 3498 1378 3566 iaciamus.
1514 3499 1515 3502 ’

350 3615 445 3677 Anno
462 3609 636 3676 202'suum
653 3606 887 3697 apologeticum
911 3605 1030 3674 librum
1050 3606 1178 3697 scripsit
1193 3605 1414 3674 Tertullianus
1432 3633 1439 3672 :
1514 3611 1515 3680 ξ

306 3715 352 3785 ibi
382 3739 478 3808 porro
508 3713 620 3806 (capite
652 3714 704 3802 39)
734 3715 779 3780 sic
805 3722 954 3782 testatum
985 3713 1124 3803 reperies
1154 3739 1161 3780 ε
1192 3711 1316 3780 Ibidem
1341 3714 1443 3780 etiam

305 3823 555 3901 eulrcrtatioucs,
569 3819 793 3910 castigationes
808 3832 839 3888 et
854 3843 988 3888 censura
1004 3817 1129 3888 divina.
1148 3821 1235 3890 Num
1258 3831 1288 3887 ct
1303 3819 1444 3910 judica·
1514 3857 1515 3872 κ

308 3945 504 4020 turmaque
527 3949 601 3996 cum
624 3923 779 4017 pondere,
798 3939 835 3994 ut
857 3926 950 4017 apud
972 3936 1073 3994 carim
1099 3924 1139 3993 de
1164 3925 1225 3993 Dei
1244 3940 1442 4017 compertu:

305 4057 535 4128 summumque
555 4033 665 4125 futuri
681 4031 806 4123 judicii
824 4031 1060 4124 prejudicium
1083 4045 1139 4114 est,
1157 4033 1186 4100 si
1204 4033 1276 4123 quis
1295 4033 1344 4100 itu
1360 4032 1444 4101 aeti„

307 4145 424 4236 querit,
441 4156 478 4210 ut
497 4165 518 4209 a
539 4139 832 4210 communicatione
857 4139 1016 4208 arationis
1041 4152 1071 4206 et
1096 4151 1270 4206 conventus
1291 4152 1322 4206 ct
1336 4141 1445 4208 omnis

305 4251 411 4322 sancti
431 4247 615 4318 commercii
634 4245 802 4338 relegetur.
825 4245 959 4316 iudiciis
984 4267 1062 4336 ergo
1088 4245 1306 4314 ecclesiasticis
1321 4269 1443 4338 magno
