3046 4968
280 439 317 504 88
652 463 828 512 reserares
851 466 889 510 oa
910 463 1048 512 inurens.

273 582 370 651 tieem
390 589 446 650 aut
470 581 693 652 Gallicanismi
719 585 961 676 parlamentarii
986 585 1093 654 labem
1116 592 1226 676 aperte
1252 584 1415 672 redolent;

275 690 328 757 vel
351 690 533 760 remotioris
555 693 618 760 aevi
639 691 711 784 qui,
737 715 771 760 re
792 691 937 760 nondum
959 692 992 762 in
1014 692 1133 761 scholis
1152 693 1246 784 plene
1263 694 1418 784 eliquata,

274 798 489 888 seripserunt3
509 799 564 890 qui
581 812 688 866 tamen
705 798 811 867 ultimi
828 801 920 889 pauci
939 809 1165 868 numerantur.

320 905 480 972 Probatur
495 910 538 972 5⁰.
554 905 653 974 Exeo
668 907 755 997 quod
770 929 875 1001 earrsae
892 906 1146 976 matrimoniales
1163 909 1291 998 proprie
1308 908 1417 992 dietae,

276 1013 361 1079 inter
382 1035 494 1079 causas
517 1035 593 1080 vere
613 1013 797 1104 spirituales
819 1014 1008 1104 reputanda
1032 1015 1108 1082 sint.
1134 1016 1283 1084 -Nem
1309 1038 1419 1084 causae

248 1129 249 1132 ’
274 1117 528 1185 matrimoniales
552 1119 682 1210 proprie
706 1119 814 1202 dictae,
839 1130 916 1188 sunt
944 1121 1009 1188 illee
1035 1144 1109 1211 quae
1137 1131 1308 1190 versantur
1332 1121 1420 1188 cirea

273 1225 448 1314 ipsummet
463 1226 718 1303 matrimonium,
729 1249 784 1302 seu
801 1227 886 1294 circu
901 1228 1075 1318 ipsummet
1090 1236 1289 1296 eorrtraetum
1303 1229 1422 1295 metri-

275 1331 461 1416 monialem,
480 1354 545 1398 non
559 1355 637 1401 vero
653 1334 738 1401 circa
753 1334 970 1404 solemnitates
983 1335 1190 1405 matrimonio
1205 1337 1417 1404 extrinsecas.

274 1439 346 1508 lam
373 1459 452 1506 vero
475 1447 656 1508 contractus
680 1441 927 1509 matrimonialis
948 1441 1095 1510 fidelium
1119 1454 1167 1509 est
1188 1442 1266 1534 quid
1287 1465 1418 1512 sacrum

274 1569 332 1614 seu
346 1546 514 1636 spirituale
533 1573 540 1614 ε
555 1568 630 1614 uam
644 1546 698 1614 ille
711 1557 894 1616 contractus
910 1555 957 1616 est
971 1549 1146 1617 certissime
1162 1550 1295 1618 materia
1311 1572 1420 1618 saera-

274 1654 387 1738 menti,
400 1662 496 1744 atque
511 1651 591 1721 adeo
606 1656 797 1722 sacramenti
817 1655 927 1747 aliqua
946 1679 1021 1746 pars
1041 1684 1047 1722 :
1065 1678 1164 1746 perro
1178 1679 1253 1747 pars
1267 1657 1421 1748 quelibet

274 1761 464 1828 sacramenti
489 1769 536 1827 est
562 1760 684 1852 aliquid
710 1775 837 1830 saenrm
861 1785 917 1830 seu
943 1763 1120 1855 spirituale.
1150 1765 1219 1831 lmo
1242 1764 1421 1854 praedictus

275 1868 421 1936 fidelium
447 1876 630 1936 contractus
656 1877 706 1936 est
732 1870 830 1936 simul
856 1878 959 1938 totum
986 1881 1223 1938 sacramentum
1243 1899 1250 1938 :
1269 1893 1345 1938 nam
1374 1871 1421 1938 ita

275 1974 450 2042 tenendum
467 1983 526 2059 est,
544 1976 571 2042 si
592 1976 719 2044 nullum
740 1977 879 2045 existere
896 1980 996 2068 possit
1012 1978 1096 2045 inter
1116 1977 1228 2045 fideles
1250 1978 1421 2046 matrimo-
1512 2049 1513 2072 χ

275 2083 381 2166 nium,
398 2081 484 2172 quod
500 2105 563 2150 nou
582 2083 622 2149 sit
636 2083 734 2151 simul
747 2095 1002 2170 sacramentum3
1019 2086 1108 2176 atqui
1126 2085 1210 2152 banc
1225 2106 1294 2152 esse
1306 2085 1422 2152 cathe—

274 2189 368 2256 licam
394 2189 572 2256 doctrinam
599 2188 775 2256 declaravit
799 2191 877 2257 Pius
903 2191 949 2258 lx
973 2193 1007 2258 in
1031 2193 1125 2260 citata
1148 2187 1339 2261 allocutione
1366 2192 1420 2258 his

275 2296 383 2362 verbis
403 2323 413 2380 ³.
430 2299 513 2365 Cum
528 2317 623 2363 nemo
644 2318 684 2362 ee
708 2297 876 2365 catholicis
895 2298 1023 2388 ipnoret
1037 2312 1096 2365 aut
1109 2300 1260 2389 ipuorare
1271 2300 1416 2390 possit...
1512 2281 1513 2296 ¹

276 2402 361 2468 inter
372 2401 483 2492 fideles
498 2403 751 2470 matrimonium
766 2403 842 2471 dari
855 2428 919 2472 non
935 2428 1041 2496 posse,
1060 2405 1138 2496 pitin
1161 2430 1225 2472 rma
1245 2405 1421 2496 eodemque
1512 2461 1513 2484 r

275 2521 419 2598 tempore
447 2509 488 2575 sit
517 2522 781 2591 sacramentum·
807 2523 905 2601 atque
939 2511 1059 2578 ideirco
1099 2513 1278 2604 quamlibet
1314 2513 1420 2580 aliam

275 2615 362 2682 inter
388 2615 590 2684 Christianos
612 2617 677 2683 uiri
702 2629 732 2683 et
757 2618 903 2686 meilieris
924 2631 1047 2708 preater
1068 2632 1312 2686 sacramentum
1335 2641 1421 2688 eon-
1512 2685 1513 2712 p

270 2722 527 2812 junctionem
543 2723 628 2788 nibil
640 2722 735 2790 olirad
747 2746 810 2792 esse
823 2723 888 2792 nisi
902 2737 1031 2815 turpem
1047 2738 1145 2815 atque
1160 2725 1326 2792 exitialem
1342 2749 1421 2794 een-

275 2830 478 2896 calinulum.
505 2830 541 2896 Si
564 2851 642 2918 ergo
668 2830 919 2898 matrimonium
946 2831 1093 2899 fidelium
1118 2833 1159 2899 sit
1181 2835 1361 2901 necessario
1389 2845 1421 2902 et

275 2935 441 3003 indivisim
474 2937 649 3026 ipsummet
675 2947 925 3020 sacramentum,
946 2946 994 3004 est
1018 2939 1162 3030 prolecto
1186 2963 1238 3006 res
1266 2963 1357 3008 saera
1387 2952 1422 3011 et

277 3044 500 3132 spiritualibus
525 3041 782 3110 annumeranda.
811 3045 893 3110 Cum
923 3067 1000 3132 ergo
1025 3047 1187 3135 superiori
1211 3047 1314 3137 eapite
1342 3071 1421 3139 pre·
1512 3055 1513 3138 ᾗ

275 3150 386 3216 batum
403 3150 443 3216 sit
458 3149 497 3215 ad
515 3150 624 3216 lorum
635 3150 883 3217 ecclesiasticum
896 3153 1057 3240 pertinere
1072 3152 1112 3219 de
1132 3152 1231 3219 rebus
1245 3155 1346 3220 sacris
1361 3179 1419 3222 seu
1512 3195 1513 3202 κ

272 3255 494 3344 spiritualibus
505 3255 678 3344 judicium,
694 3255 798 3323 eidem
810 3255 881 3324 fore
896 3279 1002 3324 eausre
1018 3259 1271 3326 matrimoniales
1283 3263 1417 3352 proprie
1512 3241 1513 3260 Χ

277 3363 370 3430 dicta¹
386 3362 566 3430 tribuendae
584 3377 672 3430 sunt.

319 3470 501 3538 Puerosrrro
523 3471 576 3536 lla.
602 3509 646 3522 -
673 3473 786 3539 Garnae
814 3471 1075 3541 matrimoniales
1102 3475 1281 3565 improprie
1308 3475 1417 3550 dicte.

276 3599 349 3670 qua
363 3597 478 3664 nempe
490 3590 663 3642 versantur
672 3577 758 3644 eirca
774 3601 823 3645 res
840 3580 1035 3668 temporales
1049 3593 1079 3647 et
1094 3581 1283 3649 substantiae
1293 3573 1421 3648 ¹mutri-

275 3683 381 3751 monii
391 3683 596 3760 estrinseeas‚
611 3682 775 3772 adfurum
789 3686 943 3754 seculare
949 3687 1029 3775 jure
1035 3689 1173 3778 proprie
1182 3690 1362 3778 pertinent.
1375 3727 1421 3741 -

279 3819 295 3854 a
309 3791 405 3874 Quia,
429 3790 473 3856 ait
491 3787 794 3877 Schmulzgrueber,
816 3790 886 3859 haec
905 3793 986 3858 nihil
1010 3794 1177 3884 spirituale
1198 3796 1376 3862 continent.
1400 3825 1417 3860 n

275 3899 327 3988 (In
343 3897 475 3964 titulum
492 3895 531 3964 de
543 3894 691 3976 lerdieiis,
710 3919 743 3963 n.
762 3899 827 3985 53.)
846 3899 941 3967 Unde
959 3900 1039 3967 nihil
1055 3900 1162 3967 obstat
1180 3903 1258 3992 quin
1281 3903 1421 3972 saecula-

273 4005 318 4071 ris
334 4003 495 4094 princeps,
513 4011 544 4070 et
565 4002 605 4069 de
625 4003 666 4069 iis
682 4005 786 4070 causis
800 4013 983 4093 cognoseat,
1001 4013 1033 4072 et
1050 4006 1148 4097 justis
1168 4008 1296 4097 legibus
1315 4009 1355 4078 de
1380 4011 1420 4079 iis
1512 4019 1513 4022 ’

273 4112 433 4178 decernat.
454 4110 546 4192 Quod
565 4111 661 4176 etiarn
679 4112 817 4199 positive
832 4120 956 4180 constat
971 4135 1012 4179 ex
1034 4113 1130 4182 medo
1152 4117 1246 4182 eitrrta
1266 4115 1419 4186 decretali
1512 4161 1513 4196 r

273 4216 453 4288 Alexandri
476 4218 533 4302 lll,
547 4216 581 4284 in
603 4239 669 4308 qua
692 4218 732 4285 ad
757 4239 879 4306 regem,
904 4242 967 4286 uon
991 4219 1031 4286 ad
1054 4221 1229 4292 Ecclesiam
1257 4224 1420 4314 pertinere
1512 4245 1513 4268 ¹
