3056 4972
284 486 347 551 eu
655 507 831 554 memrros
854 507 891 552 oe
913 507 1046 554 sunnin.

282 653 298 689 e
321 625 480 715 significet
495 625 602 696 locum
618 627 731 719 inquo
744 628 798 718 jus
811 626 960 696 redditur
971 657 1026 706 ...;
1039 628 1147 695 iorum
1158 626 1283 695 veroin
1298 634 1416 695 neutro

282 758 299 798 e
321 755 440 824 genere
448 741 588 825 ponetur
598 755 658 824 pro
669 735 834 803 territorio
845 734 1016 826 cujuslibet
1021 732 1154 826 judicie,
1163 733 1248 801 intre
1258 733 1344 826 quod
1357 733 1417 824 jus
1520 731 1521 750 ¹

282 866 299 906 e
321 838 456 908 reddere
475 863 534 909 sen
554 839 661 909 dicere
679 849 824 933 potest...
848 841 973 912 Verum
995 841 1067 910 hec
1090 839 1270 910 differentia
1293 840 1357 908 fori
1379 840 1415 906 in

280 972 298 1012 e
319 968 437 1036 genere
452 947 630 1016 mesentino
644 955 677 1015 et
691 955 807 1017 neutro
820 947 1071 1038 grammaticalis
1086 948 1192 1016 solnm
1208 955 1269 1036 est,
1284 948 1415 1017 nnllnm

280 1053 442 1122 «hebens
454 1053 703 1123 tundamentum
720 1055 886 1147 injure.»
1521 1079 1522 1106 i

324 1161 467 1252 «ltaque
484 1161 615 1253 proprie
636 1160 799 1254 loquendo
819 1163 928 1232 torum
949 1171 1134 1254 competens
1154 1170 1288 1232 vocetur
1302 1161 1416 1230 tribu-

280 1293 297 1332 «
319 1267 374 1336 nel
389 1265 526 1358 judicis,
545 1268 640 1360 cnjus
657 1268 877 1360 jurisdictioni
902 1291 978 1338 reus
997 1269 1179 1361 subjicitur,
1202 1269 1270 1337 sive
1290 1267 1326 1336 in
1346 1291 1415 1360 quo

280 1401 297 1440 ι
318 1397 395 1444 rens
410 1374 452 1444 eb
470 1381 577 1444 ectore
594 1375 762 1446 conveniri
782 1375 877 1445 debet
894 1385 950 1444 ent
971 1383 1113 1469 potest...
1127 1373 1282 1468 Adeoque
1300 1376 1414 1444 iorum
1522 1459 1523 1464 ἵ

279 1507 296 1546 ι
319 1481 397 1550 dicit
410 1490 442 1550 et
455 1482 620 1574 importat,
635 1490 705 1550 tum
712 1481 974 1574 jurisdictionem
985 1505 1060 1576 qum
1074 1491 1242 1552 exercetur
1251 1481 1286 1549 in
1300 1481 1415 1550 litibus
1522 1545 1523 1560 2

278 1613 296 1654 α
317 1587 521 1676 dirimendis,
537 1597 609 1658 tum
622 1589 719 1658 etinm
743 1589 851 1658 locum
868 1613 926 1659 sen
940 1590 1084 1659 tribunal
1105 1591 1141 1658 in
1155 1613 1221 1682 quo
1239 1590 1311 1658 lites
1332 1588 1415 1657 diri-

278 1721 296 1761 «
319 1705 472 1782 mnntnr3
490 1697 538 1764 ite
551 1695 713 1766 otiorum
729 1697 772 1765 sit
784 1695 909 1790 aliquid
924 1705 1138 1788 aggregatum
1154 1707 1186 1766 et
1198 1695 1414 1788 compositum

276 1827 293 1866 α
317 1825 360 1872 ex
376 1803 536 1895 utrisque.
553 1829 571 1870 s
1523 1851 1524 1880 t

321 1907 488 1978 «Omissis
505 1910 579 1978 eliis
596 1911 902 2002 significationibus,
925 1913 970 1981 eit
988 1912 1079 1981 Hnth
1097 1911 1148 2002 (ed
1168 1911 1297 1981 titulum
1317 1915 1350 1998 2,
1369 1911 1413 1978 li-

277 2041 294 2080 c
316 2014 368 2083 hri
383 2019 403 2082 2
418 2015 645 2106 Decretelinm,
658 2029 775 2110 quest.
796 2019 842 2109 1),
857 2019 911 2087 hic
927 2020 1058 2088 nomine
1073 2017 1135 2087 iori
1150 2017 1240 2086 venit
1255 2017 1308 2086 vel
1321 2016 1413 2086 locus

276 2147 294 2188 ι(
317 2121 525 2191 discutiendis
543 2133 575 2191 et
598 2125 812 2194 terminandis
835 2126 958 2207 litibus,
978 2125 1030 2194 vel
1049 2123 1230 2217 jurisdictio
1250 2122 1411 2216 judicium

275 2255 293 2295 e
315 2231 494 2298 exercentis
509 2253 566 2300 eeu
581 2239 719 2322 potestne
733 2232 863 2324 publice
878 2233 918 2300 de
933 2255 1031 2302 oense
1052 2233 1087 2300 in
1101 2231 1260 2324 judicium
1273 2229 1412 2300 deducta
1524 2261 1525 2292 i

276 2361 294 2401 α
316 2336 530 2426 cognoscendi
545 2345 577 2405 et
596 2338 878 2429 pronuntiandi.»

317 2445 351 2510 2⁰
369 2445 556 2534 Quotuplen
571 2441 795 2537 delinquatur
807 2448 912 2537 soros.
926 2485 970 2498 -
984 2473 1002 2512 o
1018 2445 1117 2514 Aliud
1134 2454 1182 2514 est
1196 2445 1305 2514 iorum
1319 2466 1411 2514 com-

275 2575 292 2616 o
310 2563 433 2642 petens,
451 2551 484 2618 in
498 2574 563 2642 qno
578 2575 654 2622 rens
668 2554 835 2622 conveniri
856 2562 959 2644 potest
981 2562 1013 2621 et
1030 2552 1136 2638 debet,
1156 2552 1208 2622 vel
1230 2552 1286 2620 nbi
1304 2551 1410 2642 judex

274 2684 291 2724 α
314 2667 361 2726 est
381 2668 565 2750 competens
588 2668 620 2728 et
639 2659 898 2749 jurisdictionem
918 2661 1039 2729 hebens
1058 2662 1093 2728 in
1113 2681 1205 2728 reum
1225 2659 1337 2727 :eliud
1361 2667 1411 2726 est

275 2791 291 2830 c
314 2765 540 2856 incompetens,
555 2767 612 2834 ubi
623 2789 698 2835 reue
712 2768 879 2837 conveniri
896 2789 955 2835 nec
967 2775 1069 2859 potest
1081 2789 1139 2835 nec
1151 2767 1255 2836 debet.
1269 2767 1410 2857 Compe-

275 2895 292 2936 α
315 2879 386 2939 tens
401 2869 560 2940 dividitur
575 2873 609 2940 in
625 2873 872 2942 ecclesiasticum
883 2883 914 2942 et
926 2875 1080 2944 seculare
1090 2873 1357 2942 :ecclesiasticum
1373 2873 1409 2941 in

275 3005 292 3048 e
315 2992 486 3048 externum
499 2988 531 3048 et
544 2980 721 3050 intentum.
738 2981 906 3051 Internum
919 2982 953 3049 in
974 2982 1084 3050 iorum
1102 2979 1320 3073 poenitentiale
1336 2979 1409 3048 sive

274 3111 291 3152 o
315 3086 555 3174 secrnmentele,
577 3095 608 3156 et
629 3087 663 3155 in
687 3109 753 3157 non
768 3089 1007 3157 sacrementnle.
1026 3089 1105 3157 Item
1127 3087 1215 3156 eliud
1233 3088 1341 3157 iorum
1360 3097 1409 3154 est

274 3219 290 3258 o
316 3192 560 3276 contentiosum,
577 3195 666 3263 alind
676 3197 921 3264 voluntarium:
936 3195 989 3264 hic
1000 3194 1041 3264 de
1052 3193 1123 3263 ioro
1134 3205 1268 3263 externo
1283 3203 1314 3262 ct
1328 3217 1409 3263 con-

275 3325 292 3368 e
308 3298 444 3370 tentioso
459 3323 566 3370 sermo
577 3309 664 3371 est.»
679 3301 794 3394 (nuth,
809 3303 843 3370 in
858 3303 988 3371 titulum
1004 3306 1037 3390 2,
1054 3302 1129 3370 libri
1143 3305 1162 3369 2
1178 3301 1408 3390 Deoretelium,

273 3415 390 3497 quaest.
409 3405 454 3496 1.)
