<?xml version="1.0" encoding="UTF-8"?>
<!DOCTYPE html PUBLIC "-//W3C//DTD XHTML 1.0 Transitional//EN"
    "http://www.w3.org/TR/xhtml1/DTD/xhtml1-transitional.dtd">
<html xmlns="http://www.w3.org/1999/xhtml" xml:lang="en" lang="en">
 <head>
  <title>
</title>
<meta http-equiv="Content-Type" content="text/html;charset=utf-8" />
  <meta name='ocr-system' content='tesseract 3.04.00' />
  <meta name='ocr-capabilities' content='ocr_page ocr_carea ocr_par ocr_line ocrx_word'/>
</head>
<body>
  <div class='ocr_page' id='page_1' title='image "./tractatusdejudi01goog_0407.png"; bbox 0 0 3030 4980; ppageno 0'>
   <div class='ocr_carea' id='block_1_1' title="bbox 301 431 1071 506">
    <p class='ocr_par' dir='ltr' id='par_1_1' title="bbox 301 431 1071 506">
     <span class='ocr_line' id='line_1_1' title="bbox 301 431 1071 506; baseline 0.014 -11"><span class='ocrx_word' id='word_1_1' title='bbox 301 431 363 496; x_wconf 80' lang='grc'><strong>391</strong></span> <span class='ocrx_word' id='word_1_2' title='bbox 676 457 852 504; x_wconf 80' lang='lat' dir='ltr'><strong>rnacrarus</strong></span> <span class='ocrx_word' id='word_1_3' title='bbox 874 459 913 504; x_wconf 87' lang='lat' dir='ltr'><strong>nn</strong></span> <span class='ocrx_word' id='word_1_4' title='bbox 936 457 1071 506; x_wconf 82' lang='lat' dir='ltr'><strong>snnrcns.</strong></span> 
     </span>
    </p>
   </div>
   <div class='ocr_carea' id='block_1_2' title="bbox 297 571 1498 4309">
    <p class='ocr_par' dir='ltr' id='par_1_2' title="bbox 298 571 1434 1182">
     <span class='ocr_line' id='line_1_2' title="bbox 302 571 1430 672; baseline 0.013 -37"><span class='ocrx_word' id='word_1_5' title='bbox 302 595 320 634; x_wconf 81' lang='grc' dir='ltr'><em>α</em></span> <span class='ocrx_word' id='word_1_6' title='bbox 342 571 504 642; x_wconf 89' lang='lat' dir='ltr'><strong>Nicolium</strong></span> <span class='ocrx_word' id='word_1_7' title='bbox 519 575 553 643; x_wconf 84' lang='lat' dir='ltr'><strong>in</strong></span> <span class='ocrx_word' id='word_1_8' title='bbox 567 577 734 660; x_wconf 84' lang='lat' dir='ltr'><strong>Flcsculis,</strong></span> <span class='ocrx_word' id='word_1_9' title='bbox 745 579 806 647; x_wconf 90' lang='lat' dir='ltr'><strong>sub</strong></span> <span class='ocrx_word' id='word_1_10' title='bbox 822 601 962 648; x_wconf 91' lang='lat' dir='ltr'><strong>numero</strong></span> <span class='ocrx_word' id='word_1_11' title='bbox 978 582 1045 672; x_wconf 81' lang='grc'>35).</span> <span class='ocrx_word' id='word_1_12' title='bbox 1060 607 1077 646; x_wconf 77' lang='lat' dir='ltr'><strong>s</strong></span> <span class='ocrx_word' id='word_1_13' title='bbox 1093 581 1141 648; x_wconf 83' lang='lat' dir='ltr'><strong>lta</strong></span> <span class='ocrx_word' id='word_1_14' title='bbox 1152 580 1304 650; x_wconf 82' lang='lat' dir='ltr'><strong>Ferraria</strong></span> <span class='ocrx_word' id='word_1_15' title='bbox 1319 580 1371 671; x_wconf 88' lang='lat' dir='ltr'><strong>(ad</strong></span> <span class='ocrx_word' id='word_1_16' title='bbox 1382 605 1430 650; x_wconf 82' lang='lat' dir='ltr'><strong>vo</strong></span> 
     </span>
     <span class='ocr_line' id='line_1_3' title="bbox 298 680 1432 779; baseline 0.011 -35"><span class='ocrx_word' id='word_1_17' title='bbox 298 699 366 745; x_wconf 89' lang='lat' dir='ltr'><strong>cem</strong></span> <span class='ocrx_word' id='word_1_18' title='bbox 390 680 535 750; x_wconf 80' lang='lat' dir='ltr'><strong>Vicarins</strong></span> <span class='ocrx_word' id='word_1_19' title='bbox 549 684 722 774; x_wconf 71' lang='lat' dir='ltr'><strong>pancratis,</strong></span> <span class='ocrx_word' id='word_1_20' title='bbox 739 694 801 753; x_wconf 91' lang='lat' dir='ltr'><strong>art.</strong></span> <span class='ocrx_word' id='word_1_21' title='bbox 821 690 852 772; x_wconf 99' lang='grc'><strong>1,</strong></span> <span class='ocrx_word' id='word_1_22' title='bbox 868 709 902 755; x_wconf 91' lang='lat' dir='ltr'><strong>n.</strong></span> <span class='ocrx_word' id='word_1_23' title='bbox 928 687 1005 778; x_wconf 85' lang='lat'><strong>29);</strong></span> <span class='ocrx_word' id='word_1_24' title='bbox 1026 688 1082 779; x_wconf 92' lang='lat' dir='ltr'><strong>qni</strong></span> <span class='ocrx_word' id='word_1_25' title='bbox 1106 697 1214 756; x_wconf 85' lang='lat' dir='ltr'><strong>tamen</strong></span> <span class='ocrx_word' id='word_1_26' title='bbox 1233 699 1355 756; x_wconf 88' lang='lat' dir='ltr'><strong>asserta</strong></span> <span class='ocrx_word' id='word_1_27' title='bbox 1374 687 1432 756; x_wconf 85' lang='lat' dir='ltr'><strong>bac</strong></span> 
     </span>
     <span class='ocr_line' id='line_1_4' title="bbox 298 783 1433 886; baseline 0.011 -35"><span class='ocrx_word' id='word_1_28' title='bbox 298 783 343 852; x_wconf 87' lang='lat' dir='ltr'><strong>ita</strong></span> <span class='ocrx_word' id='word_1_29' title='bbox 358 787 525 878; x_wconf 81' lang='lat' dir='ltr'><strong>restringit</strong></span> <span class='ocrx_word' id='word_1_30' title='bbox 542 817 550 856; x_wconf 77' lang='grc' dir='ltr'><strong>ι</strong></span> <span class='ocrx_word' id='word_1_31' title='bbox 570 817 587 854; x_wconf 94' lang='lat'>«</span> <span class='ocrx_word' id='word_1_32' title='bbox 602 790 675 858; x_wconf 90' lang='lat' dir='ltr'><strong>Nisi</strong></span> <span class='ocrx_word' id='word_1_33' title='bbox 690 791 752 860; x_wconf 92' lang='lat' dir='ltr'><strong>hoc</strong></span> <span class='ocrx_word' id='word_1_34' title='bbox 767 791 868 861; x_wconf 85' lang='lat' dir='ltr'><strong>Sacra</strong></span> <span class='ocrx_word' id='word_1_35' title='bbox 882 793 1101 884; x_wconf 85' lang='lat' dir='ltr'><strong>Congregatio</strong></span> <span class='ocrx_word' id='word_1_36' title='bbox 1116 796 1157 863; x_wconf 91' lang='lat' dir='ltr'><strong>ad</strong></span> <span class='ocrx_word' id='word_1_37' title='bbox 1173 793 1306 885; x_wconf 80' lang='lat' dir='ltr'>aliquod</span> <span class='ocrx_word' id='word_1_38' title='bbox 1319 803 1433 886; x_wconf 86' lang='lat' dir='ltr'><strong>tempus</strong></span> 
     </span>
     <span class='ocr_line' id='line_1_5' title="bbox 301 893 1433 992; baseline 0.011 -35"><span class='ocrx_word' id='word_1_39' title='bbox 301 915 319 958; x_wconf 74' lang='lat' dir='ltr'><strong>a</strong></span> <span class='ocrx_word' id='word_1_40' title='bbox 342 893 494 962; x_wconf 89' lang='lat' dir='ltr'><strong>concedat</strong></span> <span class='ocrx_word' id='word_1_41' title='bbox 506 904 638 988; x_wconf 89' lang='lat' dir='ltr'><strong>propter</strong></span> <span class='ocrx_word' id='word_1_42' title='bbox 649 898 751 967; x_wconf 90' lang='lat' dir='ltr'><strong>bonas</strong></span> <span class='ocrx_word' id='word_1_43' title='bbox 766 900 936 990; x_wconf 85' lang='lat' dir='ltr'><strong>qualitates</strong></span> <span class='ocrx_word' id='word_1_44' title='bbox 949 901 1097 992; x_wconf 87' lang='lat' dir='ltr'><strong>subjecti,</strong></span> <span class='ocrx_word' id='word_1_45' title='bbox 1106 924 1142 968; x_wconf 86' lang='lat' dir='ltr'><strong>ac</strong></span> <span class='ocrx_word' id='word_1_46' title='bbox 1154 901 1294 970; x_wconf 87' lang='lat' dir='ltr'><strong>aliorum</strong></span> <span class='ocrx_word' id='word_1_47' title='bbox 1306 900 1433 969; x_wconf 83' lang='lat' dir='ltr'><strong>idoneo-</strong></span> 
     </span>
     <span class='ocr_line' id='line_1_6' title="bbox 301 1004 1434 1100; baseline 0.013 -38"><span class='ocrx_word' id='word_1_48' title='bbox 301 1023 318 1062; x_wconf 87' lang='lat'>«</span> <span class='ocrx_word' id='word_1_49' title='bbox 341 1022 418 1067; x_wconf 88' lang='lat' dir='ltr'><strong>rnm</strong></span> <span class='ocrx_word' id='word_1_50' title='bbox 431 1004 620 1092; x_wconf 83' lang='lat' dir='ltr'><strong>penuriam:</strong></span> <span class='ocrx_word' id='word_1_51' title='bbox 640 1006 739 1076; x_wconf 91' lang='lat' dir='ltr'><strong>Sacra</strong></span> <span class='ocrx_word' id='word_1_52' title='bbox 753 1007 971 1098; x_wconf 74' lang='lat' dir='ltr'><strong>congregatio</strong></span> <span class='ocrx_word' id='word_1_53' title='bbox 985 1008 1224 1100; x_wconf 86' lang='lat' dir='ltr'><strong>Episcoporum</strong></span> <span class='ocrx_word' id='word_1_54' title='bbox 1240 1009 1275 1076; x_wconf 94' lang='lat' dir='ltr'><strong>in</strong></span> <span class='ocrx_word' id='word_1_55' title='bbox 1287 1030 1356 1077; x_wconf 88' lang='lat' dir='ltr'><strong>una</strong></span> <span class='ocrx_word' id='word_1_56' title='bbox 1369 1007 1434 1077; x_wconf 90' lang='lat' dir='ltr'><strong>nnl-</strong></span> 
     </span>
     <span class='ocr_line' id='line_1_7' title="bbox 303 1105 871 1182; baseline 0.014 -12"><span class='ocrx_word' id='word_1_57' title='bbox 303 1131 320 1170; x_wconf 92' lang='lat'>«</span> <span class='ocrx_word' id='word_1_58' title='bbox 343 1105 407 1174; x_wconf 89' lang='lat' dir='ltr'><strong>lius</strong></span> <span class='ocrx_word' id='word_1_59' title='bbox 421 1107 524 1178; x_wconf 82' lang='lat' dir='ltr'><strong>Piscae</strong></span> <span class='ocrx_word' id='word_1_60' title='bbox 544 1114 557 1177; x_wconf 93' lang='grc'><strong>1</strong></span> <span class='ocrx_word' id='word_1_61' title='bbox 578 1112 720 1181; x_wconf 83' lang='lat' dir='ltr'><strong>octobris</strong></span> <span class='ocrx_word' id='word_1_62' title='bbox 738 1117 834 1182; x_wconf 80' lang='grc'><strong>1635.</strong></span> <span class='ocrx_word' id='word_1_63' title='bbox 854 1140 871 1178; x_wconf 77' lang='lat' dir='ltr'><strong>a</strong></span> 
     </span>
    </p>

    <p class='ocr_par' dir='ltr' id='par_1_3' title="bbox 297 1213 1498 3642">
     <span class='ocr_line' id='line_1_8' title="bbox 343 1213 1437 1290; baseline 0.007 -10"><span class='ocrx_word' id='word_1_64' title='bbox 343 1213 395 1280; x_wconf 90' lang='lat' dir='ltr'><strong>Me</strong></span> <span class='ocrx_word' id='word_1_65' title='bbox 419 1237 497 1284; x_wconf 88' lang='lat' dir='ltr'><strong>vero</strong></span> <span class='ocrx_word' id='word_1_66' title='bbox 520 1217 706 1288; x_wconf 90' lang='lat' dir='ltr'><strong>nullatenus</strong></span> <span class='ocrx_word' id='word_1_67' title='bbox 725 1222 922 1290; x_wconf 87' lang='lat' dir='ltr'><strong>convincunt</strong></span> <span class='ocrx_word' id='word_1_68' title='bbox 945 1221 1011 1290; x_wconf 77' lang='lat' dir='ltr'><strong>illas</strong></span> <span class='ocrx_word' id='word_1_69' title='bbox 1031 1221 1174 1290; x_wconf 80' lang='lat' dir='ltr'>Ferrarii</span> <span class='ocrx_word' id='word_1_70' title='bbox 1198 1220 1392 1290; x_wconf 81' lang='lat' dir='ltr'><strong>assertiones</strong></span> <span class='ocrx_word' id='word_1_71' title='bbox 1411 1229 1437 1289; x_wconf 89' lang='lat' dir='ltr'><strong>et</strong></span> 
     </span>
     <span class='ocr_line' id='line_1_9' title="bbox 299 1319 1435 1420; baseline 0.006 -33"><span class='ocrx_word' id='word_1_72' title='bbox 299 1319 518 1410; x_wconf 78' lang='lat' dir='ltr'><strong>allegationes.</strong></span> <span class='ocrx_word' id='word_1_73' title='bbox 543 1324 628 1394; x_wconf 89' lang='lat' dir='ltr'><strong>Nam</strong></span> <span class='ocrx_word' id='word_1_74' title='bbox 647 1331 677 1394; x_wconf 81' lang='grc' dir='ltr'><strong>1ο</strong></span> <span class='ocrx_word' id='word_1_75' title='bbox 697 1328 807 1397; x_wconf 89' lang='lat' dir='ltr'><strong>nullus</strong></span> <span class='ocrx_word' id='word_1_76' title='bbox 826 1327 961 1398; x_wconf 77' lang='lat' dir='ltr'><strong>affertur</strong></span> <span class='ocrx_word' id='word_1_77' title='bbox 983 1329 1206 1399; x_wconf 84' lang='lat' dir='ltr'><strong>Conciliorum</strong></span> <span class='ocrx_word' id='word_1_78' title='bbox 1226 1337 1282 1396; x_wconf 90' lang='lat' dir='ltr'><strong>aut</strong></span> <span class='ocrx_word' id='word_1_79' title='bbox 1308 1329 1435 1420; x_wconf 85' lang='lat' dir='ltr'><strong>pontifi-</strong></span> 
     </span>
     <span class='ocr_line' id='line_1_10' title="bbox 300 1428 1433 1527; baseline 0.004 -30"><span class='ocrx_word' id='word_1_80' title='bbox 300 1428 420 1498; x_wconf 90' lang='lat' dir='ltr'><strong>calium</strong></span> <span class='ocrx_word' id='word_1_81' title='bbox 436 1429 648 1501; x_wconf 81' lang='lat' dir='ltr'><strong>decretalium</strong></span> <span class='ocrx_word' id='word_1_82' title='bbox 664 1443 784 1522; x_wconf 82' lang='lat' dir='ltr'><strong>textus,</strong></span> <span class='ocrx_word' id='word_1_83' title='bbox 804 1436 860 1526; x_wconf 82' lang='lat' dir='ltr'><strong>jus</strong></span> <span class='ocrx_word' id='word_1_84' title='bbox 883 1435 1066 1506; x_wconf 87' lang='lat' dir='ltr'><strong>universale</strong></span> <span class='ocrx_word' id='word_1_85' title='bbox 1092 1435 1283 1527; x_wconf 82' lang='lat' dir='ltr'><strong>respiciens,</strong></span> <span class='ocrx_word' id='word_1_86' title='bbox 1304 1456 1371 1526; x_wconf 91' lang='lat' dir='ltr'><strong>quo</strong></span> <span class='ocrx_word' id='word_1_87' title='bbox 1392 1433 1433 1501; x_wconf 89' lang='lat' dir='ltr'><strong>vel</strong></span> 
     </span>
     <span class='ocr_line' id='line_1_11' title="bbox 300 1537 1436 1635; baseline 0.005 -34"><span class='ocrx_word' id='word_1_88' title='bbox 300 1537 432 1626; x_wconf 87' lang='lat' dir='ltr'><strong>apertis,</strong></span> <span class='ocrx_word' id='word_1_89' title='bbox 456 1538 509 1608; x_wconf 89' lang='lat' dir='ltr'><strong>vel</strong></span> <span class='ocrx_word' id='word_1_90' title='bbox 530 1541 629 1608; x_wconf 86' lang='lat' dir='ltr'><strong>etiam</strong></span> <span class='ocrx_word' id='word_1_91' title='bbox 654 1542 817 1631; x_wconf 78' lang='lat' dir='ltr'><strong>ambiguis</strong></span> <span class='ocrx_word' id='word_1_92' title='bbox 843 1543 1005 1630; x_wconf 86' lang='lat' dir='ltr'><strong>terminis,</strong></span> <span class='ocrx_word' id='word_1_93' title='bbox 1034 1543 1245 1635; x_wconf 88' lang='lat' dir='ltr'><strong>prohibeatur</strong></span> <span class='ocrx_word' id='word_1_94' title='bbox 1267 1541 1436 1633; x_wconf 83' lang='lat' dir='ltr'><strong>Episcopus</strong></span> 
     </span>
     <span class='ocr_line' id='line_1_12' title="bbox 301 1647 1435 1738; baseline 0.004 -29"><span class='ocrx_word' id='word_1_95' title='bbox 301 1650 463 1734; x_wconf 82' lang='lat' dir='ltr'><strong>nepotem,</strong></span> <span class='ocrx_word' id='word_1_96' title='bbox 490 1647 665 1717; x_wconf 84' lang='lat' dir='ltr'><strong>fratremve</strong></span> <span class='ocrx_word' id='word_1_97' title='bbox 687 1657 745 1718; x_wconf 88' lang='lat' dir='ltr'><strong>unt</strong></span> <span class='ocrx_word' id='word_1_98' title='bbox 770 1650 973 1719; x_wconf 89' lang='lat' dir='ltr'><strong>avunculum</strong></span> <span class='ocrx_word' id='word_1_99' title='bbox 998 1651 1034 1718; x_wconf 92' lang='lat' dir='ltr'><strong>in</strong></span> <span class='ocrx_word' id='word_1_100' title='bbox 1059 1650 1228 1721; x_wconf 82' lang='lat' dir='ltr'><strong>Vicarium</strong></span> <span class='ocrx_word' id='word_1_101' title='bbox 1257 1647 1435 1738; x_wconf 81' lang='lat' dir='ltr'><strong>generalem</strong></span> 
     </span>
     <span class='ocr_line' id='line_1_13' title="bbox 301 1749 1438 1846; baseline 0.006 -31"><span class='ocrx_word' id='word_1_102' title='bbox 301 1749 362 1816; x_wconf 91' lang='lat' dir='ltr'><strong>sibi</strong></span> <span class='ocrx_word' id='word_1_103' title='bbox 376 1773 553 1822; x_wconf 89' lang='lat' dir='ltr'><strong>assumere.</strong></span> <span class='ocrx_word' id='word_1_104' title='bbox 572 1759 606 1822; x_wconf 82' lang='lat'><strong>2⁰</strong></span> <span class='ocrx_word' id='word_1_105' title='bbox 621 1756 860 1826; x_wconf 90' lang='lat' dir='ltr'><strong>Declarationes</strong></span> <span class='ocrx_word' id='word_1_106' title='bbox 876 1756 1023 1846; x_wconf 78' lang='lat' dir='ltr'><strong>allegatas</strong></span> <span class='ocrx_word' id='word_1_107' title='bbox 1037 1755 1154 1825; x_wconf 90' lang='lat' dir='ltr'><strong>nullibi</strong></span> <span class='ocrx_word' id='word_1_108' title='bbox 1170 1762 1283 1824; x_wconf 84' lang='lat' dir='ltr'><strong>extant</strong></span> <span class='ocrx_word' id='word_1_109' title='bbox 1303 1754 1438 1823; x_wconf 88' lang='lat' dir='ltr'><strong>authen-</strong></span> 
     </span>
     <span class='ocr_line' id='line_1_14' title="bbox 300 1855 1437 1954; baseline 0.004 -32"><span class='ocrx_word' id='word_1_110' title='bbox 300 1855 361 1924; x_wconf 86' lang='lat' dir='ltr'><strong>tice</strong></span> <span class='ocrx_word' id='word_1_111' title='bbox 379 1857 497 1939; x_wconf 76' lang='lat' dir='ltr'><strong>editce3</strong></span> <span class='ocrx_word' id='word_1_112' title='bbox 523 1883 581 1929; x_wconf 90' lang='lat' dir='ltr'><strong>nec</strong></span> <span class='ocrx_word' id='word_1_113' title='bbox 605 1861 773 1932; x_wconf 87' lang='lat' dir='ltr'><strong>fidendum</strong></span> <span class='ocrx_word' id='word_1_114' title='bbox 794 1873 842 1932; x_wconf 90' lang='lat' dir='ltr'><strong>est</strong></span> <span class='ocrx_word' id='word_1_115' title='bbox 861 1863 1047 1933; x_wconf 87' lang='lat' dir='ltr'><strong>auctoribus</strong></span> <span class='ocrx_word' id='word_1_116' title='bbox 1069 1863 1180 1931; x_wconf 90' lang='lat' dir='ltr'><strong>multis</strong></span> <span class='ocrx_word' id='word_1_117' title='bbox 1200 1863 1259 1954; x_wconf 92' lang='lat' dir='ltr'><strong>qni</strong></span> <span class='ocrx_word' id='word_1_118' title='bbox 1284 1860 1437 1952; x_wconf 88' lang='lat' dir='ltr'><strong>ejusmodi</strong></span> 
     </span>
     <span class='ocr_line' id='line_1_15' title="bbox 301 1961 1497 2061; baseline 0.007 -34"><span class='ocrx_word' id='word_1_119' title='bbox 301 1961 478 2034; x_wconf 89' lang='lat' dir='ltr'><strong>decisiones</strong></span> <span class='ocrx_word' id='word_1_120' title='bbox 500 1969 746 2038; x_wconf 86' lang='lat' dir='ltr'><strong>circumferunt.</strong></span> <span class='ocrx_word' id='word_1_121' title='bbox 766 1974 799 2037; x_wconf 77' lang='grc' dir='ltr'><strong>3ο</strong></span> <span class='ocrx_word' id='word_1_122' title='bbox 818 1967 1007 2040; x_wconf 88' lang='lat' dir='ltr'><strong>Videndum</strong></span> <span class='ocrx_word' id='word_1_123' title='bbox 1031 1978 1186 2061; x_wconf 79' lang='lat' dir='ltr'><strong>praeterea</strong></span> <span class='ocrx_word' id='word_1_124' title='bbox 1209 1975 1307 2056; x_wconf 90' lang='lat' dir='ltr'><strong>esset,</strong></span> <span class='ocrx_word' id='word_1_125' title='bbox 1331 1991 1375 2036; x_wconf 91' lang='lat' dir='ltr'><strong>an</strong></span> <span class='ocrx_word' id='word_1_126' title='bbox 1394 1989 1439 2034; x_wconf 91' lang='lat' dir='ltr'><strong>re-</strong></span> <span class='ocrx_word' id='word_1_127' title='bbox 1496 2043 1497 2054; x_wconf 36' lang='lat'><strong>,</strong></span> 
     </span>
     <span class='ocr_line' id='line_1_16' title="bbox 300 2072 1497 2168; baseline 0.004 -33"><span class='ocrx_word' id='word_1_128' title='bbox 300 2090 378 2137; x_wconf 86' lang='lat' dir='ltr'><strong>vera</strong></span> <span class='ocrx_word' id='word_1_129' title='bbox 405 2072 447 2142; x_wconf 89' lang='lat' dir='ltr'><strong>ad</strong></span> <span class='ocrx_word' id='word_1_130' title='bbox 472 2075 687 2164; x_wconf 70' lang='lat' dir='ltr'><strong>quaestionem</strong></span> <span class='ocrx_word' id='word_1_131' title='bbox 713 2077 799 2168; x_wconf 89' lang='lat' dir='ltr'><strong>juris</strong></span> <span class='ocrx_word' id='word_1_132' title='bbox 833 2078 1028 2166; x_wconf 87' lang='lat' dir='ltr'><strong>generaliter</strong></span> <span class='ocrx_word' id='word_1_133' title='bbox 1063 2075 1275 2146; x_wconf 88' lang='lat' dir='ltr'><strong>decidendum</strong></span> <span class='ocrx_word' id='word_1_134' title='bbox 1315 2075 1437 2142; x_wconf 78' lang='lat' dir='ltr'><strong>iaciant.</strong></span> <span class='ocrx_word' id='word_1_135' title='bbox 1496 2085 1497 2118; x_wconf 66' lang='lat'><strong>³</strong></span> 
     </span>
     <span class='ocr_line' id='line_1_17' title="bbox 301 2177 1497 2282; baseline 0.004 -40"><span class='ocrx_word' id='word_1_136' title='bbox 301 2179 335 2242; x_wconf 69' lang='lat'><strong>4⁰</strong></span> <span class='ocrx_word' id='word_1_137' title='bbox 350 2177 517 2248; x_wconf 85' lang='lat' dir='ltr'><strong>Habemus</strong></span> <span class='ocrx_word' id='word_1_138' title='bbox 531 2181 664 2272; x_wconf 89' lang='lat' dir='ltr'><strong>quidem</strong></span> <span class='ocrx_word' id='word_1_139' title='bbox 681 2182 847 2253; x_wconf 84' lang='lat' dir='ltr'><strong>decretum</strong></span> <span class='ocrx_word' id='word_1_140' title='bbox 863 2184 991 2252; x_wconf 91' lang='lat' dir='ltr'><strong>concilii</strong></span> <span class='ocrx_word' id='word_1_141' title='bbox 1007 2183 1147 2254; x_wconf 86' lang='lat' dir='ltr'><strong>Romani</strong></span> <span class='ocrx_word' id='word_1_142' title='bbox 1162 2183 1240 2252; x_wconf 90' lang='lat' dir='ltr'><strong>anni</strong></span> <span class='ocrx_word' id='word_1_143' title='bbox 1259 2185 1360 2268; x_wconf 83' lang='lat'><strong>1725,</strong></span> <span class='ocrx_word' id='word_1_144' title='bbox 1382 2203 1440 2271; x_wconf 90' lang='lat' dir='ltr'><strong>qun</strong></span> <span class='ocrx_word' id='word_1_145' title='bbox 1496 2203 1497 2282; x_wconf 70' lang='lat'>}</span> 
     </span>
     <span class='ocr_line' id='line_1_18' title="bbox 301 2285 1440 2386; baseline 0.006 -37"><span class='ocrx_word' id='word_1_146' title='bbox 301 2285 453 2354; x_wconf 88' lang='lat' dir='ltr'><strong>statuitur</strong></span> <span class='ocrx_word' id='word_1_147' title='bbox 476 2314 483 2354; x_wconf 93' lang='lat'><strong>:</strong></span> <span class='ocrx_word' id='word_1_148' title='bbox 500 2289 655 2380; x_wconf 77' lang='lat' dir='ltr'><strong>Episcopi</strong></span> <span class='ocrx_word' id='word_1_149' title='bbox 669 2290 703 2358; x_wconf 85' lang='lat' dir='ltr'><strong>in</strong></span> <span class='ocrx_word' id='word_1_150' title='bbox 723 2291 864 2358; x_wconf 85' lang='lat' dir='ltr'><strong>Viccrics</strong></span> <span class='ocrx_word' id='word_1_151' title='bbox 879 2291 1042 2382; x_wconf 60' lang='lat' dir='ltr'><strong>generales</strong></span> <span class='ocrx_word' id='word_1_152' title='bbox 1056 2313 1131 2358; x_wconf 86' lang='lat' dir='ltr'><strong>suos</strong></span> <span class='ocrx_word' id='word_1_153' title='bbox 1142 2293 1275 2382; x_wconf 76' lang='lat' dir='ltr'><strong>fratres,</strong></span> <span class='ocrx_word' id='word_1_154' title='bbox 1303 2301 1365 2356; x_wconf 85' lang='lat' dir='ltr'><strong>aut</strong></span> <span class='ocrx_word' id='word_1_155' title='bbox 1386 2310 1440 2386; x_wconf 66' lang='lat' dir='ltr'><strong>uc7</strong></span> 
     </span>
     <span class='ocr_line' id='line_1_19' title="bbox 297 2395 1438 2490; baseline 0.002 -32"><span class='ocrx_word' id='word_1_156' title='bbox 297 2406 402 2481; x_wconf 84' lang='lat' dir='ltr'><strong>potes,</strong></span> <span class='ocrx_word' id='word_1_157' title='bbox 428 2407 487 2462; x_wconf 85' lang='lat' dir='ltr'><strong>aut</strong></span> <span class='ocrx_word' id='word_1_158' title='bbox 503 2397 649 2488; x_wconf 75' lang='lat' dir='ltr'><strong>proprie</strong></span> <span class='ocrx_word' id='word_1_159' title='bbox 671 2398 861 2490; x_wconf 83' lang='lat' dir='ltr'><strong>episcopalis</strong></span> <span class='ocrx_word' id='word_1_160' title='bbox 882 2398 972 2466; x_wconf 81' lang='lat' dir='ltr'><strong>urbis</strong></span> <span class='ocrx_word' id='word_1_161' title='bbox 990 2397 1071 2466; x_wconf 86' lang='lat' dir='ltr'><strong>ciues</strong></span> <span class='ocrx_word' id='word_1_162' title='bbox 1093 2420 1161 2466; x_wconf 82' lang='lat' dir='ltr'><strong>non</strong></span> <span class='ocrx_word' id='word_1_163' title='bbox 1179 2397 1303 2488; x_wconf 66' lang='lat' dir='ltr'><strong>eliquat</strong></span> <span class='ocrx_word' id='word_1_164' title='bbox 1324 2395 1388 2487; x_wconf 86' lang='lat' dir='ltr'><strong>(tit.</strong></span> <span class='ocrx_word' id='word_1_165' title='bbox 1412 2398 1438 2479; x_wconf 89' lang='lat'><strong>8,</strong></span> 
     </span>
     <span class='ocr_line' id='line_1_20' title="bbox 301 2499 1440 2596; baseline 0.004 -33"><span class='ocrx_word' id='word_1_166' title='bbox 301 2520 370 2588; x_wconf 90' lang='lat' dir='ltr'><strong>cap.</strong></span> <span class='ocrx_word' id='word_1_167' title='bbox 389 2499 420 2591; x_wconf 87' lang='lat'><strong>2)</strong></span> <span class='ocrx_word' id='word_1_168' title='bbox 433 2526 443 2586; x_wconf 91' lang='lat'>;</span> <span class='ocrx_word' id='word_1_169' title='bbox 462 2511 494 2568; x_wconf 97' lang='grc'><strong>11</strong></span> <span class='ocrx_word' id='word_1_170' title='bbox 510 2503 655 2593; x_wconf 88' lang='lat' dir='ltr'><strong>synodus</strong></span> <span class='ocrx_word' id='word_1_171' title='bbox 670 2504 739 2572; x_wconf 82' lang='lat' dir='ltr'><strong>haec</strong></span> <span class='ocrx_word' id='word_1_172' title='bbox 753 2504 963 2596; x_wconf 89' lang='lat' dir='ltr'><strong>provincialis</strong></span> <span class='ocrx_word' id='word_1_173' title='bbox 978 2503 1151 2574; x_wconf 83' lang='lat' dir='ltr'><strong>dumtaxat</strong></span> <span class='ocrx_word' id='word_1_174' title='bbox 1159 2503 1244 2591; x_wconf 89' lang='lat' dir='ltr'><strong>fuit;</strong></span> <span class='ocrx_word' id='word_1_175' title='bbox 1260 2526 1297 2572; x_wconf 88' lang='lat' dir='ltr'><strong>nc</strong></span> <span class='ocrx_word' id='word_1_176' title='bbox 1311 2499 1440 2595; x_wconf 87' lang='lat' dir='ltr'><strong>proinde</strong></span> 
     </span>
     <span class='ocr_line' id='line_1_21' title="bbox 298 2603 1439 2703; baseline 0.004 -32"><span class='ocrx_word' id='word_1_177' title='bbox 298 2603 353 2694; x_wconf 88' lang='lat' dir='ltr'><strong>jus</strong></span> <span class='ocrx_word' id='word_1_178' title='bbox 377 2628 548 2679; x_wconf 89' lang='lat' dir='ltr'><strong>commune</strong></span> <span class='ocrx_word' id='word_1_179' title='bbox 570 2611 807 2681; x_wconf 88' lang='lat' dir='ltr'><strong>determinandi</strong></span> <span class='ocrx_word' id='word_1_180' title='bbox 831 2613 897 2680; x_wconf 86' lang='lat' dir='ltr'><strong>vim</strong></span> <span class='ocrx_word' id='word_1_181' title='bbox 920 2633 985 2690; x_wconf 88' lang='lat' dir='ltr'><strong>nou</strong></span> <span class='ocrx_word' id='word_1_182' title='bbox 1008 2613 1119 2699; x_wconf 90' lang='lat' dir='ltr'><strong>babet;</strong></span> <span class='ocrx_word' id='word_1_183' title='bbox 1142 2613 1294 2703; x_wconf 89' lang='lat' dir='ltr'><strong>quamvis</strong></span> <span class='ocrx_word' id='word_1_184' title='bbox 1319 2631 1439 2700; x_wconf 79' lang='lat' dir='ltr'><strong>magna</strong></span> 
     </span>
     <span class='ocr_line' id='line_1_22' title="bbox 301 2715 1441 2812; baseline 0.007 -35"><span class='ocrx_word' id='word_1_185' title='bbox 301 2715 499 2783; x_wconf 88' lang='lat' dir='ltr'><strong>auctoritatis</strong></span> <span class='ocrx_word' id='word_1_186' title='bbox 507 2717 547 2786; x_wconf 89' lang='lat' dir='ltr'><strong>sit</strong></span> <span class='ocrx_word' id='word_1_187' title='bbox 559 2719 720 2809; x_wconf 88' lang='lat' dir='ltr'><strong>ejusmodi</strong></span> <span class='ocrx_word' id='word_1_188' title='bbox 730 2720 928 2812; x_wconf 86' lang='lat' dir='ltr'><strong>provinciale</strong></span> <span class='ocrx_word' id='word_1_189' title='bbox 940 2719 1119 2806; x_wconf 89' lang='lat' dir='ltr'><strong>decretum,</strong></span> <span class='ocrx_word' id='word_1_190' title='bbox 1132 2719 1173 2787; x_wconf 91' lang='lat' dir='ltr'><strong>ad</strong></span> <span class='ocrx_word' id='word_1_191' title='bbox 1183 2718 1441 2812; x_wconf 87' lang='lat' dir='ltr'><strong>persuadendum</strong></span> 
     </span>
     <span class='ocr_line' id='line_1_23' title="bbox 301 2817 1441 2917; baseline 0.004 -32"><span class='ocrx_word' id='word_1_192' title='bbox 301 2817 469 2912; x_wconf 90' lang='lat' dir='ltr'><strong>Episcopis</strong></span> <span class='ocrx_word' id='word_1_193' title='bbox 486 2824 594 2892; x_wconf 89' lang='lat' dir='ltr'><strong>minus</strong></span> <span class='ocrx_word' id='word_1_194' title='bbox 609 2825 776 2917; x_wconf 86' lang='lat' dir='ltr'><strong>expedire,</strong></span> <span class='ocrx_word' id='word_1_195' title='bbox 793 2826 959 2895; x_wconf 87' lang='lat' dir='ltr'><strong>ordinarie</strong></span> <span class='ocrx_word' id='word_1_196' title='bbox 979 2828 1109 2915; x_wconf 87' lang='lat' dir='ltr'><strong>saltem,</strong></span> <span class='ocrx_word' id='word_1_197' title='bbox 1126 2836 1163 2894; x_wconf 93' lang='lat' dir='ltr'><strong>nt</strong></span> <span class='ocrx_word' id='word_1_198' title='bbox 1187 2825 1441 2915; x_wconf 87' lang='lat' dir='ltr'><strong>consanguineos</strong></span> 
     </span>
     <span class='ocr_line' id='line_1_24' title="bbox 302 2925 1442 3024; baseline 0.006 -33"><span class='ocrx_word' id='word_1_199' title='bbox 302 2925 343 2992; x_wconf 89' lang='lat' dir='ltr'><strong>ad</strong></span> <span class='ocrx_word' id='word_1_200' title='bbox 363 2926 488 2998; x_wconf 88' lang='lat' dir='ltr'><strong>dictum</strong></span> <span class='ocrx_word' id='word_1_201' title='bbox 509 2929 650 3000; x_wconf 90' lang='lat' dir='ltr'><strong>officium</strong></span> <span class='ocrx_word' id='word_1_202' title='bbox 676 2933 843 3024; x_wconf 87' lang='lat' dir='ltr'><strong>deputent.</strong></span> <span class='ocrx_word' id='word_1_203' title='bbox 876 2938 908 3000; x_wconf 72' lang='lat'><strong>5⁰</strong></span> <span class='ocrx_word' id='word_1_204' title='bbox 932 2934 1017 3003; x_wconf 85' lang='lat' dir='ltr'><strong>Cum</strong></span> <span class='ocrx_word' id='word_1_205' title='bbox 1044 2956 1123 3024; x_wconf 88' lang='lat' dir='ltr'><strong>ergo</strong></span> <span class='ocrx_word' id='word_1_206' title='bbox 1149 2943 1236 3003; x_wconf 86' lang='lat' dir='ltr'><strong>certo</strong></span> <span class='ocrx_word' id='word_1_207' title='bbox 1266 2932 1350 3001; x_wconf 91' lang='lat' dir='ltr'><strong>illud</strong></span> <span class='ocrx_word' id='word_1_208' title='bbox 1377 2931 1442 2998; x_wconf 93' lang='lat' dir='ltr'><strong>lici·</strong></span> 
     </span>
     <span class='ocr_line' id='line_1_25' title="bbox 302 3035 1498 3132; baseline 0.002 -33"><span class='ocrx_word' id='word_1_209' title='bbox 302 3039 371 3100; x_wconf 91' lang='lat' dir='ltr'><strong>tum</strong></span> <span class='ocrx_word' id='word_1_210' title='bbox 387 3035 441 3122; x_wconf 93' lang='lat' dir='ltr'><strong>sit,</strong></span> <span class='ocrx_word' id='word_1_211' title='bbox 459 3038 545 3128; x_wconf 93' lang='lat' dir='ltr'><strong>quod</strong></span> <span class='ocrx_word' id='word_1_212' title='bbox 562 3039 652 3107; x_wconf 89' lang='lat' dir='ltr'><strong>nulla</strong></span> <span class='ocrx_word' id='word_1_213' title='bbox 667 3041 738 3130; x_wconf 88' lang='lat' dir='ltr'><strong>lege</strong></span> <span class='ocrx_word' id='word_1_214' title='bbox 752 3041 829 3108; x_wconf 88' lang='lat' dir='ltr'><strong>satis</strong></span> <span class='ocrx_word' id='word_1_215' title='bbox 844 3048 921 3109; x_wconf 87' lang='lat' dir='ltr'><strong>nota</strong></span> <span class='ocrx_word' id='word_1_216' title='bbox 934 3040 999 3109; x_wconf 89' lang='lat' dir='ltr'><strong>luit</strong></span> <span class='ocrx_word' id='word_1_217' title='bbox 1017 3040 1233 3132; x_wconf 90' lang='lat' dir='ltr'><strong>prohibitum,</strong></span> <span class='ocrx_word' id='word_1_218' title='bbox 1251 3038 1354 3108; x_wconf 91' lang='lat' dir='ltr'><strong>donec</strong></span> <span class='ocrx_word' id='word_1_219' title='bbox 1368 3036 1442 3106; x_wconf 90' lang='lat' dir='ltr'><strong>mibi</strong></span> <span class='ocrx_word' id='word_1_220' title='bbox 1497 3073 1498 3102; x_wconf 66' lang='lat'>1</span> 
     </span>
     <span class='ocr_line' id='line_1_26' title="bbox 302 3138 1442 3238; baseline 0.005 -33"><span class='ocrx_word' id='word_1_221' title='bbox 302 3138 387 3208; x_wconf 87' lang='lat' dir='ltr'><strong>clara</strong></span> <span class='ocrx_word' id='word_1_222' title='bbox 416 3141 594 3213; x_wconf 86' lang='lat' dir='ltr'><strong>innotescat</strong></span> <span class='ocrx_word' id='word_1_223' title='bbox 624 3145 733 3238; x_wconf 88' lang='lat' dir='ltr'><strong>aliqua</strong></span> <span class='ocrx_word' id='word_1_224' title='bbox 757 3147 792 3214; x_wconf 95' lang='lat' dir='ltr'><strong>in</strong></span> <span class='ocrx_word' id='word_1_225' title='bbox 821 3147 1024 3216; x_wconf 89' lang='lat' dir='ltr'><strong>contrarium</strong></span> <span class='ocrx_word' id='word_1_226' title='bbox 1058 3146 1235 3238; x_wconf 74' lang='lat' dir='ltr'><strong>pontificias</strong></span> <span class='ocrx_word' id='word_1_227' title='bbox 1271 3144 1442 3213; x_wconf 89' lang='lat' dir='ltr'><strong>anctorita-</strong></span> 
     </span>
     <span class='ocr_line' id='line_1_27' title="bbox 303 3247 1441 3343; baseline 0.004 -31"><span class='ocrx_word' id='word_1_228' title='bbox 303 3247 344 3313; x_wconf 89' lang='lat' dir='ltr'><strong>tis</strong></span> <span class='ocrx_word' id='word_1_229' title='bbox 358 3247 529 3339; x_wconf 89' lang='lat' dir='ltr'><strong>ordinatio,</strong></span> <span class='ocrx_word' id='word_1_230' title='bbox 547 3252 615 3321; x_wconf 87' lang='lat' dir='ltr'><strong>vim</strong></span> <span class='ocrx_word' id='word_1_231' title='bbox 634 3251 715 3343; x_wconf 87' lang='lat' dir='ltr'><strong>legis</strong></span> <span class='ocrx_word' id='word_1_232' title='bbox 739 3254 929 3323; x_wconf 89' lang='lat' dir='ltr'><strong>universalis</strong></span> <span class='ocrx_word' id='word_1_233' title='bbox 950 3253 1086 3341; x_wconf 87' lang='lat' dir='ltr'><strong>habens,</strong></span> <span class='ocrx_word' id='word_1_234' title='bbox 1111 3253 1321 3343; x_wconf 85' lang='lat' dir='ltr'><strong>illegitimum</strong></span> <span class='ocrx_word' id='word_1_235' title='bbox 1344 3251 1441 3322; x_wconf 83' lang='lat' dir='ltr'><strong>Vica-</strong></span> 
     </span>
     <span class='ocr_line' id='line_1_28' title="bbox 303 3354 1440 3452; baseline 0.002 -31"><span class='ocrx_word' id='word_1_236' title='bbox 303 3354 390 3422; x_wconf 87' lang='lat' dir='ltr'><strong>rium</strong></span> <span class='ocrx_word' id='word_1_237' title='bbox 416 3359 600 3446; x_wconf 85' lang='lat' dir='ltr'><strong>generalem</strong></span> <span class='ocrx_word' id='word_1_238' title='bbox 623 3361 835 3451; x_wconf 90' lang='lat' dir='ltr'><strong>pronuntiare</strong></span> <span class='ocrx_word' id='word_1_239' title='bbox 861 3383 925 3430; x_wconf 90' lang='lat' dir='ltr'><strong>non</strong></span> <span class='ocrx_word' id='word_1_240' title='bbox 950 3359 1089 3449; x_wconf 91' lang='lat' dir='ltr'><strong>audebo,</strong></span> <span class='ocrx_word' id='word_1_241' title='bbox 1122 3370 1274 3452; x_wconf 86' lang='lat' dir='ltr'><strong>nepotem</strong></span> <span class='ocrx_word' id='word_1_242' title='bbox 1304 3359 1440 3428; x_wconf 84' lang='lat' dir='ltr'><strong>aliumve</strong></span> 
     </span>
     <span class='ocr_line' id='line_1_29' title="bbox 303 3465 1441 3560; baseline 0.005 -31"><span class='ocrx_word' id='word_1_243' title='bbox 303 3465 580 3553; x_wconf 85' lang='lat' dir='ltr'><strong>consanguineum</strong></span> <span class='ocrx_word' id='word_1_244' title='bbox 596 3466 758 3560; x_wconf 90' lang='lat' dir='ltr'><strong>Episcopi,</strong></span> <span class='ocrx_word' id='word_1_245' title='bbox 777 3467 874 3536; x_wconf 90' lang='lat' dir='ltr'><strong>modo</strong></span> <span class='ocrx_word' id='word_1_246' title='bbox 889 3467 967 3536; x_wconf 85' lang='lat' dir='ltr'><strong>alias</strong></span> <span class='ocrx_word' id='word_1_247' title='bbox 982 3466 1195 3559; x_wconf 86' lang='lat' dir='ltr'><strong>qualitatibus</strong></span> <span class='ocrx_word' id='word_1_248' title='bbox 1207 3489 1226 3534; x_wconf 99' lang='grc'><strong>1</strong></span> <span class='ocrx_word' id='word_1_249' title='bbox 1239 3468 1316 3558; x_wconf 90' lang='lat' dir='ltr'><strong>jure</strong></span> <span class='ocrx_word' id='word_1_250' title='bbox 1337 3465 1441 3557; x_wconf 89' lang='lat' dir='ltr'><strong>requi-</strong></span> 
     </span>
     <span class='ocr_line' id='line_1_30' title="bbox 303 3570 582 3642; baseline 0.022 -6"><span class='ocrx_word' id='word_1_251' title='bbox 303 3570 372 3639; x_wconf 86' lang='lat' dir='ltr'><strong>sitis</strong></span> <span class='ocrx_word' id='word_1_252' title='bbox 386 3593 451 3640; x_wconf 92' lang='lat' dir='ltr'><strong>non</strong></span> <span class='ocrx_word' id='word_1_253' title='bbox 466 3583 582 3642; x_wconf 90' lang='lat' dir='ltr'><strong>careat.</strong></span> 
     </span>
    </p>

    <p class='ocr_par' dir='ltr' id='par_1_4' title="bbox 303 3678 1440 4309">
     <span class='ocr_line' id='line_1_31' title="bbox 347 3678 1440 3773; baseline -0.005 -23"><span class='ocrx_word' id='word_1_254' title='bbox 347 3681 492 3763; x_wconf 78' lang='lat' dir='ltr'><strong>Quasrro</strong></span> <span class='ocrx_word' id='word_1_255' title='bbox 509 3685 554 3749; x_wconf 70' lang='lat'><strong>9⁸.</strong></span> <span class='ocrx_word' id='word_1_256' title='bbox 580 3683 694 3751; x_wconf 84' lang='lat' dir='ltr'><strong>-An</strong></span> <span class='ocrx_word' id='word_1_257' title='bbox 720 3682 920 3773; x_wconf 79' lang='lat' dir='ltr'><strong>oriqincrius</strong></span> <span class='ocrx_word' id='word_1_258' title='bbox 945 3682 1086 3750; x_wconf 82' lang='lat' dir='ltr'><strong>ciuitatis</strong></span> <span class='ocrx_word' id='word_1_259' title='bbox 1110 3682 1163 3750; x_wconf 83' lang='lat' dir='ltr'><strong>vet</strong></span> <span class='ocrx_word' id='word_1_260' title='bbox 1183 3681 1326 3750; x_wconf 77' lang='lat' dir='ltr'><strong>dioecesis</strong></span> <span class='ocrx_word' id='word_1_261' title='bbox 1346 3678 1440 3773; x_wconf 81' lang='lat' dir='ltr'><strong>possit</strong></span> 
     </span>
     <span class='ocr_line' id='line_1_32' title="bbox 303 3787 1437 3881; baseline -0.005 -25"><span class='ocrx_word' id='word_1_262' title='bbox 303 3811 366 3856; x_wconf 81' lang='grc'><strong>1111</strong></span> <span class='ocrx_word' id='word_1_263' title='bbox 387 3788 533 3856; x_wconf 82' lang='lat' dir='ltr'><strong>Vicarius</strong></span> <span class='ocrx_word' id='word_1_264' title='bbox 544 3788 691 3880; x_wconf 78' lang='lat' dir='ltr'><strong>peneral&#39;</strong></span> <span class='ocrx_word' id='word_1_265' title='bbox 711 3795 786 3857; x_wconf 59' lang='lat' dir='ltr'><strong>l-</strong></span> <span class='ocrx_word' id='word_1_266' title='bbox 802 3789 970 3881; x_wconf 89' lang='lat' dir='ltr'><strong>Frequens</strong></span> <span class='ocrx_word' id='word_1_267' title='bbox 983 3798 1031 3858; x_wconf 87' lang='lat' dir='ltr'><strong>est</strong></span> <span class='ocrx_word' id='word_1_268' title='bbox 1047 3787 1213 3858; x_wconf 86' lang='lat' dir='ltr'><strong>hodiernis</strong></span> <span class='ocrx_word' id='word_1_269' title='bbox 1230 3789 1437 3881; x_wconf 88' lang='lat' dir='ltr'><strong>temporibus,</strong></span> 
     </span>
     <span class='ocr_line' id='line_1_33' title="bbox 303 3889 1437 3989; baseline -0.002 -28"><span class='ocrx_word' id='word_1_270' title='bbox 303 3895 391 3986; x_wconf 89' lang='lat' dir='ltr'><strong>apud</strong></span> <span class='ocrx_word' id='word_1_271' title='bbox 413 3896 644 3965; x_wconf 89' lang='lat' dir='ltr'><strong>nonnullarum</strong></span> <span class='ocrx_word' id='word_1_272' title='bbox 664 3896 848 3987; x_wconf 83' lang='lat' dir='ltr'><strong>Regionum</strong></span> <span class='ocrx_word' id='word_1_273' title='bbox 864 3896 1010 3985; x_wconf 86' lang='lat' dir='ltr'><strong>Glernm,</strong></span> <span class='ocrx_word' id='word_1_274' title='bbox 1039 3894 1149 3966; x_wconf 91' lang='lat' dir='ltr'><strong>audiri</strong></span> <span class='ocrx_word' id='word_1_275' title='bbox 1174 3897 1336 3989; x_wconf 88' lang='lat' dir='ltr'><strong>querelas,</strong></span> <span class='ocrx_word' id='word_1_276' title='bbox 1359 3889 1437 3986; x_wconf 90' lang='lat' dir='ltr'><strong>qnod</strong></span> 
     </span>
     <span class='ocr_line' id='line_1_34' title="bbox 305 4001 1434 4096; baseline -0.006 -26"><span class='ocrx_word' id='word_1_277' title='bbox 305 4001 456 4096; x_wconf 88' lang='lat' dir='ltr'><strong>Episcopi</strong></span> <span class='ocrx_word' id='word_1_278' title='bbox 476 4003 511 4072; x_wconf 91' lang='lat' dir='ltr'><strong>in</strong></span> <span class='ocrx_word' id='word_1_279' title='bbox 531 4003 678 4073; x_wconf 91' lang='lat' dir='ltr'><strong>Vicarios</strong></span> <span class='ocrx_word' id='word_1_280' title='bbox 698 4004 887 4093; x_wconf 78' lang='lat' dir='ltr'><strong>generales„</strong></span> <span class='ocrx_word' id='word_1_281' title='bbox 903 4027 969 4072; x_wconf 92' lang='lat' dir='ltr'><strong>non</strong></span> <span class='ocrx_word' id='word_1_282' title='bbox 993 4002 1205 4089; x_wconf 71' lang='lat' dir='ltr'><strong>dioecesanos,</strong></span> <span class='ocrx_word' id='word_1_283' title='bbox 1227 4003 1283 4071; x_wconf 89' lang='lat' dir='ltr'><strong>sed</strong></span> <span class='ocrx_word' id='word_1_284' title='bbox 1305 4011 1434 4082; x_wconf 82' lang='lat' dir='ltr'><strong>exteros,</strong></span> 
     </span>
     <span class='ocr_line' id='line_1_35' title="bbox 304 4109 1432 4202; baseline 0.002 -27"><span class='ocrx_word' id='word_1_285' title='bbox 304 4109 368 4176; x_wconf 87' lang='lat' dir='ltr'><strong>sibi</strong></span> <span class='ocrx_word' id='word_1_286' title='bbox 383 4121 554 4179; x_wconf 83' lang='lat' dir='ltr'><strong>accersant.</strong></span> <span class='ocrx_word' id='word_1_287' title='bbox 572 4111 697 4194; x_wconf 85' lang='lat' dir='ltr'><strong>Quibus</strong></span> <span class='ocrx_word' id='word_1_288' title='bbox 712 4119 797 4179; x_wconf 87' lang='lat' dir='ltr'><strong>certe</strong></span> <span class='ocrx_word' id='word_1_289' title='bbox 812 4111 1028 4202; x_wconf 88' lang='lat' dir='ltr'><strong>querimoniis</strong></span> <span class='ocrx_word' id='word_1_290' title='bbox 1041 4111 1149 4202; x_wconf 88' lang='lat' dir='ltr'><strong>palam</strong></span> <span class='ocrx_word' id='word_1_291' title='bbox 1171 4113 1220 4198; x_wconf 85' lang='lat' dir='ltr'><strong>lit,</strong></span> <span class='ocrx_word' id='word_1_292' title='bbox 1243 4132 1309 4179; x_wconf 93' lang='lat' dir='ltr'><strong>non</strong></span> <span class='ocrx_word' id='word_1_293' title='bbox 1329 4125 1432 4202; x_wconf 84' lang='lat' dir='ltr'><strong>parum</strong></span> 
     </span>
     <span class='ocr_line' id='line_1_36' title="bbox 304 4213 1433 4309; baseline -0.006 -24"><span class='ocrx_word' id='word_1_294' title='bbox 304 4217 487 4307; x_wconf 86' lang='lat' dir='ltr'><strong>neglectum</strong></span> <span class='ocrx_word' id='word_1_295' title='bbox 500 4217 601 4287; x_wconf 84' lang='lat' dir='ltr'><strong>fuisse</strong></span> <span class='ocrx_word' id='word_1_296' title='bbox 614 4239 714 4287; x_wconf 83' lang='lat' dir='ltr'><strong>sacrae</strong></span> <span class='ocrx_word' id='word_1_297' title='bbox 731 4217 912 4309; x_wconf 76' lang='lat' dir='ltr'><strong>disciplinae</strong></span> <span class='ocrx_word' id='word_1_298' title='bbox 926 4215 1094 4288; x_wconf 88' lang='lat' dir='ltr'><strong>studium:</strong></span> <span class='ocrx_word' id='word_1_299' title='bbox 1120 4217 1148 4288; x_wconf 91' lang='lat' dir='ltr'><strong>si</strong></span> <span class='ocrx_word' id='word_1_300' title='bbox 1163 4216 1252 4288; x_wconf 87' lang='lat' dir='ltr'><strong>enim</strong></span> <span class='ocrx_word' id='word_1_301' title='bbox 1274 4217 1326 4288; x_wconf 90' lang='lat' dir='ltr'><strong>vel</strong></span> <span class='ocrx_word' id='word_1_302' title='bbox 1342 4213 1433 4284; x_wconf 89' lang='lat' dir='ltr'><strong>obiter</strong></span> 
     </span>
    </p>
   </div>
   <div class='ocr_carea' id='block_1_3' title="bbox 0 0 1525 4980">
    <p class='ocr_par' dir='ltr' id='par_1_5' title="bbox 0 0 1525 4980">
     <span class='ocr_line' id='line_1_37' title="bbox 0 0 1525 4980; baseline 0 0"><span class='ocrx_word' id='word_1_303' title='bbox 0 0 1525 4980; x_wconf 95' lang='lat' dir='ltr'><strong> </strong></span> 
     </span>
    </p>
   </div>
  </div>
 </body>
</html>
