3030 4980
275 385 336 448 358
650 407 826 454 reserares
848 404 887 452 or
908 407 1042 476 moreris.

274 526 389 618 peritia
402 527 522 619 injuste
539 537 615 618 agat
630 528 782 598 Vicarius
796 527 969 618 generalis,
985 551 1191 622 nequaquam
1208 530 1297 599 hunc
1311 531 1418 600 deiec-

274 641 343 702 tum
371 657 469 704 suum
491 635 597 706 lacere
616 645 766 706 censetur
791 635 970 729 Episcopus
977 663 987 724 3
1010 637 1078 706 imo
1104 637 1196 706 illum
1219 659 1368 707 coercere
1388 645 1418 707 ct

274 740 390 834 punire
405 751 509 834 potest
526 771 534 812 ι
551 743 608 812 sed
620 752 729 814 tamen
746 745 940 834 regulariter
953 744 1125 814 habebitur
1140 754 1230 814 actus
1242 745 1299 813 ille
1310 745 1417 838 quoad

274 845 423 918 effectum
436 850 534 940 juris,
550 861 706 944 tanquam
721 852 749 920 si
763 853 804 920 ab
818 851 979 944 Episcopo
994 850 1179 944 prodiisset.

316 957 502 1028 Paoeosrrro
517 958 590 1028 lXt.
614 997 658 1014 -
678 960 825 1029 Viccrius
845 959 1002 1051 poteratis
1021 959 1178 1051 Episcopi
1190 971 1274 1028 recte
1289 959 1421 1052 desituri

268 1075 378 1154 potest
392 1091 403 1131 :
419 1065 563 1156 lepitimc
576 1066 751 1159 deputatus
765 1067 812 1136 od
823 1065 1037 1135 ccuccudom
1051 1067 1420 1159 poreroliterjunsdic-

274 1171 394 1240 tionem
408 1173 622 1266 episcopalem
637 1175 704 1243 vice
717 1175 883 1267 Episcopi,
901 1186 931 1242 ct
946 1175 996 1242 ita
1010 1187 1049 1242 ut
1070 1186 1163 1243 octus
1178 1175 1250 1267 ejus
1269 1173 1312 1242 cb
1332 1174 1420 1266 Epi-

273 1301 368 1370 scopo
379 1281 671 1371 pertimescuntur.
683 1283 860 1351 -Dicitur
874 1286 907 1349 1·
921 1281 1065 1373 lepitimc
1076 1281 1349 1373 deputatus,·non
1359 1305 1422 1350 au-

274 1392 339 1452 tem
353 1385 484 1456 additur
498 1389 540 1456 ab
553 1390 716 1482 Episcopo
733 1412 845 1476 :nam,
860 1398 896 1458 ut
910 1389 997 1458 inira
1010 1387 1230 1475 ostendemus,
1244 1396 1352 1480 posset
1362 1389 1421 1456 ab·

275 1491 378 1560 solute
392 1495 545 1564 constitui
560 1519 580 1564 a
594 1497 684 1588 Papa
697 1519 794 1566 verus
807 1496 961 1567 Vicarins
975 1495 1136 1585 generalis
1151 1495 1316 1587 Episcopi.
1334 1495 1421 1563 Dici·
1499 1493 1500 1520 l

275 1606 330 1667 tur
344 1603 377 1666 2⁰
401 1600 448 1670 ad
467 1603 680 1672 exurendam
696 1603 961 1695 jurisdictionem
979 1603 1205 1694 episcopalem,
1229 1625 1305 1692 qum
1328 1624 1421 1669 voces

274 1706 464 1797 exprimunt
479 1733 584 1799 genus
605 1735 779 1782 commune
800 1721 871 1780 tum
894 1711 1000 1781 officio
1015 1710 1138 1780 Vicarii
1159 1709 1334 1798 generalis,
1353 1719 1421 1777 tum

274 1814 347 1882 aliis
358 1815 473 1885 officiis
485 1819 605 1909 quibus
616 1842 823 1911 quocumque
837 1817 930 1887 titulo
939 1827 971 1886 et
985 1816 1082 1886 modo
1093 1818 1245 1907 competit
1255 1817 1423 1908 episcopa-

275 1918 315 1986 ns
327 1920 566 2010 jurisdictionis
580 1926 786 1994 exercitium.
804 1924 1180 2014 conterrurqmerauur
1194 1951 1204 1990 .·
1220 1931 1252 1992 e
1265 1923 1423 1993 siavia·
1502 1903 1503 1944 ¹

275 2025 345 2093 rius
365 2029 525 2116 generalis
543 2029 757 2122 distinguitur
777 2032 819 2100 ab
843 2032 883 2098 iis
906 2031 964 2122 qui
990 2029 1138 2099 eamdem
1161 2028 1423 2121 jurisdictionem

275 2154 427 2202 exercere
443 2147 620 2227 nequeunt,
637 2139 701 2206 nisi
715 2138 850 2208 limitato
865 2137 972 2228 quoad
989 2145 1092 2206 certas
1103 2159 1217 2204 causas
1229 2145 1288 2204 ant
1302 2145 1423 2204 certam

275 2239 423 2310 diocessis
444 2252 582 2333 partem.
607 2249 641 2313 4⁰
656 2245 782 2314 Dicitur
805 2245 870 2314 cicc
881 2245 1049 2336 Episcopi,
1074 2243 1195 2335 quibus
1211 2242 1321 2313 verbis
1336 2243 1423 2310 vica-

275 2349 377 2418 rietus
398 2351 559 2440 generalis
575 2353 782 2443 restringitur
797 2353 838 2420 ad
854 2352 994 2443 speciem
1012 2350 1248 2442 jurisdictionis
1271 2350 1424 2418 ministe-

275 2457 366 2526 rialis
387 2481 444 2527 seu
467 2459 641 2548 vicarialis,
665 2483 730 2528 non
753 2470 863 2530 tamen
886 2459 993 2528 adhuc
1008 2457 1224 2548 distinguitur
1246 2481 1265 2525 a
1286 2458 1424 2528 diversis

144 2585 148 2594 ’
275 2564 474 2657 quibusdam
490 2565 616 2652 officiis,
634 2567 727 2636 verbi
742 2568 858 2655 gratia,
878 2565 1101 2654 delegatorum
1117 2564 1320 2653 generalium
1342 2565 1424 2656 Epi-

275 2673 376 2764 scopi,
394 2673 515 2764 quibus
529 2675 627 2743 etiam
643 2675 794 2766 competit
810 2683 846 2742 ut
858 2674 1120 2766 jurisdictionem
1135 2673 1353 2764 episcopalem
1368 2696 1424 2762 ge·

276 2779 428 2848 ncraliter
441 2790 472 2848 et
488 2781 686 2850 vicarialiter
703 2791 886 2849 exerceant.
906 2784 938 2848 5⁰
950 2779 1096 2848 Tandem
1109 2778 1242 2848 additur
1253 2780 1303 2848 ita
1318 2793 1356 2848 ut
1370 2804 1423 2848 oc-
1504 2777 1505 2818 ³

276 2900 329 2955 tus
343 2889 416 2978 ejus
428 2888 470 2956 ab
485 2890 647 2980 Episcopo
659 2891 741 2980 pesti
751 2900 943 2956 censeantur
951 2913 965 2969 ;
974 2910 1049 2978 quae
1064 2896 1140 2955 nota
1154 2909 1212 2956 seu
1228 2889 1421 2978 proprietas,

276 3003 386 3085 utpote
400 2995 461 3064 soli
484 2995 616 3065 Vicario
639 2996 784 3086 generali
806 2995 957 3086 Episcopi
977 2995 1185 3082 conveniens,
1212 2993 1311 3063 officii
1326 2995 1424 3085 hujus

276 3124 387 3170 veram
402 3101 569 3172 notionem
583 3103 757 3172 ultimatim
772 3102 979 3172 determinat.

321 3208 407 3277 Satis
422 3217 531 3278 eutem
547 3219 633 3302 patet
648 3210 851 3302 praemissam
867 3207 1091 3277 definitionem
1109 3230 1176 3276 nou
1195 3231 1264 3277 esse
1280 3209 1426 3276 arbitra-

277 3316 372 3398 riam,
390 3317 445 3384 sed
461 3339 576 3387 revere
594 3319 779 3410 exprimere
794 3317 828 3385 id
848 3315 936 3410 quod
952 3341 993 3385 ex
1010 3316 1179 3386 communi
1191 3316 1350 3406 loquendi
1364 3339 1424 3386 usu

276 3446 335 3515 per
348 3424 517 3494 Vicarium
532 3426 718 3515 generalem
732 3425 885 3517 Episcopi
898 3422 1103 3513 intelligitur.
1117 3421 1261 3490 Aliunde
1274 3423 1426 3491 convenit

278 3533 335 3601 toti
358 3531 508 3611 definit03
524 3533 552 3599 si
575 3533 708 3624 quidem
731 3533 772 3599 de
792 3530 939 3624 quolibet
959 3531 1089 3600 Vicario
1109 3530 1255 3620 generali
1275 3529 1426 3621 Episcopi

276 3662 391 3708 verum
410 3640 583 3732 reperitur,
600 3638 688 3732 quod
704 3639 745 3709 sit
759 3637 935 3731 deputatus
948 3636 995 3706 cd
1008 3636 1221 3706 exercendam
1231 3637 1427 3728 pecualiter

270 3747 540 3838 jurisdictionem
559 3745 773 3838 episcopalem
788 3747 856 3814 cicc
871 3744 1038 3836 Episcopi,
1056 3753 1088 3812 et
1109 3743 1197 3835 quod
1213 3743 1317 3834 ipsius
1336 3757 1427 3812 crtus

277 3868 469 3924 censeantur
490 3854 531 3922 od
550 3855 621 3945 ipso
642 3854 804 3946 Episcopo
820 3853 913 3944 pesti.
931 3852 1070 3943 Insuper
1086 3849 1237 3920 convenit
1261 3850 1324 3919 soli
1346 3849 1427 3918 defi·

278 3961 361 4042 nito;
389 3961 550 4052 siquidem
576 3961 687 4030 nullus
711 3970 771 4048 est,
798 3967 915 4051 praeler
941 3957 1125 4048 generalem
1149 3957 1302 4050 Episcopi
1327 3958 1422 4028 Vica-

276 4069 377 4156 rium,
394 4067 513 4160 dequo
529 4068 592 4138 dici
605 4092 679 4137 cum
693 4068 825 4136 veritate
840 4067 940 4158 possit
953 4063 1043 4156 quod
1059 4065 1095 4132 in
1111 4065 1300 4134 definitione
1315 4065 1422 4156 expri-

278 4177 389 4246 mitur.
405 4175 500 4245 Unde
514 4176 660 4266 legitima
680 4174 809 4246 videtur
825 4173 911 4242 dicta
926 4172 1088 4242 delinitio.
