3030 4980
527 483 599 528 rans
627 483 773 530 securos.
1157 464 1219 530 tir

74 627 170 676 suam
199 605 393 675 sententiam
421 605 601 694 corrigere,
630 605 841 695 quantumvis
867 605 988 695 injusta
1014 605 1132 690 fuerit,
1166 630 1224 674 nec

74 713 195 805 poterit
210 713 354 782 validam
369 712 495 781 Vicarii
513 713 565 780 sui
583 712 775 780 sententiam
797 712 970 800 corrigere,
989 713 1048 780 etsi
1066 737 1137 781 earu
1160 715 1224 780 ini-

74 845 176 911 quam
192 820 366 903 existimet.
384 818 487 887 Porro
506 826 631 886 certum
651 827 700 884 est
720 827 752 886 et
772 827 865 886 extra
882 841 1011 887 omnem
1034 829 1225 888 controver-

75 927 160 996 siam
176 929 330 1018 positum,
347 949 412 994 non
429 948 521 1016 posse
536 925 725 992 sententiam
745 925 786 992 ab
805 925 964 1016 Episcopo
984 924 1091 994 valide
1114 928 1225 1017 prola-

76 1045 158 1121 tam,
187 1035 397 1126 quantumvis
423 1033 545 1125 injusta
572 1034 627 1118 sit,
653 1035 694 1100 ab
725 1056 764 1101 eo
790 1034 936 1102 revocari
961 1041 1017 1102 aut
1043 1019 1223 1104 immutari.

74 1144 162 1212 Nam
176 1142 311 1233 quilibet
326 1141 521 1209 Ordinarius
537 1163 594 1231 per
609 1140 799 1208 sententiam
813 1139 1015 1210 definitivam
1039 1142 1119 1230 (sive
1136 1142 1225 1233 justa

74 1252 146 1319 sive
169 1248 291 1340 injusta
313 1247 424 1334 luerit,
449 1247 676 1316 modulamen
701 1268 767 1315 non
789 1247 830 1315 sit
850 1248 921 1337 ipso
944 1247 1019 1338 jure
1041 1249 1142 1338 nulla)
1165 1249 1223 1340 (1),

74 1365 227 1426 censetur
241 1355 347 1424 officio
369 1378 429 1423 suo
445 1355 596 1434 functus;
614 1355 659 1422 ita
676 1363 713 1420 ut
730 1354 799 1444 jam
822 1355 913 1422 omni
932 1354 1158 1444 jurisdictione
1172 1382 1225 1427 ca-

74 1473 147 1532 reat
161 1464 203 1532 ad
219 1460 477 1553 cognoscendum
495 1462 534 1530 de
556 1485 653 1530 causa
671 1462 712 1530 ab
734 1463 805 1552 ipso
827 1461 994 1530 definitive
1014 1462 1169 1553 judicata,
1195 1477 1226 1536 et

75 1581 144 1640 totu
169 1571 353 1662 jurisdictio
387 1569 428 1637 ad
449 1569 709 1657 cognoscendum
737 1567 844 1637 denuo
857 1569 897 1637 de
924 1567 1036 1636 eadem
1061 1593 1157 1639 carisa
1184 1574 1226 1642 ad

72 1676 220 1768 judicem
234 1676 460 1768 appellationis
475 1674 679 1744 devolvatur.
702 1673 797 1742 Unde
812 1697 925 1743 revera
952 1684 1079 1744 tenetur
1092 1678 1226 1768 Episco-

76 1807 141 1876 pus
166 1807 209 1852 ex
232 1783 411 1852 definitivis
437 1782 604 1850 sententiis
627 1781 799 1850 aVicario
823 1805 883 1852 suo
905 1781 1011 1850 valide
1026 1784 1174 1875 prolatis3
1193 1787 1225 1856 id

75 1901 138 1976 est,
156 1890 340 1960 nullatenus
355 1891 441 1958 valet
454 1913 507 1958 eas
523 1890 700 1957 immutare
712 1899 769 1956 aut
784 1889 977 1958 rescindere.

121 2001 266 2081 Quasno
281 2003 328 2067 le.
344 2037 389 2050 —
403 2001 454 2068 Aa
475 2013 506 2066 ct
524 1996 685 2089 quomodo
710 1997 890 2088 Episcopus
909 2011 1057 2066 tencatur
1079 2025 1119 2068 cc
1146 2004 1226 2071 ocris

67 2106 397 2199 y'urisdr'ctr'orralibus
415 2105 535 2172 Vicurir'
549 2105 604 2172 rui
618 2103 934 2195 extra-judicialiter
944 2107 1225 2196 partiat-Vide-

74 2229 132 2284 tur
148 2213 335 2298 dicendum,
350 2236 404 2281 eos
421 2212 548 2283 Vicarii
562 2212 723 2300 generalis
738 2211 1019 2302 extra-judiciales
1030 2226 1119 2284 actus
1132 2239 1224 2306 posse

73 2323 119 2390 ab
133 2321 292 2412 Episcopo
309 2320 428 2408 corrigi
446 2327 478 2388 et
492 2319 671 2406 immutari,
687 2343 768 2410 quos
789 2331 895 2408 posset
916 2320 1108 2412 Episcopus,
1133 2325 1162 2390 si
1183 2327 1225 2394 ab

75 2431 151 2520 ipso
179 2429 262 2518 gesti
289 2428 408 2511 forent,
432 2425 600 2494 annullare
629 2435 661 2493 et
690 2427 851 2514 corrigere
877 2449 927 2494 :e
958 2439 1071 2496 contra
1098 2431 1156 2520 qui
1185 2435 1226 2500 ab

74 2537 239 2627 Episcopo
258 2535 339 2624 gasti
359 2535 504 2604 revocari
526 2539 704 2622 nequeunt,
728 2533 879 2600 eumdem
901 2531 1062 2618 effectum,
1087 2538 1184 2625 positi
1208 2562 1228 2606 a

76 2641 210 2710 Vicario
234 2641 389 2731 generali,
412 2641 599 2708 sortientur.
624 2639 706 2708 Rem
726 2638 885 2729 exemplis
910 2639 1123 2710 illustremus.
1149 2645 1225 2711 Dis-

75 2749 299 2840 pensationem
325 2748 366 2815 ab
392 2747 572 2814 interstitiis
593 2745 748 2814 ordinum
772 2770 791 2813 a
813 2769 846 2815 sc
867 2769 1051 2816 concessam
1074 2773 1225 2822 revocare

74 2866 183 2949 potest
202 2855 393 2947 Episcopus,
414 2863 489 2922 ante
507 2853 669 2944 expletam
690 2854 929 2923 ordinationem
949 2882 956 2922 :
981 2856 1128 2926 eamdem
1148 2882 1226 2927 con-

74 2963 255 3034 cessionem
271 2985 291 3032 a
308 2962 440 3034 Vicario
463 2961 607 3050 generali
627 2961 745 3030 factam
766 2984 917 3032 revocare
938 2965 1065 3053 poterit.
1088 2965 1226 3035 Rescin-

74 3072 154 3138 dere
178 3070 292 3160 nequit
316 3069 493 3160 Episcopus
518 3069 761 3136 matrimonium
787 3068 867 3138 alias
894 3069 1052 3157 validum,
1083 3075 1137 3142 cui
1158 3074 1226 3166 ipse

74 3177 294 3246 assistentiam
309 3176 448 3266 praebuit
467 3201 474 3241 :
491 3197 550 3242 nac
566 3175 747 3242 rescindere
763 3176 893 3265 poterit,
914 3176 942 3243 si
966 3176 1050 3245 hanc
1072 3182 1225 3250 assisten-

75 3287 156 3353 tiam
184 3283 362 3374 praebuerit
388 3281 540 3350 Vicarius
568 3282 743 3370 generalis,
771 3284 985 3373 quantumvis
1012 3285 1046 3354 in
1072 3311 1111 3355 aa
1139 3311 1226 3380 prm-

74 3390 193 3460 standa
215 3389 404 3482 peccaverit.
427 3388 624 3458 Rescindere
648 3389 761 3479 nequit
784 3389 964 3481 Episcopus
988 3392 1226 3465 ahsolutionem

73 3500 118 3568 ab
139 3497 484 3583 excommunicatione,
510 3520 608 3588 quam
631 3497 877 3587 pronuntiaret:
906 3521 1011 3589 neque
1038 3501 1142 3571 facere
1167 3528 1227 3594 po·

77 3616 140 3675 test
156 3613 192 3672 ut
206 3627 274 3672 non
287 3604 351 3672 sint
372 3625 448 3674 vere
469 3602 609 3672 absoluti
629 3626 711 3693 quos
730 3603 882 3672 Vicerius
901 3605 941 3674 ab
962 3611 1227 3678 excommnnica-

77 3714 165 3780 tione
179 3711 327 3778 absolvit.
351 3709 441 3778 Idem
468 3709 594 3800 applica
615 3710 742 3777 caeteris
762 3709 1000 3800 jurisdictionis
1026 3716 1227 3808 extra-judi·

74 3819 214 3888 cialibus
235 3819 371 3904 actibus,
402 3840 483 3908 quos
506 3816 669 3908 explicare
691 3819 725 3884 vi
745 3817 844 3885 officii
865 3821 917 3887 sui
942 3830 1046 3911 potest
1071 3822 1226 3893 Vicarius

74 3927 255 4020 generalis5
274 3936 304 3994 ct
327 3927 468 4016 reperies
480 3933 557 3993 tunc
577 3948 670 4017 posse
690 3927 730 3994 ab
746 3927 904 4018 Episcopo
920 3929 1072 4017 rescindi,
1090 3935 1223 4022 quando

74 4045 109 4106 et
124 4037 165 4103 ab
181 4035 294 4103 codem
310 4034 468 4124 Episcopo
484 4033 566 4122 gesti
589 4035 729 4102 rescindi
751 4045 892 4126 possent.
916 4037 1009 4118 Quod
1032 4041 1160 4108 tandem
1185 4065 1222 4111 eu

110 4269 142 4338 (t)
158 4269 194 4318 ne
207 4281 261 4334 qua
273 4267 391 4318 nullttate
406 4265 465 4316 vide
478 4263 545 4316 intra
559 4265 674 4318 sectione
686 4271 710 4330 5,
725 4279 783 4330 cap.
797 4272 821 4318 t.
