3032 4976
651 487 827 534 TRACTATUS
848 487 888 535 lt!
909 487 1043 536 sublone.

804 775 890 868 §u

416 946 453 996 De
470 943 642 1011 competentia
655 938 773 1010 judicum
789 945 982 1000 termtorielium
997 945 1098 998 ratione
1115 949 1271 998 connectes.

322 1131 391 1202 Nisi
408 1132 601 1222 regulariter
616 1143 804 1227 competens
817 1142 899 1204 esset
909 1134 1012 1226 judex
1028 1134 1214 1204 ordinarius
1228 1132 1293 1202 loci
1306 1133 1342 1202 iu
1354 1155 1424 1224 qno

279 1237 380 1308 initur
400 1247 595 1328 contractus,
613 1243 728 1331 grevia
751 1250 964 1333 sequerentur
978 1241 1198 1311 incommoda.
1215 1241 1307 1310 Tunc
1328 1239 1421 1308 cuim

278 1347 453 1417 creditores
469 1347 648 1419 debitorem
669 1351 843 1420 convenire
866 1373 932 1420 uon
947 1359 1077 1441 possent
1094 1350 1157 1419 nisi
1178 1371 1289 1417 coram
1310 1347 1423 1439 judice

278 1453 368 1524 illius
383 1457 537 1526 territorii
551 1458 586 1526 in
598 1479 663 1548 quo
673 1456 700 1525 is
712 1457 916 1527 domicilium
933 1457 1045 1544 babet;
1058 1456 1146 1549 quod
1161 1454 1294 1524 nonnisi
1306 1454 1423 1522 multis

278 1583 355 1636 tum
379 1561 625 1632 difficultatibus
640 1574 672 1633 et
691 1564 876 1657 sumptibus
898 1564 1092 1656 plerumque
1113 1562 1185 1631 fieri
1205 1567 1325 1653 posset,
1343 1583 1422 1629 curn

278 1690 364 1759 sepe
378 1669 532 1740 debitoris
548 1670 755 1741 domicilium
770 1695 791 1740 a
804 1680 987 1740 contractus
1000 1671 1071 1740 loco
1087 1669 1180 1740 valde
1196 1668 1349 1738 dissitum
1365 1667 1419 1734 sit.

279 1773 442 1844 Praeterec
454 1777 489 1844 iu
504 1777 574 1847 loco
588 1787 772 1847 contractus
787 1778 893 1847 multo
908 1777 1035 1846 facilius
1049 1784 1196 1846 cunctere
1215 1783 1331 1867 potest,
1348 1785 1421 1842 tum

280 1879 320 1948 de
333 1891 498 1952 contractu
514 1885 597 1975 ipso,
612 1893 683 1954 tum
699 1885 739 1954 de
752 1884 1013 1955 solemnitatibus
1033 1883 1069 1952 in
1083 1906 1121 1952 eo
1136 1881 1304 1950 adhibitis.
1323 1881 1421 1966 Hinc,

279 1987 363 2056 sicut
377 1989 412 2056 iu
433 1988 661 2061 Romanorum
678 1999 709 2060 et
729 1991 870 2060 aliarum
893 1991 1074 2082 generatim
1099 1990 1248 2080 gentium
1271 1988 1424 2057 seculari

277 2093 364 2185 jure,
381 2096 426 2166 ite
441 2098 521 2165 etin
536 2099 691 2168 canonico
707 2099 867 2168 sancitum
889 2098 1063 2190 reperitur,
1081 2106 1118 2167 ut
1138 2097 1273 2166 relative
1293 2094 1335 2164 ad
1351 2095 1424 2164 lites

280 2202 319 2269 de
343 2205 571 2291 contractibus,
594 2215 780 2298 competens
799 2206 995 2296 regulariter
1011 2204 1053 2272 sit
1076 2202 1272 2273 Ordiuarius
1294 2202 1369 2290 loci,
1389 2202 1424 2270 in

279 2331 344 2400 quo
364 2311 466 2381 initus
482 2321 665 2383 contractus
680 2315 753 2383 fuit.

322 2419 403 2502 Quae
418 2419 597 2513 dispositio,
614 2431 710 2514 prout
724 2423 759 2489 in
772 2421 846 2512 jure
860 2419 1072 2491 ecclesiastico
1085 2419 1220 2506 obtinet,
1238 2441 1326 2487 nunc
1340 2441 1425 2487 enu-

279 2523 411 2594 clcatius
431 2527 624 2619 exponenda
639 2528 738 2597 veuit.

323 2633 452 2703 lineum
476 2639 521 2703 1³.
535 2673 579 2687 -
594 2639 785 2728 Competens
805 2648 851 2704 est
876 2635 1074 2726 regulariter
1096 2631 1293 2702 Ordirurius
1308 2633 1372 2700 loci
1392 2633 1426 2700 irc

278 2763 343 2830 quo
355 2740 457 2810 initus
462 2743 530 2832 suit
540 2756 738 2826 contractus,
749 2743 798 2810 ita
810 2756 847 2810 ut
858 2765 971 2810 coram
985 2765 1021 2810 eo
1034 2745 1117 2810 Reus
1129 2739 1295 2808 conveniri
1299 2740 1394 2830 possi
1398 2752 1422 2807 t.

278 2884 322 2898 -
337 2847 469 2916 Constat
483 2849 587 2940 capite
599 2851 688 2918 Licet
705 2852 771 2941 (20,
783 2849 868 2918 tituli
886 2855 918 2936 2,
934 2850 989 2917 lib.
1007 2854 1026 2918 2
1042 2847 1197 2938 liceret),
1210 2848 1245 2914 in
1257 2869 1324 2938 quo
1337 2848 1427 2915 iuter

280 2955 387 3024 varios
403 2956 518 3026 modos
531 2957 642 3025 lorum
659 2958 851 3048 regulariter
867 2955 1023 3025 sortiendi
1043 2964 1256 3024 enumeretur
1271 2961 1425 3024 contrae-

280 3069 333 3130 tus
353 3089 360 3130 :
377 3064 467 3132 Licet
493 3065 621 3133 ratione
645 3063 765 3147 delicti,
790 3087 846 3133 secr
873 3075 1068 3146 contractus,
1087 3076 1148 3132 aret
1171 3059 1342 3143 domicilii,
1360 3063 1427 3130 sive

279 3169 469 3262 reicioque
494 3184 607 3239 contre
630 3193 843 3264 possessorem
867 3193 968 3239 causo
991 3183 1152 3251 moretm,
1171 3169 1289 3261 quidus
1309 3170 1428 3258 sorum

279 3278 473 3369 regulariter
484 3280 556 3370 quis
566 3280 715 3361 sortitur,
730 3287 788 3347 etc.
802 3280 884 3347 ltem
901 3279 936 3345 in
950 3277 1053 3370 capite
1066 3280 1217 3345 Romane
1230 3278 1277 3367 (l,
1290 3275 1376 3344 tituli
1391 3280 1425 3362 2,

279 3383 355 3452 libri
371 3389 403 3472 2,
415 3387 450 3453 iu
466 3385 512 3476 6),
524 3387 681 3473 sancitur,
691 3408 756 3455 uon
774 3408 866 3476 posse
880 3385 922 3453 ab
937 3384 1111 3454 Ordiuario
1124 3383 1261 3474 alicujus
1276 3382 1428 3452 discessis

277 3491 417 3583 judicari
432 3493 656 3562 contrahentes
672 3501 857 3580 extraneos,
868 3493 927 3584 qui
940 3492 975 3560 iu
987 3513 1025 3559 ee
1035 3490 1166 3560 dioecesi
1176 3497 1426 3576 contraxerunt,

281 3599 345 3668 nisi
359 3600 568 3668 inveniantur
580 3599 718 3682 ididem,·
733 3623 807 3691 quaa
820 3599 921 3667 verbe
935 3598 1074 3690 probant
1090 3619 1182 3689 posse
1198 3596 1333 3666 eosdem
1348 3607 1429 3665 tuuc

280 3708 395 3776 saltem
409 3707 550 3799 judicari
564 3727 641 3775 cum
656 3705 780 3775 ibidem
795 3707 1013 3797 reperiuntur.
1032 3703 1215 3774 Concordat
1227 3703 1281 3795 jus
1296 3703 1430 3772 Roma-

281 3836 376 3901 num,
394 3824 431 3882 ut
450 3821 536 3906 patet
558 3835 600 3882 ex
624 3812 697 3903 lege
719 3815 831 3882 Heres
857 3813 968 3880 adsere
985 3812 1050 3902 (19,
1068 3812 1101 3879 ff.
1122 3808 1161 3880 de
1182 3808 1320 3900 ludia).
1336 3809 1431 3879 Con-

284 3924 394 3990 lirmat
409 3921 649 3989 canonistarum
677 3920 824 3990 doctrina
845 3919 1025 4006 unanimis,
1042 3929 1074 3988 et
1097 3925 1253 4011 perpetua
1272 3917 1429 3986 Ecclesiae

283 4027 402 4119 praxis.
423 4028 575 4098 Diximus
589 4035 699 4096 eutem
716 4027 923 4118 repuleritcr,
942 4027 984 4095 ob
998 4025 1105 4094 varies
1125 4024 1331 4116 exceptiones
1346 4047 1432 4117 quas

282 4135 443 4226 generalis
455 4134 525 4204 haec
538 4135 653 4224 regula
665 4134 799 4227 petitur,
816 4154 934 4225 nempe
950 4160 957 4201 :

325 4241 540 4332 Ecceptiorecs
553 4241 802 4333 adpraedictam
817 4241 980 4333 rapulam.
995 4277 1039 4292 -
1055 4243 1086 4308 1ο
1098 4238 1274 4310 Limitotur
1288 4238 1362 4308 heac
1376 4261 1433 4308 rc-
