3030 4980
543 485 618 532 rens
641 485 787 532 sacnuna.
1169 467 1228 530 471

94 607 340 710 prerogetirae;
364 610 397 674 Ρ
413 629 456 676 an
475 607 654 676 necessario
673 607 708 676 in
727 605 1060 700 quolibet'episcopsli
1075 608 1168 676 curio
1190 609 1232 676 sit

93 713 356 802 constituendum
379 720 411 782 5ο
430 737 473 784 an
493 722 525 783 et
546 715 580 782 in
598 714 670 785 aliis
685 715 784 784 curiis
799 715 1032 804 ecclesiasticis;
1060 720 1094 784 6⁰
1110 715 1239 786 adden-⁴

92 821 174 890 dum
190 820 324 914 quinam
342 820 491 892 advocati
506 821 630 890 fiscales
645 829 887 912 nuncupentur.

629 1073 699 1166 gr.

457 1246 524 1306 Quid
550 1245 584 1298 sit
609 1247 745 1298 Promotou
769 1246 873 1300 limatis.

142 1449 173 1514 1.
193 1445 277 1514 Cum
295 1445 467 1514 Promotor
487 1443 604 1512 fiscalis
623 1465 716 1512 suam
731 1468 750 1513 a
764 1445 843 1535 fiseo
859 1444 1153 1516 denominationem
1171 1455 1238 1516 tra-

96 1550 163 1637 hat,
181 1548 445 1639 praemittendum
465 1559 513 1617 est
530 1550 609 1640 quid
629 1571 688 1641 per
709 1552 824 1620 liscum
850 1549 893 1641 (1)
913 1551 1024 1643 ipsum
1042 1552 1168 1645 injure
1187 1576 1238 1622 so·

96 1657 159 1726 leat
177 1657 326 1746 intelligi.
353 1656 548 1746 Designatur
567 1665 675 1726 antem
699 1680 758 1750 per
776 1657 872 1726 hocce
887 1659 1095 1749 vocabulum,
1113 1661 1238 1751 primo,

96 1765 130 1832 in
147 1764 299 1832 strictiori
318 1763 459 1856 quodam
480 1770 512 1830 et
527 1764 636 1834 minus
655 1765 821 1834 ordinario
836 1787 934 1834 sensu
952 1789 1072 1834 «casse
1090 1790 1148 1836 seu
1166 1789 1241 1838 arcs

99 1899 116 1936 «
141 1871 337 1958 communis,
349 1879 499 1939 constans
508 1872 646 1962 pecunia
656 1871 780 1940 velalie
795 1873 947 1964 quapiam
956 1895 1004 1961 re,
1016 1873 1057 1942 ad
1068 1896 1164 1942 usum
1178 1897 1240 1967 pu·

99 2006 116 2045 e
140 1977 273 2060 blisum,
291 1977 343 2046 vel
358 1975 548 2067 dignitatem
561 1979 744 2066 regentium
759 1977 1014 2048 conservandam
1034 1979 1203 2052 destinata.
1221 2007 1237 2048 a

140 2089 188 2156 lta
200 2086 382 2160 Leurenius
399 2087 536 2177 (Forum
548 2085 808 2170 ecclesiasticum,
825 2096 904 2156 torn.
920 2092 954 2174 2,
968 2088 1146 2180 quaestione
1163 2094 1239 2172 890,

95 2221 130 2266 n.
149 2195 199 2286 7);
218 2203 290 2287 post
306 2193 482 2264 Mulierum
500 2193 551 2284 (ad
568 2193 696 2281 Struv.,
715 2192 749 2260 in
766 2193 801 2262 ff.
823 2193 863 2262 de
882 2197 1035 2287 Usucap.,
1056 2217 1090 2264 n.
1117 2197 1239 2288 10).1n

96 2326 163 2398 quc
180 2326 278 2372 sensu
292 2303 380 2370 idem
399 2310 491 2370 sonet
509 2302 621 2371 Fiscus
637 2325 674 2370 ac
693 2303 852 2370 erarium
864 2303 1047 2393 publicum.
1077 2305 1239 2388 Secundo,

96 2410 261 2481 ordinarie
282 2421 402 2494 tamen,
422 2418 453 2476 et
473 2409 605 2501 proprio
619 2409 705 2501 juris
724 2431 833 2496 sensu,
854 2409 967 2477 Fiscus
987 2435 1003 2475 r
1023 2410 1164 2479 sumitur
1180 2434 1239 2503 pro

100 2545 118 2585 «
140 2526 207 2587 toto
223 2518 331 2608 aliquo
346 2515 526 2602 collectivo,
545 2539 602 2584 seu
618 2516 829 2585 universitate
843 2539 966 2604 rernm,
984 2517 1194 2608 pecuniarum
1212 2528 1243 2587 et

101 2653 118 2692 e
138 2626 277 2717 jurium,
292 2623 331 2691 sd
347 2623 581 2713 rempublicam
595 2622 826 2715 spectantium;
842 2623 888 2692 ita
901 2631 951 2709 ut,
966 2621 1051 2715 quod
1068 2624 1102 2691 in
1115 2624 1243 2716 privato

101 2761 118 2798 ι(
141 2742 188 2802 est
203 2730 453 2824 patrimonium,
470 2730 552 2800 illud
567 2731 602 2798 in
614 2729 783 2822 republica
797 2731 840 2798 sit
857 2730 981 2800 Fiscus.
997 2730 1092 2801 Unde
1104 2731 1242 2800 describi

100 2869 117 2907 u
141 2848 245 2932 potest
265 2841 353 2932 (cum
369 2839 544 2925 Leuterbo,
561 2837 602 2906 sd
623 2837 656 2905 ff.
678 2837 718 2906 de
736 2841 814 2906 lure
831 2837 913 2929 fisci,
934 2838 1001 2929 gd)
1019 2837 1106 2930 quod
1123 2839 1164 2906 sit
1173 2863 1241 2932 pa-

100 2977 118 3015 «
142 2949 335 3016 trimouium
350 2945 546 3038 reipublice,
567 2967 616 3013 res
635 2967 746 3012 omues
765 2957 797 3013 et
805 2945 903 3036 jura,
926 2944 972 3014 ad
982 2946 1150 3036 peculiare
1169 2947 1241 3038 ejus

101 3083 118 3124 e
141 3054 351 3126 commodum
366 3052 571 3146 pertinentia
591 3049 872 3142 comprehendens,
897 3050 1097 3120 utilitatibus
1125 3064 1155 3119 et
1178 3075 1237 3120 ue-

100 3160 340 3231 ueessitatibus
364 3158 504 3251 publicis
533 3157 707 3226 inservieris
737 3183 747 3223 .·
778 3155 991 3247 [ungiturque
1018 3157 1151 3248 mystice
1182 3181 1238 3226 seu

100 3295 117 3334 e
141 3268 281 3336 civiliter
292 3265 363 3336 vice
374 3287 538 3358 personae3
553 3264 634 3332 dum
650 3262 689 3330 de
705 3287 743 3332 eo
758 3262 850 3354 quasi
863 3261 902 3330 de
914 3285 1054 3354 persona
1067 3264 1175 3356 alique
1190 3264 1239 3332 lo-

100 3403 118 3442 u
141 3376 275 3468 quimur
290 3373 425 3444 dicendo
446 3400 454 3440 :
477 3372 589 3440 Fiscus
605 3369 759 3459 succedit,
776 3369 948 3456 contrahit,
966 3369 1097 3460 alienat,
1118 3370 1236 3460 litigat,

100 3510 117 3550 e
140 3483 267 3574 alisque
278 3481 355 3550 iecit
368 3503 426 3571 per
436 3479 609 3548 advocatos
618 3485 649 3546 et
662 3486 888 3570 procuratores
899 3500 986 3546 suos.
999 3503 1015 3542 u
1033 3477 1237 3569 (Leurenius,

96 3595 220 3662 Forum
231 3588 490 3669 ecclesiasticum,
510 3595 588 3655 tom.
604 3589 635 3672 3,
653 3592 768 3677 quest.
790 3587 866 3672 460,
885 3606 917 3651 n.
940 3584 987 3675 1.)

143 3705 174 3767 2.
194 3698 278 3767 Hinc
293 3697 361 3790 jem
377 3694 569 3786 intelligitur
585 3693 664 3785 quid
683 3692 748 3762 sint
767 3692 888 3761 liscclia
905 3691 982 3783 jura
1000 3719 1007 3760 :
1026 3699 1103 3760 sunt
1121 3715 1238 3784 nempe

92 3808 171 3899 jura
184 3805 273 3875 illins
280 3825 429 3896 persone
438 3803 537 3894 ficte,
554 3823 629 3893 que
641 3799 757 3870 Fiscus
768 3807 914 3870 vocetur.
1033 3827 1035 3830 ·

127 4031 161 4098 (t)
177 4030 264 4082 Fiscus
278 4027 373 4080 latinis
386 4026 491 4094 proprie
506 4029 560 4078 arnt
573 4039 618 4076 ves
635 4024 787 4090 vimineum,
799 4025 968 4091 junceum,
986 4028 1030 4076 sut
1045 4039 1076 4076 ex
1093 4027 1143 4078 alia
1158 4027 1238 4080 simili

96 4112 204 4164 materia
218 4109 367 4162 conlectum
382 4125 388 4158 ε
402 4123 463 4164 vox.
476 4111 504 4158 ut
515 4109 614 4172 putant,
626 4121 642 4156 a
654 4121 738 4171 grece
756 4105 844 4168 φύωιος
860 4105 981 4168 (botulus)
998 4105 1114 4157 derivata
1134 4107 1238 4168 :Quod

95 4207 146 4259 qne
159 4192 189 4244 in
204 4191 272 4242 vasis
288 4189 414 4255 ejusmodi
433 4188 526 4253 reponi
542 4187 639 4237 soleret
656 4187 768 4250 pecunie
787 4185 893 4250 publica
905 4199 952 4236 seu
971 4185 1107 4251 principis,
1123 4188 1156 4238 ad
1172 4188 1239 4238 desi·

97 4273 231 4339 guardam
241 4271 362 4324 erarium
375 4269 509 4334 publicum
522 4267 656 4320 translata.
