3030 4980
300 455 362 522 382
673 477 849 525 mauranus
873 477 912 524 nn
933 477 1068 526 runicus.

296 598 415 687 sexto),
433 597 478 668 sic
498 599 665 668 occurrit:
685 599 843 690 Officiolt's
860 613 921 668 out
945 601 1090 669 Vicorios
1112 597 1272 691 poccrolis
1286 597 1429 690 Episcopi

296 705 446 794 dowficio
468 707 613 797 conferre
634 728 699 773 non
714 719 865 797 possunt.
890 707 971 789 Quae
992 707 1113 776 locutio
1131 707 1242 775 multis
1266 707 1431 774 canonisis

295 809 438 879 indicare
464 811 533 878 visa
556 821 616 898 est,
641 811 707 880 duo
729 813 863 882 noruina
885 835 945 905 pro
968 814 1159 904 synonymis
1181 812 1305 881 baberi.
1329 813 1433 881 Glossa

294 927 402 986 tamen
426 919 459 987 in
482 918 542 986 boc
567 928 663 1010 caput
681 922 727 987 sic
748 919 888 988 advertit
911 947 919 988 ι
941 946 958 986 tt
977 921 1062 988 Nota
1080 929 1310 1009 argumentum
1332 942 1393 1010 pro
1409 929 1433 986 et

297 1053 314 1092 u
337 1035 462 1112 contra,
477 1025 564 1116 quod
577 1025 663 1094 idem
678 1037 726 1094 est
737 1027 844 1096 dicere
860 1027 1018 1119 Officiolis
1030 1028 1117 1117 quod
1136 1027 1281 1094 Vicorius
1298 1027 1433 1117 :dequo

298 1159 315 1198 c
339 1133 391 1200 bic
406 1155 465 1223 per
479 1132 697 1202 Dominicum.
718 1160 734 1198 s
754 1133 818 1202 Sed
835 1133 1057 1204 difficultatem
1068 1157 1199 1203 omnem
1218 1135 1375 1226 (siquam
1389 1156 1433 1200 re·

294 1241 479 1332 linquerent
499 1239 647 1332 predicti
672 1245 789 1332 textus)
812 1241 996 1310 Tridentini
1015 1249 1113 1332 caput
1138 1246 1177 1309 16
1201 1241 1365 1331 (sessionis
1385 1247 1432 1326 tr,

294 1349 334 1417 de
356 1347 610 1438 deformatione)
633 1348 727 1440 plane
751 1350 893 1419 sustulit.
915 1349 963 1418 lbi
987 1349 1074 1418 enim
1090 1349 1225 1440 jubetur
1246 1349 1431 1440 capitulum,

295 1456 378 1526 Sede
398 1461 544 1540 vacante,
570 1455 754 1546 Officiolcm
777 1478 832 1524 sco
863 1456 1028 1524 Vitorium
1049 1455 1258 1542 constituere,
1276 1456 1331 1524 vel
1354 1456 1433 1524 exis-

294 1571 414 1630 tentem
436 1561 644 1630 confirmare:
663 1571 760 1654 atquc
783 1563 917 1654 insuper
938 1585 1154 1631 (economum.
1176 1563 1215 1630 ln
1236 1583 1312 1630 casu
1332 1571 1432 1630 subm

293 1669 515 1760 negligentis,
548 1666 714 1759 deputatio
748 1669 820 1736 brec
848 1668 889 1736 ad
919 1668 1205 1759 Metropolitanum
1240 1667 1429 1737 devolvitur.

294 1778 346 1864 Et,
365 1779 393 1844 si
415 1776 582 1866 negligens
603 1777 637 1842 in
658 1776 718 1844 bac
740 1799 775 1844 rc
795 1778 836 1845 sit
853 1777 1029 1868 ipsummet
1049 1776 1227 1868 capitulum
1250 1776 1433 1866 Metropoli-

294 1893 421 1970 tanum,
452 1884 497 1951 sic
528 1884 712 1952 statuitur:
740 1883 917 1974 Antiquior
946 1885 1125 1975 Episcopus
1154 1907 1196 1954 ex
1226 1882 1432 1971 suffraganeis

294 2013 498 2060 oeconomum
517 2002 547 2057 ct
572 1990 737 2058 Vicorium
758 1989 889 2059 idoncos
904 1992 1006 2082 possit
1023 1990 1229 2060 constituere.
1250 1990 1390 2075 Quibus,
1405 1997 1431 2057 et

292 2097 563 2188 subsequentibus
585 2097 683 2164 etiam
705 2097 933 2184 locutionibus,
957 2107 1066 2189 aperte
1085 2095 1230 2166 indicant
1252 2097 1431 2166 Tridentini

291 2205 416 2289 Patres,
440 2226 473 2270 se
493 2225 551 2294 per
568 2201 749 2292 officialem
765 2211 796 2270 et
822 2202 988 2272 Vicorium
1000 2205 1185 2294 pennulam
1200 2203 1288 2274 idem
1304 2227 1431 2295 prorsus

294 2310 501 2378 intellexisse.

338 2418 498 2486 Probatur
522 2420 568 2504 2⁰,
590 2439 631 2485 ex
647 2418 815 2486 communi
837 2417 1007 2487 doctorum
1027 2441 1185 2490 consensu
1209 2445 1216 2488 :
1244 2445 1262 2484 u
1285 2417 1430 2487 Vicarius

296 2525 496 2616 «generalis
523 2525 677 2615 Episcopi
706 2525 761 2616 (ait
783 2525 956 2615 Ferraris),
981 2527 1014 2594 in
1036 2527 1111 2617 jure
1133 2526 1318 2617 appellatur
1341 2526 1430 2594 etiam

296 2661 313 2702 ι(
337 2632 534 2703 officialis.»
557 2629 618 2720 (Ad
636 2653 747 2700 vocem
767 2632 913 2700 Vicorius
926 2634 1096 2722 qenerolis,
1112 2643 1174 2702 art.
1195 2637 1227 2718 l,
1242 2656 1276 2702 n.
1294 2635 1342 2722 2.)
1358 2635 1429 2700 ltem

290 2741 475 2810 Leurenius
496 2737 546 2830 (de
567 2739 702 2808 Vicoriis
719 2740 843 2830 Epicu,
865 2763 934 2831 cap.
962 2741 1198 2831 l,quaest.17)
1224 2767 1232 2806 :
1253 2768 1270 2803 a
1285 2740 1430 2809 Vicarius

296 2877 314 2916 u
337 2848 499 2938 generalis
514 2855 545 2914 et
560 2845 715 2914 officialis
735 2847 890 2936 (intellige
905 2847 1103 2939 principalis)
1123 2848 1209 2916 idem
1231 2847 1427 2936 significant,
1496 2917 1497 2922 χ

295 2983 312 3023 a
335 2969 366 3025 et
381 2958 416 3024 in
431 2956 545 3024 effectu
561 2953 653 3021 nulla
669 2955 754 3020 inter
769 2977 824 3022 cos
839 2956 903 3022 nisi
919 2955 952 3022 in
968 2955 1099 3023 nominc
1115 2965 1265 3023 versatur
1280 2954 1427 3022 differen-

295 3090 313 3128 s
337 3062 380 3130 tia
389 3061 448 3151 (ibi
457 3074 568 3128 cotem
580 3060 660 3128 citat
670 3061 848 3128 Leurenius
854 3061 1015 3150 plurimos
1027 3060 1213 3130 concoctos
1222 3060 1311 3128 idem
1320 3061 1428 3128 docor-

294 3195 311 3234 ι(
336 3171 404 3260 tes).
426 3169 502 3236 Dixi
522 3179 552 3236 et
567 3167 720 3238 Officialis
736 3169 954 3260 Princioolim
971 3192 1045 3238 nam
1068 3169 1264 3261 quaudoque
1280 3169 1346 3236 duo
1359 3177 1429 3236 suut

294 3305 311 3344 u
335 3279 369 3344 iu
389 3276 521 3344 dioecesi
537 3273 697 3344 Officisles
717 3303 724 3342 :
747 3299 831 3344 uuus
854 3277 1053 3366 principalis,
1074 3277 1131 3367 qui
1152 3277 1332 3365 generatim
1350 3277 1428 3344 vices

295 3413 312 3452 u
336 3383 487 3474 Episcopi
508 3383 604 3472 gerit,
630 3382 743 3450 saltem
766 3383 800 3450 iu
821 3383 1069 3474 spiritualibus:
1089 3383 1170 3451 alter
1191 3407 1270 3452 vero
1290 3382 1428 3452 officialis

292 3522 309 3563 o
333 3494 443 3562 minus
465 3489 652 3582 principalis
667 3499 699 3556 et
716 3491 820 3580 priori
837 3489 1080 3576 subordinatus,
1097 3490 1149 3558 vel
1165 3491 1223 3580 qui
1244 3489 1427 3558 consistorio

292 3629 309 3668 ι(
332 3599 482 3692 Episcopi
499 3605 617 3688 praeest
631 3597 665 3663 in
682 3597 779 3663 certis
796 3605 921 3664 mutum
935 3598 1052 3682 causis,
1070 3596 1161 3666 verbi
1175 3598 1292 3686 gratia,
1310 3598 1343 3666 in
1361 3619 1427 3664 ma-

293 3735 310 3774 «
335 3705 586 3777 trimonialibus.
609 3703 649 3770 Et
671 3711 758 3795 patet
777 3703 863 3772 bunc
883 3703 1062 3772 Officialem
1079 3704 1187 3772 minus
1208 3704 1427 3794 principalem,

294 3843 310 3882 u
334 3817 393 3884 etsi
414 3813 605 3903 simpliciter
623 3833 752 3901 quoque
775 3810 901 3879 dicatur
922 3811 1079 3896 officialis,
1105 3833 1171 3880 non
1192 3833 1260 3878 esse
1283 3812 1427 3880 eumdem

295 3949 312 3988 o
336 3945 409 3989 cum
431 3918 563 3989 Vicario
578 3915 740 4007 generali3
756 3918 834 4008 quia
854 3918 883 3986 ei
905 3917 1136 3986 subordinatus
1157 3927 1217 4002 est,
1234 3918 1367 4010 ejusque
1377 3917 1428 4007 ju·

296 4055 314 4096 u
336 4027 480 4096 risdictio
502 4025 694 4114 delegata.»
723 4025 802 4092 ltem
823 4024 996 4114 Layman:
1020 4024 1175 4094 «Utrum
1197 4024 1371 4094 discrimen
1392 4023 1427 4090 sit

296 4159 313 4200 u
339 4135 422 4201 inter
446 4131 616 4201 Vicarium
644 4129 828 4218 generalem
855 4139 886 4198 et
910 4129 1087 4200 Officialem
1116 4131 1329 4223 principalem
1355 4128 1426 4221 Epi·

294 4269 312 4310 «
336 4239 445 4330 scopi‘l
470 4235 674 4329 Respondes,
696 4236 728 4303 in
748 4235 823 4326 jure
846 4237 1002 4307 canonico
1025 4237 1256 4330 appellationes
1277 4239 1353 4308 istas
1372 4259 1424 4330 pra
