3046 4962
560 507 634 555 eras
664 507 771 556 rarus.
1200 487 1239 555 17

103 641 264 736 aliquibus
282 665 324 713 ex
340 667 439 738 supra
453 647 649 714 enumeratis
664 648 809 738 quinque
825 645 1076 736 conditionibus,
1092 648 1133 717 ad
1151 647 1243 739 judi-

103 753 185 820 ciam
202 752 333 844 proprie
348 753 470 821 dictum
482 753 746 822 constituendum
760 753 959 840 necessariis,
974 775 1135 824 cancere.

146 863 329 931 Prorosrrro
354 861 425 931 111⁸.
446 901 491 914 -
513 865 637 932 Praeter
659 863 884 953 sormolitotes
908 862 954 932 ad
980 861 1243 933 constituendum

97 967 265 1060 judicium
283 971 421 1062 proprie
445 967 568 1038 dictum
591 970 898 1063 mercuriumque
922 969 1152 1040 substantiales
1178 970 1246 1040 dici

102 1077 213 1159 solen,
228 1089 353 1146 uetere
366 1075 481 1168 adjus
496 1077 683 1146 humanum
697 1077 872 1169 referenda
886 1090 971 1146 sunt.
989 1115 1033 1130 -
1045 1077 1133 1146 Licet
1153 1077 1244 1146 enim

103 1182 262 1272 ejusmodi
274 1183 485 1252 formalitates
497 1183 619 1254 utiliter
630 1183 764 1277 prrecipi
780 1183 904 1276 possint
915 1192 947 1253 et
958 1183 1095 1272 soleant,
1109 1184 1150 1252 dc
1161 1207 1245 1252 una-

102 1311 230 1381 quaque
246 1299 355 1359 umen
369 1290 435 1359 dici
449 1297 567 1382 potest,
584 1313 651 1360 non
663 1291 775 1360 induci
789 1313 831 1360 cx
844 1290 946 1384 ipsius
961 1291 1134 1361 omissione
1146 1313 1246 1382 gene-

103 1397 167 1465 rale
183 1398 354 1489 injustitiae
370 1396 573 1489 periculum3
590 1397 678 1490 quod
693 1398 874 1490 perieulum
887 1408 1028 1468 econtra
1042 1407 1129 1468 certo
1142 1397 1246 1467 aderit

103 1504 129 1571 si
143 1504 339 1594 generaliter
349 1505 455 1575 omitti
468 1503 677 1596 permittatur
689 1505 799 1597 aliqua
813 1528 854 1574 ex
870 1505 1016 1598 quinque
1031 1505 1246 1576 constitutivis

104 1633 202 1702 supra
221 1611 390 1702 descriptis
406 1611 607 1703 judiciorum
623 1611 885 1681 formalitatibus.
905 1611 990 1681 Hinc
1006 1612 1166 1704 ejusmodi
1181 1635 1247 1682 non

103 1717 328 1786 substantiales
351 1717 564 1788 lormelitetes
580 1718 679 1788 variae
693 1719 781 1810 apud
801 1719 911 1789 nerias
933 1719 1132 1813 respublicas
1152 1741 1247 1811 repe-

102 1825 255 1903 riuntur:
273 1823 339 1894 imo
357 1825 392 1893 in
413 1847 608 1919 unaquaque
625 1826 804 1919 republica,
825 1827 906 1894 etin
926 1827 995 1917 ipsa
1015 1826 1168 1914 Ecclesia,
1188 1849 1248 1919 pro

105 1932 202 2000 variis
215 1931 414 2023 temporibus
426 1931 620 2002 mutationes
632 1955 734 2023 passas
743 1940 831 2001 sunt.
846 1931 998 2002 «Caetera
1012 1933 1068 2024 (ait
1079 1933 1247 2002 Scbmalz·

110 2065 125 2102 ι
145 2039 313 2129 grneber),
330 2048 368 2107 ut
384 2039 486 2107 libelli
506 2039 638 2124 oblatio,
654 2039 719 2108 litis
740 2039 940 2124 contestatio,
953 2039 1177 2130 juramentum
1193 2063 1249 2110 ca-

110 2171 125 2209 ι
145 2145 294 2232 lumniae,
315 2144 417 2232 teriae,
434 2145 618 2231 dilationes,
641 2145 761 2232 letalis,
781 2144 1013 2214 senteminrum
1033 2146 1194 2236 formulae,
1217 2155 1250 2216 et

109 2252 278 2342 «similia,
300 2260 377 2322 sunt
391 2253 476 2344 juris
495 2253 625 2345 positivi
650 2251 806 2340 bumani3
823 2253 901 2344 quia
924 2276 989 2323 non
1010 2255 1244 2338 necessitatem,

7 2365 10 2420 l
110 2386 125 2424 ι
146 2360 204 2428 sed
219 2360 456 2429 solemnitatem
477 2361 619 2452 sapiunt.
637 2387 655 2424 r
675 2361 730 2451 (ln
745 2360 876 2430 titulum
897 2359 938 2429 de
963 2361 1112 2445 ludiais,
1130 2361 1208 2430 libri
1229 2365 1248 2429 2

109 2466 338 2554 Decretalium,
355 2489 387 2536 a.
409 2468 454 2558 t.)

8 2643 12 2689 l

8 2723 9 2748 l

500 2811 516 2844 ,
566 2757 710 2829 aurun
732 2758 788 2846 m.

8 2883 18 3286 pi
372 2971 478 3018 senten
513 2971 545 3016 ili
573 2970 687 3018 ventas
714 2969 830 3016 areales
859 2967 983 3017 nmero.

156 3195 187 3258 l.
213 3189 378 3260 Dividitur
398 3191 433 3258 in
455 3189 704 3259 ecdesinstieum
727 3196 759 3256 et
778 3187 944 3256 seculare.
967 3187 1005 3254 ln
1026 3184 1128 3277 priori
1150 3184 1251 3254 eccle-

105 3299 246 3386 siastica,
273 3298 308 3366 in
327 3297 496 3389 posteriori
515 3295 678 3366 saecnlmu
703 3303 841 3387 potestas
864 3314 923 3386 per
946 3316 1023 3363 suos
1043 3292 1251 3382 magistratus

104 3407 160 3495 jus
175 3406 266 3474 dicit.
519 3473 522 3480 ,

152 3517 184 3582 2.
204 3514 242 3581 ln
264 3513 359 3582 civile
374 3521 405 3580 et
418 3512 586 3581 criminale
604 3538 611 3580 :
632 3511 693 3580 hoo
707 3509 889 3600 puniuntur
905 3508 1093 3596 malelacta;
1112 3509 1168 3578 illo
1187 3531 1252 3576 cae-

108 3629 187 3690 terae
201 3620 276 3688 lites
292 3618 503 3689 dirimuntur.

153 3729 186 3794 3.
210 3727 247 3792 lu
269 3725 471 3794 ordinarium
493 3726 561 3794 sive
583 3726 739 3810 solemne,
761 3723 880 3813 inquo
900 3722 1120 3792 solemnitates
1141 3744 1254 3792 omnes

109 3857 127 3900 a
147 3833 221 3922 lege
236 3833 434 3923 praescripta
448 3839 638 3918 servantum
658 3841 689 3900 et
701 3829 1004 3899 *exuaordinarium
1019 3829 1087 3898 sive
1108 3851 1255 3898 summa-

11 3973 13 4053 ν
110 3939 211 4026 rium,
229 3939 263 4007 in
278 3961 345 4030 quo
360 3940 485 4009 servari
503 3948 630 4008 tautum
648 3959 781 4032 neceme
798 3946 848 4006 est
868 3937 1024 4028 requisita
1046 3934 1086 4004 ad
1104 3944 1253 4006 naturam

106 4046 221 4137 judicii
236 4052 268 4114 et
284 4046 451 4115 veriorem
471 4045 739 4136 cognoscendam.

154 4158 185 4222 l.
216 4153 252 4221 ln
278 4153 464 4244 petitorium
489 4163 521 4222 et
543 4153 790 4246 possessorium.
813 4151 1042 4220 «Petitorium
1063 4157 1200 4220 vocatur
1220 4153 1254 4219 in

113 4283 220 4354 aquo
244 4259 391 4350 litigatur
417 4261 458 4330 de
478 4261 672 4352 proprietate
696 4259 755 4346 rei,
773 4257 807 4326 id
831 4266 890 4344 est,
915 4258 950 4324 in
972 4279 1038 4348 quo
1059 4257 1256 4349 disceptatur

271 4387 291 4430 r.
1073 4370 1093 4428 t
