3030 4980
521 546 597 597 rans
620 540 769 597 samana:
1149 528 1210 594 397

63 667 308 738 canonistarum
338 667 464 740 baeda
492 692 528 738 re
557 669 804 761 disceptationes
831 667 1034 762 introspectae
1062 668 1212 756 fuissent,

63 799 133 844 non
160 777 335 867 carpenda,
363 777 420 846 aed
446 776 611 846 laudanda
636 778 745 868 potius
769 799 807 844 ea
831 776 1066 868 Episcoporum
1095 774 1215 866 agendi

63 883 151 950 ratio
175 882 354 952 videretur.
379 883 473 966 Quod
496 892 534 953 ut
553 891 660 976 pateat
680 883 887 952 auctoritates
910 883 1163 974 proemittamus,
1184 891 1216 950 et

63 1011 223 1080 qnaenam
240 1012 282 1058 cx
300 989 346 1059 eia
361 990 508 1060 doctrina
522 988 744 1060 concludenda
760 990 813 1077 sit,
829 989 1065 1080 expendamus.

113 1100 147 1164 1θ
162 1097 279 1166 Teucri
297 1097 475 1190 Episcopoa
494 1098 528 1166 in
544 1095 715 1167 Eanum
732 1096 919 1187 generalem
938 1119 1104 1166 assumere
1119 1106 1215 1168 exte—

64 1225 159 1292 rum,
181 1203 215 1272 id
236 1213 297 1294 ast,
322 1205 379 1298 qai
401 1228 461 1274 nec
485 1203 568 1274 civis
589 1203 780 1296 episcopalia
803 1200 898 1272 urbis
913 1203 968 1292 sit,
988 1225 1048 1272 nec
1063 1206 1161 1274 etiam
1176 1206 1216 1274 de

65 1311 155 1380 claro
177 1309 361 1400 diaeceseos,
382 1319 540 1405 tanquam
558 1332 629 1380 rem
651 1318 774 1380 certam
798 1311 953 1401 supponit
972 1311 1156 1381 Cardinalis
1175 1311 1216 1382 de

65 1419 169 1488 Luca.
190 1419 234 1488 Ut
256 1419 345 1488 enim
361 1419 452 1489 idem
470 1416 604 1487 suadeat
618 1417 728 1510 quoad
743 1416 916 1488 Vicarium
930 1419 1155 1510 capitularem,
1176 1421 1217 1488 ab

66 1525 223 1618 exemplo
236 1525 360 1595 Vicarii
379 1524 541 1617 generalia
557 1524 710 1616 Episcopi
726 1531 978 1613 argumentatur
991 1525 1026 1593 in
1041 1525 1129 1596 hunc
1144 1549 1218 1597 mo-

69 1633 153 1701 dum
173 1660 180 1701 :
208 1633 338 1702 «Unde
356 1641 541 1726 propterea,
563 1628 846 1724 quamadmodum
866 1631 1024 1723 Episcopo
1043 1642 1216 1724 praesenta,

73 1767 91 1806 a
115 1749 212 1831 atque
230 1748 267 1808 ut
287 1739 472 1831 plurimum
490 1747 616 1823 extero,
640 1737 760 1823 adbuc,
785 1737 827 1806 ob
847 1738 967 1806 civicas
992 1740 1219 1809 aemulatiouaa

74 1873 91 1912 c
115 1843 712 1937 acfactionea,iujatapiturrtacesaitas
723 1841 866 1912 habendi
880 1845 1216 1930 Vicariumeatcrum,

74 1979 92 2018 a
117 1953 224 2020 multo
246 1952 353 2042 magis
368 1953 441 2020 lieri
457 1951 589 2021 deberet
610 1950 694 2019 Sede
708 1959 863 2030 vacante3
878 1951 1035 2043 quoniam
1056 1952 1219 2044 11001130-

74 2085 94 2124 0
117 2067 233 2126 rentur
247 2058 365 2127 lamosi
379 2059 527 2127 doctores
542 2079 580 2126 ac
593 2077 740 2148 personae
754 2077 841 2147 quae,
858 2057 985 2125 axeliis
997 2055 1067 2149 jam
1083 2061 1221 2151 peractis

75 2193 95 2233 a
119 2167 325 2253 muneribus,
342 2167 378 2234 in
389 2165 521 2255 regione
532 2164 598 2232 siut
611 2162 647 2230 iu
658 2184 780 2252 magna
791 2163 1016 2233 estimatione.
1032 2190 1049 2230 o
1068 2165 1130 2257 (Ad
1142 2188 1222 2236 con·

76 2301 95 2341 a
118 2276 233 2344 cilium
248 2273 494 2358 Tridentinum,
511 2271 660 2340 discursu
678 2273 731 2357 31,
751 2292 784 2337 n.
804 2270 874 2360 21.)

121 2388 155 2451 2⁰
181 2381 363 2454 Concordat
387 2378 589 2471 Pignatellus
619 2379 721 2469 (tomo
747 2381 779 2466 9,
807 2377 945 2446 consult.
979 2379 1053 2467 162)
1085 2406 1092 2447 :
1124 2383 1221 2450 «An

78 2518 97 2558 c
120 2493 318 2584 originarius
333 2489 487 2576 civitatis,
505 2487 558 2556 vel
573 2487 779 2554 dioecesanus
794 2485 897 2576 possit
911 2506 980 2553 esse
994 2485 1146 2556 Vioariua
1160 2511 1222 2578 ge-

77 2626 97 2666 a
119 2601 260 2669 natalis‘l
280 2597 473 2690 Respondeo
492 2594 654 2683 negative.
677 2592 800 2660 Extant
816 2592 906 2660 enim
930 2591 991 2659 bac
1011 2592 1051 2660 de
1069 2616 1103 2662 re
1127 2595 1223 2686 plura

78 2708 262 2795 «decreta,
288 2729 365 2774 cum
388 2705 423 2772 in
448 2723 581 2792 genere,
606 2707 679 2768 tum
703 2699 739 2766 in
760 2699 866 2788 specie
892 2699 1014 2766 tenoris
1040 2703 1219 2791 sequentis;

79 2843 99 2882 a
126 2814 335 2905 Oriqittariaa
354 2810 496 2881 civitatis
512 2808 564 2876 oet
583 2806 736 2888 diaecesis,
758 2817 944 2896 conpotes!
959 2827 1023 2874 esse
1050 2808 1224 2877 Viearius:

80 2949 100 2988 a
121 2944 204 2991 nam
218 2934 357 3013 propter
370 2915 685 3008 consanqainitates,
701 2913 892 3002 affinitates,
906 2911 1167 3002 familiaritates,
1194 2929 1225 2986 ct

80 3055 99 3095 a
122 3029 208 3097 alias
221 3027 426 3106 attinentias,
440 3033 548 3116 potest
564 3018 694 3088 deviare
707 3041 729 3086 a
744 3030 830 3088 recto
852 3019 985 3087 tramite
993 3021 1151 3109 justitia,
1176 3023 1228 3092 vel

80 3164 100 3204 a
122 3129 551 3224 certesereddercpartibns
562 3139 758 3218 suspectum.
772 3127 821 3194 lta
830 3123 929 3194 Sacra
939 3127 1157 3219 congregatio
1168 3153 1224 3199 su-

82 3271 101 3310 a
122 3268 182 3337 per
195 3243 363 3336 Episcopis
378 3250 409 3309 et
424 3235 644 3328 regularibus,
661 3233 917 3319 inHostunanai,
929 3237 969 3301 28
981 3234 1056 3325 julii
1072 3240 1174 3323 1587;
1188 3239 1224 3306 in

82 3350 337 3444 «Spaletrensi,
362 3353 379 3416 9
406 3344 518 3414 martii
545 3345 646 3421 aaa&
673 3341 709 3408 iu
735 3339 982 3429 Senogalliensi,
1011 3344 1051 3408 10
1070 3342 1227 3413 februarii

84 3487 102 3524 a
128 3462 212 3526 1598
224 3486 232 3538 ;
246 3458 282 3525 in
296 3455 441 3541 Satrius,
461 3455 500 3519 16
516 3448 705 3518 novembris
722 3450 806 3514 1610
815 3473 824 3533 ;
843 3448 1030 3540 passimque
1046 3449 1164 3518 alibi...
1180 3451 1227 3520 Ea

84 3593 103 3632 a
126 3567 261 3658 quidem
276 3563 400 3631 ratione
416 3555 607 3650 hujusmodi
630 3555 755 3624 Vinarii
778 3555 907 3646 (nempe
923 3555 1092 3644 originarii
1106 3557 1228 3626 dioecc-

85 3700 103 3738 a
126 3675 209 3762 aeos)
224 3669 377 3740 constitui
393 3689 460 3736 nou
475 3670 624 3756 possunt,
639 3670 671 3728 et
684 3661 852 3729 constituti
863 3663 1026 3730 removeri
1042 3663 1172 3751 debent,
1187 3688 1228 3735 ne

85 3807 104 3848 c
128 3781 211 3848 forte
221 3777 377 3860 amicitia,
391 3771 644 3865 propinquitate,
659 3768 775 3857 gratia,
788 3775 891 3855 metu,
904 3767 1047 3854 adducti,
1057 3767 1112 3860 jus
1126 3770 1227 3840 inter-

86 3915 104 3954 a
128 3890 208 3956 dum
220 3885 328 3976 aliquo
342 3882 440 3950 modo
451 3879 587 3964 violent,
601 3877 779 3966 minusque
791 3874 892 3944 libere
903 3874 1012 3942 dicant
1025 3885 1081 3943 :ut
1090 3879 1228 3968 proinde

86 4022 104 4062 a
128 4002 259 4062 sanctus
276 3989 427 4075 Carolus,
447 3987 499 4054 bis
517 3984 700 4054 rationibus
720 3991 840 4069 motus,
862 3982 1028 4051 Vicarium
1053 3992 1228 4056 externum

87 4129 105 4168 a
128 4098 315 4170 adhibuerit
343 4098 432 4187 (teste
453 4092 570 4161 Carolo
594 4113 614 4158 a
637 4089 771 4157 basilica
793 4089 881 4156 Patri
899 4089 935 4156 in
953 4088 1025 4181 ejus
1043 4092 1123 4179 vita,
1147 4094 1170 4163 l.
1194 4099 1227 4182 7,

89 4235 106 4274 a
130 4232 159 4276 c.
180 4206 245 4296 36).
267 4201 365 4287 Quod
378 4201 479 4269 etiam
492 4211 536 4266 est
553 4197 592 4265 de
602 4196 682 4286 jure
698 4221 709 4261 .·
724 4197 801 4286 qnia
815 4195 957 4263 officium
975 4195 1148 4268 vicariatus
1160 4223 1229 4292 prae

90 4343 108 4382 a
132 4339 166 4384 se
186 4314 249 4382 fert
262 4309 537 4403 jurisdictionem,
554 4327 655 4396 quam
675 4303 710 4371 in
729 4303 862 4394 propria
880 4304 984 4395 patria
1002 4307 1148 4374 exerceri
1164 4330 1230 4378 non
