3056 4972
571 497 646 544 runs
668 496 774 542 rurus.
1173 481 1236 546 225

100 621 276 707 presentes
299 623 539 708 procuratorem
563 616 769 703 constituere,
786 615 882 686 modo
905 615 979 687 dure
1003 619 1110 687 terties
1131 629 1237 711 portes

102 733 277 813 presentes
307 724 385 810 sint,
417 732 448 792 et
477 722 580 815 major
612 723 824 815 presentium
867 746 941 816 pars
974 726 1161 795 consentiat.
1191 726 1240 796 lta

101 829 247 900 doctores
261 829 488 900 communiter.

147 941 178 1006 3.
196 937 317 1008 Electio
330 937 457 1030 syndici
470 959 489 1004 a
502 936 643 1028 capitulo
658 937 754 1023 iacta,
769 937 957 1008 confirmari
972 939 1066 1008 debet
1081 963 1241 1010 consensu

102 1045 237 1114 Abbatis
254 1045 292 1136 (si
305 1053 422 1136 agetur
436 1044 477 1112 de
493 1043 626 1136 syndico
643 1044 854 1136 monasterii),
870 1045 923 1114 vel
937 1045 1090 1139 Episcopi
1106 1047 1144 1138 (si
1162 1069 1242 1138 aga-

103 1159 156 1220 tur
184 1151 224 1220 de
251 1150 386 1243 syndico
412 1149 563 1220 Ecclesim
592 1149 811 1242 cathedralis).
838 1149 874 1219 ld
910 1159 1017 1221 umen
1047 1153 1242 1244 intelligitur

101 1258 232 1350 quando
251 1259 495 1330 constituendus
520 1268 568 1328 est
592 1267 784 1352 procurator
800 1259 842 1328 ad
867 1259 989 1330 tuendo
1006 1260 1082 1352 jura
1100 1261 1241 1353 capitulo

101 1367 200 1436 simul
216 1376 248 1434 et
261 1367 380 1436 Abbati
395 1366 446 1434 vel
461 1367 620 1458 Episcopo
641 1367 828 1435 communia
845 1393 853 1434 ε
871 1388 977 1453 secus,
993 1368 1022 1435 si
1041 1369 1241 1438 constituen-

101 1473 164 1542 dus
179 1481 260 1542 essct
273 1495 371 1565 super
385 1472 479 1542 bonis
493 1481 526 1541 et
540 1471 683 1564 juribus,
698 1495 774 1564 quae
794 1473 967 1565 separatim
986 1473 1028 1542 ab
1047 1474 1172 1543 Abbute
1187 1475 1240 1544 vel

100 1580 261 1672 Episcopo
275 1580 452 1670 capitulum
468 1577 616 1670 possidet.
628 1579 720 1649 Tunc
733 1579 821 1648 enim
833 1579 1011 1672 capitulum
1023 1580 1144 1674 ubsque
1155 1581 1242 1650 dicta

100 1686 348 1756 confirmatione
374 1707 470 1754 suum
497 1694 603 1776 posset
625 1685 800 1777 syndicum
827 1667 982 1778 deputare
1003 1687 1053 1776 (de
1078 1710 1143 1780 quo
1166 1688 1240 1757 vide

101 1792 404 1882 Scbmalrgruebor,
419 1792 454 1859 in
468 1791 599 1862 titulum
616 1794 671 1879 39,
686 1791 762 1860 libri
781 1796 794 1858 l
815 1791 1045 1878 Decretalium,
1061 1816 1095 1861 n.
1114 1794 1158 1885 3).

147 1904 179 1968 l.
196 1897 295 1991 Apud
309 1921 363 1968 cos
378 1897 546 1988 religiosos
560 1896 704 1986 ordines,
721 1921 862 1990 quorum
884 1899 998 1990 regule
1018 1901 1241 1992 superioribus

100 2007 215 2075 tribuit
240 2005 455 2075 constituendi
478 2005 696 2096 procuratoris
723 2014 923 2098 potestatem,
949 2029 1078 2076 necesse
1103 2030 1170 2077 non
1193 2017 1242 2078 est

100 2136 178 2181 eum
192 2112 410 2205 capitulariter
424 2112 521 2202 eligi,
538 2111 594 2180 sed
617 2111 658 2179 ad
680 2112 833 2181 standum
848 2115 883 2182 in
901 2113 1024 2205 judicio
1037 2114 1165 2183 admitti
1180 2114 1242 2185 de-

99 2220 202 2306 bebit,
218 2221 246 2288 si
262 2220 378 2289 habeat
394 2219 581 2288 mandatum
597 2218 853 2289 authenticnma
868 2221 1047 2312 superiore,
1060 2223 1130 2313 qui,
1143 2222 1239 2313 juxta

101 2328 154 2395 sui
169 2325 303 2396 Ordinis
317 2327 514 2413 institutum,
532 2325 722 2418 hujusmodi
737 2325 926 2395 mandetum
943 2327 1049 2394 valide
1064 2329 1240 2402 concedere

100 2442 217 2526 potest.
231 2433 268 2502 ld
280 2433 411 2525 quidem
424 2455 490 2502 uon
502 2433 628 2526 reperio
639 2433 827 2501 adnotatum
841 2433 882 2500 ub
894 2432 934 2500 iis
945 2434 1146 2522 auctoribus,
1158 2459 1241 2528 quos

99 2565 169 2632 prae
191 2541 339 2610 munibus
360 2539 479 2627 babeo,
499 2538 554 2608 sed
575 2539 704 2608 videtur
719 2539 853 2608 omnino
878 2539 1126 2609 admittendum.
1145 2543 1240 2611 Alio-

99 2650 185 2740 quin
201 2649 300 2733 enim,
318 2669 392 2716 cum
408 2647 442 2714 in
456 2645 548 2714 dictis
561 2643 739 2715 Ordinibus
757 2645 909 2736 praefutos
923 2645 1168 2716 deliberationes
1181 2671 1239 2718 ca-

100 2755 257 2849 pitulares
272 2753 384 2844 regula
394 2776 460 2820 non
471 2751 630 2838 admittat,
642 2773 708 2821 non
719 2759 849 2842 possent
863 2751 933 2820 ullo
945 2752 1041 2822 modo
1055 2755 1239 2824 communi-

101 2873 182 2933 tates
197 2863 311 2932 lulium
325 2860 479 2931 ordinum
494 2859 663 2929 conveniri
677 2869 735 2927 aut
747 2859 942 2946 convenire;
957 2861 1045 2951 quod
1059 2861 1238 2931 absurdum

100 2980 158 3039 est.
175 2971 241 3039 Nec
253 2969 380 3038 dicatur
394 2966 547 3059 iujuriam
560 2965 632 3036 lieri
647 2965 835 3058 hujusmodi
851 2967 1120 3036 communitatum
1134 2991 1239 3038 mem-

101 3079 182 3166 bris,
197 3077 224 3145 si
239 3075 318 3166 ipsis
333 3097 399 3143 non
414 3072 699 3153 consentientibus,
717 3071 838 3163 aliquis
851 3094 912 3164 pro
926 3094 1039 3141 eorum
1054 3076 1239 3144 communi-

100 3185 162 3252 bus
176 3183 271 3254 bonis
289 3189 321 3250 et
339 3180 469 3272 juribus
482 3178 650 3271 injudicio
669 3188 743 3268 eget
758 3187 816 3247 aut
835 3179 1026 3270 respoudeat
1044 3207 1051 3248 :
1068 3203 1143 3252 nam
1160 3183 1239 3252 tales

100 3292 230 3361 ordines
244 3291 412 3381 religiosos
427 3286 653 3378 ingrediendo,
671 3285 817 3376 regulam
837 3287 883 3355 ita
897 3286 1119 3378 disponentem
1136 3313 1239 3362 nove-

101 3411 189 3488 runt,
205 3409 302 3492 etque
319 3398 383 3490 ipsi
398 3403 641 3466 consenserunt.

148 3512 177 3574 5.
193 3505 278 3589 Quid
294 3505 455 3597 peculiare
469 3505 513 3571 sit
529 3503 678 3570 Fratrum
695 3499 859 3569 minorum
872 3496 989 3569 Ordini
1002 3502 1109 3592 quoad
1122 3505 1237 3594 syndi-

100 3636 187 3701 cum,
203 3613 278 3682 vide
292 3611 379 3704 apud
398 3609 557 3697 Ferraris,
574 3629 651 3676 voce
667 3605 842 3700 Syriaticus,
861 3628 895 3673 n.
916 3611 947 3674 9.

148 3727 176 3790 6.
188 3720 377 3791 Consultius
388 3725 481 3786 estut
493 3714 636 3805 religiosi
648 3737 714 3784 non
726 3713 793 3782 sint
806 3724 1029 3805 procuratores
1040 3738 1098 3784 seu
1110 3719 1237 3807 syndici

101 3853 234 3898 suorum
258 3827 432 3912 Ordinum,
449 3823 732 3908 monasteriorum,
749 3829 1026 3910 conventuumve3
1047 3823 1103 3892 sed
1127 3828 1235 3916 potius

100 3946 253 4006 extraneo
273 3935 308 4003 id
330 3931 476 4003 muneris
491 3930 699 4016 demandent,
714 3929 876 4018 assignato
893 3929 955 4020 ipsi
975 3928 1015 3996 nd
1035 3928 1095 4000 hoc
1115 3955 1236 4006 convc-

101 4045 202 4113 nienti
214 4044 342 4113 salario.
360 4042 493 4111 Constat
508 4061 549 4107 ex
564 4037 711 4129 sequenti
727 4035 761 4104 S.
780 4035 929 4125 Gregorii
949 4035 1059 4126 Megni
1081 4037 1235 4113 decreto:

100 4152 195 4220 Sicut
210 4151 310 4221 studii
324 4149 429 4218 nostri
441 4171 505 4217 csse
518 4146 609 4215 dedet
620 4168 642 4212 α
654 4143 768 4235 titiqits
778 4142 959 4234 forensibus
974 4147 1149 4216 monachos
1161 4152 1238 4220 sub-

102 4280 238 4342 mouere,
250 4259 299 4326 ito
310 4279 429 4326 neceam
440 4267 486 4324 est
494 4267 607 4324 nostro
612 4251 808 4344 provisione,
820 4250 1098 4342 quemadmodum
1106 4260 1237 4348 negotia

260 4381 282 4428 1.
1039 4363 1078 4423 td
