3056 4972
274 467 337 534 ata
496 541 499 546 Δ
646 485 823 532 anserinus
846 485 884 531 nn
906 485 1038 532 moraris.

272 609 447 700 disputata,
461 605 501 674 dc
516 614 724 698 procuratore
740 607 773 674 in
789 605 896 674 causis
911 606 1134 674 criminalibus
1148 603 1349 675 admittendo
1364 603 1421 672 vel

271 738 338 784 non
352 713 569 799 admittendo,
583 714 629 780 sic
644 713 787 782 breviter
801 713 920 784 resolvi
936 721 1039 804 potest
1057 741 1064 781 :

317 826 349 890 lt
370 822 407 891 Si
431 821 471 896 de
498 820 635 888 crimine
662 842 727 888 nou
752 826 869 910 agatur
890 819 1106 890 criminaliter
1128 819 1172 910 lid
1196 819 1302 888 estin
1326 819 1420 887 bunc

272 931 371 997 tinem
392 936 429 996 ut
453 927 607 995 delictum
622 924 730 995 debita
752 949 848 1018 poena
870 927 1052 1018 plectatur),
1070 927 1125 996 sed
1149 925 1320 996 dumtaxat
1335 925 1422 993 cici

270 1036 344 1104 liter
365 1034 411 1124 (id
433 1033 534 1102 estin
555 1033 643 1101 bunc
668 1032 768 1102 finem
793 1042 831 1102 ut
857 1033 1042 1102 obtineatur
1064 1034 1174 1126 aliqua
1197 1033 1421 1125 compensatio

268 1141 467 1234 pecuniaria,
483 1139 535 1208 vel
550 1139 634 1208 alins
648 1140 753 1208 civilis
767 1139 923 1230 effectus),
937 1139 1133 1226 admittitur,
1151 1145 1219 1208 tam
1233 1162 1294 1232 pro
1307 1146 1420 1208 actore

268 1271 368 1340 quam
397 1248 478 1333 Reo,
511 1254 713 1338 procurator.
744 1246 802 1315 Est
833 1248 991 1316 sententia
1020 1247 1203 1316 communis
1231 1246 1418 1316 doctorum.

266 1353 463 1424 Fundantnr
484 1361 606 1438 antem,
625 1361 695 1422 tum
720 1353 790 1444 lege
813 1354 902 1423 Licet
918 1355 987 1445 (u,
1009 1353 1050 1422 dc
1075 1353 1361 1433 Procuratoribcn,
1384 1353 1420 1421 in

268 1461 440 1531 Pandsctis
453 1460 655 1550 iustiniani);
673 1467 744 1530 tum
758 1461 847 1552 quod
862 1461 896 1529 in
912 1461 974 1530 hoc
988 1483 1063 1529 casu
1085 1461 1273 1530 nullatenus
1288 1483 1419 1530 necesse

268 1570 310 1638 sit
333 1569 497 1658 litigantes
525 1569 613 1658 ipsos
639 1567 766 1653 adesse,
789 1590 863 1636 cum
893 1590 958 1637 uon
983 1568 1019 1635 in
1044 1589 1159 1637 eorum
1187 1589 1338 1659 persons,
1359 1567 1419 1636 sed

268 1684 396 1744 tantum
408 1675 442 1742 in
458 1697 572 1743 eorum
586 1674 682 1744 bonis
695 1675 843 1744 executio
856 1674 1005 1744 facienda
1020 1675 1081 1762 sit;
1095 1681 1167 1743 tum
1181 1675 1347 1767 praecipuo
1362 1697 1419 1744 ca-

268 1783 336 1874 pite
354 1783 424 1850 Tnc
442 1780 488 1873 (5,
503 1780 543 1849 dc
566 1781 868 1872 Procuratorem),
885 1781 943 1850 ubi
962 1781 1172 1850 Innocentius
1192 1781 1237 1850 111
1260 1781 1416 1869 declarat,

268 1888 323 1977 agi
347 1909 440 1978 posse
466 1908 526 1978 per
549 1895 792 1978 procuratorem
820 1888 855 1955 in
885 1909 983 1958 causo
1009 1886 1172 1956 criminali
1197 1885 1362 1973 adulterii,
1390 1887 1418 1955 si
1505 1891 1506 1964 t

268 2002 386 2084 agatur
408 1993 580 2062 dumtnxat
605 1992 647 2062 ad
674 1993 888 2063 obtinendum
912 1994 977 2064 viri
1005 2001 1037 2062 et
1061 1994 1175 2063 uxoris
1202 1994 1382 2063 divortium
1408 2021 1414 2059 :

270 2108 495 2171 accusantem
525 2099 553 2168 si
579 2100 774 2190 postuletur,
796 2109 960 2192 patratum
987 2099 1113 2169 crimen
1140 2121 1238 2192 poena
1269 2101 1419 2192 corporis

270 2207 425 2278 afflictiva
438 2205 547 2298 plecti.

316 2319 350 2383 2·
378 2313 415 2382 Si
441 2321 557 2404 agatur
584 2313 797 2382 criminaliter
825 2315 973 2407 quidem,
1004 2317 1061 2387 sed
1093 2315 1133 2386 de
1160 2317 1298 2385 crimine
1328 2313 1417 2406 quod

272 2421 366 2515 plecti
382 2419 589 2488 solummodo
602 2418 718 2488 debeat
738 2420 830 2489 exilii
854 2430 911 2489 aut
933 2423 1086 2493 inferiore
1102 2446 1210 2515 prena,
1227 2429 1275 2491 cst
1296 2423 1418 2513 pariter

271 2527 491 2597 admittendus
506 2535 708 2618 procurator.
729 2527 889 2596 «Etenim
907 2532 1096 2599 firmissima
1118 2530 1228 2623 opinio
1249 2537 1310 2616 cst,
1329 2529 1417 2620 quod

277 2662 294 2702 «
316 2635 351 2702 in
366 2635 520 2703 omnibus
534 2633 639 2701 causis
654 2655 674 2702 a
689 2633 886 2722 relegatione
902 2636 1000 2724 infra,
1017 2637 1199 2707 admittitur
1212 2645 1415 2728 procurator,

276 2769 294 2810 a
316 2763 392 2810 cum
407 2738 616 2809 satisdatione
631 2739 671 2808 dc
687 2739 802 2808 stando
815 2741 924 2832 juri...
944 2743 985 2812 Et
1000 2745 1048 2812 sic
1072 2745 1107 2813 in
1128 2743 1365 2830 criminalibus,
1383 2742 1416 2809 in

277 2875 295 2916 c
317 2848 438 2942 quibus
454 2847 555 2914 intrat
576 2865 672 2937 poena
690 2847 889 2937 pecuniaria,
906 2850 997 2919 exilii
1019 2859 1050 2918 et
1072 2852 1170 2918 etiam
1190 2849 1416 2919 excommuni-

278 2983 296 3026 c
318 2955 464 3039 canonis,
480 2954 569 3022 Reus
584 2953 701 3020 absens
715 2954 832 3043 poterit
848 2977 881 3024 se
897 2955 1073 3026 defendere
1088 2979 1146 3048 per
1158 2966 1414 3049 procuratorem.

277 3061 400 3131 «Nam
427 3081 524 3151 poena
544 3057 638 3127 exilii
663 3080 729 3127 non
752 3058 870 3130 dicitur
885 3085 983 3153 paena
1010 3063 1155 3154 corporis
1179 3063 1347 3147 afflictius,
1363 3061 1416 3131 sed

277 3194 296 3236 a
320 3168 425 3236 medie
444 3166 619 3235 collocatur
633 3167 718 3234 inter
732 3169 933 3258 corporalem
954 3177 986 3237 et
1004 3171 1234 3261 pecuniariam.
1255 3197 1272 3236 s
1293 3171 1417 3261 (Mona-

275 3275 347 3345 celli
373 3273 615 3360 formularium,
646 3273 741 3342 titulo
770 3276 823 3362 lb,
851 3275 994 3343 formula
1020 3281 1052 3363 2,
1082 3277 1247 3346 adnotatio
1278 3281 1345 3368 to.)
1373 3281 1418 3346 lta

274 3380 493 3451 communiter
505 3380 649 3448 sentiunt
662 3377 821 3467 doctores,
837 3382 915 3472 qsria
937 3405 1053 3474 nempe
1075 3385 1180 3476 posita
1200 3387 1418 3477 procuratoris

274 3485 480 3558 convenienti
502 3483 712 3553 satisdatione
729 3486 1027 3579 (cautionnement),
1047 3491 1211 3560 moraliter
1232 3499 1357 3560 certum
1372 3498 1419 3558 est

275 3597 381 3664 Reum
396 3614 465 3661 sese
479 3591 670 3683 hujusmodi
683 3594 788 3683 poenis
803 3617 869 3662 non
883 3595 1157 3686 substracturum,
1174 3600 1201 3666 si
1216 3597 1257 3666 ad
1273 3621 1327 3666 eas
1341 3621 1419 3668 con-

277 3700 459 3770 damnetur.

323 3812 355 3874 3⁰
370 3806 406 3874 Si
422 3812 539 3896 agatur
553 3804 592 3872 da
606 3804 741 3874 crimine
761 3807 985 3895 criminaliter,
1003 3817 1035 3876 ct
1049 3809 1247 3900 imponenda
1268 3811 1309 3879 sit
1325 3833 1420 3904 poena

277 3913 425 4005 corporis
440 3912 594 3981 afflictius
614 3920 645 3979 ct
669 3911 863 4000 relegatione
884 3914 1001 4004 major,
1017 3937 1083 3984 non
1103 3917 1285 3987 admittitur
1301 3941 1420 4011 procn-

278 4027 366 4090 rator
387 4040 445 4108 pro
465 4019 548 4105 Rco,
564 4016 621 4086 sed
644 4017 857 4108 personaliter
876 4041 1064 4112 comparere
1087 4023 1192 4093 debet.
1215 4025 1357 4094 Eruitur
1379 4048 1420 4094 ex

277 4127 380 4218 capite
400 4126 532 4194 Veniens
549 4126 615 4216 (15,
631 4122 717 4191 tituli
734 4126 766 4211 l,
783 4123 857 4192 libri
883 4129 900 4192 5
922 4127 1164 4220 Decretalium),
1181 4131 1215 4198 in
1236 4154 1303 4223 qno
1322 4133 1420 4202 lnno-

278 4233 402 4306 ceribus
412 4231 469 4323 ΠΙ,
483 4230 620 4324 loquens
635 4229 674 4298 de
688 4229 846 4320 Progensi
858 4232 1029 4324 Episcopo,
1042 4235 1131 4326 apud
1145 4237 1264 4306 Sedem
1279 4239 1419 4336 Aposto-¹
