3046 4962
272 408 309 476 56
646 433 821 478 rnrcrrrus
843 434 881 479 nn
903 431 1035 478 sununs.

271 563 376 620 essent
389 553 548 644 ejusmodi
564 554 740 634 Decanicee,
755 554 841 642 leget
856 552 977 622 dictum
993 552 1139 622 libellum
1153 552 1265 622 Basilii
1279 552 1405 621 diaconi

174 693 176 702 ·
271 661 403 750 (Labbc,
424 671 499 730 torn.
518 663 575 746 III,
594 661 654 729 col.
679 665 754 746 976,
772 661 850 731 edit.
872 659 1017 750 venet),
1032 660 1090 752 qui
1114 659 1201 728 hisce
1223 661 1406 728 carceribus

270 769 311 835 ab
333 769 434 860 impio
454 770 604 860 episcopo
626 768 772 837 Nestorio
798 767 949 836 detrusus
973 767 1095 852 iuerat,
1115 776 1147 834 et
1169 767 1248 859 quid
1267 768 1330 836 sihi
1350 776 1406 836 to—

270 875 439 944 lerandum
463 877 560 944 fuerit
580 884 720 944 enarrat.
738 876 842 944 Usum
861 876 998 942 carceris
1021 874 1159 965 probant
1183 875 1317 966 iusuper
1332 875 1405 942 haec

271 983 304 1051 S.
321 983 471 1070 Gregorii
487 983 597 1073 Magni
612 982 711 1050 verba
728 1009 735 1049 :
754 983 794 1050 Si
816 1005 891 1050 uero
905 995 979 1049 sunt
994 981 1098 1063 liceri,
1116 981 1291 1050 inclusione
1306 982 1407 1071 eliqua

270 1089 481 1180 districtaque
494 1103 571 1158 sunt
589 1090 623 1158 in
642 1090 876 1181 poenitentiam
896 1087 1063 1179 rediqendi
1078 1089 1111 1179 (l.
1129 1094 1146 1156 6
1163 1089 1403 1179 Epistularum,

269 1220 321 1288 ep.
341 1199 408 1287 65).
427 1201 473 1267 Et
488 1197 571 1279 ideo,
590 1197 670 1288 quio
686 1197 774 1266 tanti
784 1196 943 1287 facinoris
958 1196 1127 1287 iniquitas,
1146 1195 1293 1265 destricta
1309 1209 1408 1288 atque
1510 1265 1511 1270 ,

268 1305 382 1373 subtili
402 1305 649 1393 inuestiqotionc
671 1303 844 1394 quaerenda
867 1315 966 1393 utque
987 1301 1162 1394 plectenda
1185 1315 1242 1382 est,
1264 1303 1326 1382 lenc
1348 1304 1409 1372 tibi

268 1413 466 1484 maturitate
474 1412 699 1503 precipimus,
716 1423 754 1478 ut
769 1410 922 1500 oiqilanti
935 1410 1043 1478 studio
1059 1423 1090 1477 et
1105 1410 1256 1499 diliqenti
1274 1411 1409 1478 omnino
1510 1439 1511 1460 a

268 1543 348 1590 cura
359 1519 552 1610 perquiras,·
564 1531 594 1586 et
609 1519 638 1585 si
649 1540 713 1608 qua
728 1517 851 1585 indicia
866 1515 1108 1608 apprehendere
1121 1517 1221 1608 liujus
1231 1519 1280 1586 rei
1289 1531 1407 1608 potue·
1510 1559 1511 1594 t

269 1630 325 1708 ris,
347 1650 421 1695 eum
444 1627 479 1693 ln
505 1623 687 1693 custodiam
711 1623 906 1703 districtam,
929 1647 1090 1715 quousque
1115 1625 1205 1693 nobis
1229 1626 1404 1704 renunties,

270 1735 418 1822 rediqas;
440 1745 476 1801 ut
494 1732 634 1822 qualiter
654 1732 930 1800 immanissimum
951 1731 1082 1821 facinus
1102 1730 1218 1800 discuti
1241 1731 1353 1801 debeat
1368 1756 1408 1800 ac

262 1841 391 1932 puniri,
408 1838 585 1907 deliberare
594 1838 756 1929 possimus
767 1837 1004 1927 (Epistularum
1020 1837 1076 1904 tib.
1096 1841 1147 1924 10,
1159 1836 1252 1928 epist.
1269 1842 1301 1923 l,
1313 1839 1410 1929 juxta
1510 1825 1511 1906 Ῠ

269 1947 347 2015 edit.
366 1945 561 2044 Benedici).

314 2053 474 2121 Probatur
491 2055 521 2119 3.
541 2055 596 2118 Eu
610 2051 782 2140 uirqarum
794 2073 906 2141 pana,
923 2072 1023 2140 quam
1043 2051 1085 2118 ab
1100 2051 1325 2142 antiquissimo
1341 2075 1409 2120 aeuo

271 2160 415 2228 Ecclesia
430 2159 580 2249 inlliqere
599 2157 696 2225 solita
711 2157 787 2246 picit.
804 2195 849 2208 -
864 2155 1001 2225 Sanctus
1021 2158 1225 2246 Augustinus
1245 2158 1410 2227 Marcelli·

271 2289 351 2336 nuru
366 2266 536 2334 tribunum
550 2263 722 2349 hortando,
734 2272 771 2332 ut
783 2264 971 2332 verberibus
986 2264 1168 2351 dumtaxat,
1180 2287 1246 2334 non
1257 2289 1336 2334 vero
1347 2267 1410 2334 du-
1510 2273 1511 2350 t

271 2375 412 2444 rioribus
429 2373 598 2440 tormentis
619 2373 654 2438 in
669 2373 851 2441 Donatistae
865 2371 1111 2456 animadvertat,
1129 2373 1260 2440 adnotat
1283 2373 1410 2442 solitam

271 2482 368 2548 fuisse
388 2480 562 2547 verberum
583 2501 713 2570 poenam
733 2479 773 2546 ab
790 2478 957 2569 Episcopis
976 2477 1125 2546 adhiberi
1148 2505 1155 2546 :
1179 2481 1266 2560 Noli,
1289 2479 1410 2570 inquit,

267 2587 402 2678 perdere
426 2599 601 2676 paternam
625 2585 843 2675 diliqmtium‚
868 2607 969 2675 quam
990 2585 1118 2674 inipso
1145 2586 1319 2676 iniquitute
1344 2609 1411 2655 ser-

270 2694 366 2773 vasti,
385 2691 516 2783 quondo
532 2705 704 2758 tantorum
723 2692 878 2759 scelerum
898 2692 1127 2782 confessionem
1142 2715 1208 2759 non
1226 2692 1413 2761 extendente

270 2802 387 2880 eculeo,
413 2797 476 2866 nou
501 2797 700 2866 sulcantibus
729 2798 868 2886 unqulis,
891 2821 956 2866 non
983 2798 1150 2866 urentibus
1170 2801 1333 2888 flammis,
1357 2801 1415 2868 sed

271 2909 440 2996 uirqarum
457 2903 635 2972 uerberibus
651 2904 766 2971 emuli
783 2929 793 2969 :
810 2904 868 2994 qui
888 2904 1002 2972 modus
1025 2905 1225 2999 coercitionis
1245 2919 1275 2973 et
1297 2930 1318 2974 a
1339 2929 1413 2975 mo·
1510 2897 1511 2968 ἶ

271 3015 381 3105 pistris
394 3013 581 3081 liberalium
597 3010 734 3090 ortium,
749 3024 780 3078 et
794 3011 837 3078 ab
851 3011 928 3100 ipsis
948 3012 1151 3101 parentibus,
1170 3026 1201 3080 ct
1215 3015 1414 3105 supertiam
1510 2987 1511 3074 i

272 3125 306 3190 in
314 3119 455 3213 judiciis
467 3120 547 3187 solet
561 3119 602 3186 ab
615 3119 788 3210 Episcopis
803 3117 964 3187 udltiberi.
987 3119 1101 3209 (Epist.
1125 3124 1200 3206 132,
1216 3144 1250 3187 n.
1269 3127 1303 3205 2,
1318 3122 1415 3212 juxta
1510 3137 1511 3152 .

272 3227 446 3296 editionem
468 3225 646 3313 Benedict.)
664 3227 701 3292 ln
717 3225 796 3293 actis
812 3227 848 3294 S.
865 3225 1013 3309 Caesarii,
1032 3225 1233 3294 Arelatensis
1249 3227 1413 3318 Episcopi,
1510 3213 1511 3264 t

272 3336 313 3404 ab
335 3335 435 3424 ipsius
459 3332 618 3424 discipulo
641 3333 806 3423 Cypriane
831 3332 1021 3422 conscriptis
1040 3359 1047 3398 :
1066 3332 1201 3400 Solebat
1222 3333 1416 3402 cirsarwtus

273 3442 309 3511 id
326 3452 478 3509 accurate
503 3440 737 3518 observarem
762 3461 857 3507 nemo
879 3463 919 3506 ec
941 3439 1006 3508 illis
1031 3439 1089 3529 qui
1113 3439 1177 3530 ipsi
1195 3441 1370 3531 parebant,
1387 3443 1418 3509 si

265 3572 331 3640 pro
345 3547 441 3638 culpa
462 3568 520 3612 sua
536 3545 732 3636 (lapellandi
749 3559 859 3626 essent,
878 3547 1021 3635 amplius
1048 3546 1186 3635 triqinta
1209 3570 1324 3614 nouem
1342 3548 1416 3616 icti-

273 3657 330 3724 bus
344 3655 541 3747 ferirentum
557 3653 605 3719 ita
631 3666 751 3734 tamen,
769 3665 806 3718 ut
826 3653 855 3719 si
877 3653 948 3742 quis
973 3653 1010 3719 in
1031 3653 1128 3742 qraui
1150 3653 1245 3742 eulpa
1262 3667 1339 3721 esset
1360 3654 1416 3721 de·
1469 3711 1471 3716 .
1510 3677 1511 3704 2

268 3763 455 3855 prelrensus,
473 3759 678 3850 permitteret
699 3771 736 3825 ut
756 3772 833 3849 post
854 3759 921 3826 dies
939 3781 1063 3849 paucos
1087 3757 1259 3854 capularet
1283 3760 1413 3829 iterum.
1510 3801 1511 3834 ι

272 3869 364 3960 (Vita
380 3869 419 3937 S.
440 3865 575 3936 Censorii
590 3865 690 3945 Arei,
707 3865 793 3956 apud
809 3864 957 3950 Surium,
975 3865 1016 3933 ad
1032 3865 1119 3933 diem
1141 3869 1180 3932 27
1199 3867 1353 3956 augusti.)

318 3979 414 4043 Auno
437 3979 512 4059 506,
530 3972 704 4040 concilium
723 3971 922 4060 Agathense,
938 3995 1060 4040 canone
1083 3974 1147 4039 tt:
1170 3973 1332 4041 Clericum
1356 3989 1417 4043 ant

273 4082 470 4152 monaclrum
491 4081 560 4148 sine
579 4077 855 4146 commendatitiis
874 4103 1005 4168 aequm,
1022 4079 1051 4146 si
1070 4081 1240 4147 amborum
1266 4081 1416 4172 increpa·
1510 4079 1511 4164 l

270 4191 358 4260 tione
374 4212 440 4257 non
456 4186 652 4269 emendetur,
672 4186 773 4255 etiam
790 4185 969 4255 uerliembus
984 4186 1159 4256 statuimus
1174 4188 1321 4256 coerceri.
