3030 4980
276 477 336 542 seo
419 449 421 456 ’
790 495 895 543 non.

271 619 342 670 cte.
357 618 400 667 lv.
413 616 549 676 Quomodo
558 615 677 681 dignosci
689 620 767 680 quest
779 621 864 668 utrum
874 617 932 682 quis
943 619 1096 682 competens
1109 612 1185 676 sitsi
1198 611 1337 664 ordinariis

299 695 490 760 jurisdictionis
492 729 1332 747 .....................
1370 696 1418 741 itt

336 787 399 836 tor.
413 786 433 835 l.
445 783 580 844 Quomodo
600 783 719 848 dignosci
740 789 818 848 quest
837 789 925 837 utrum
940 785 1091 838 Ordinmius
1101 782 1336 834 noo-territorielis

302 870 454 930 competens
467 865 542 914 sitin
560 865 645 928 ulique
665 880 742 916 ceusu
744 899 1333 916 ...............
1373 865 1420 910 tot

332 947 394 996 Ans.
408 947 440 999 ll.
455 944 591 1006 Quomodo
603 945 720 1010 dignosci
734 949 812 1010 queet
821 960 854 996 en
865 947 923 1010 quis
938 947 1111 996 territuriulis
1119 944 1200 1010 judex
1211 944 1238 994 in
1249 943 1337 1007 ulique

302 1041 379 1077 muse
392 1026 426 1077 sit
443 1029 595 1090 competens
627 1060 1335 1078 ..................
1371 1025 1420 1070 000

301 1123 352 1187 §L
368 1124 404 1172 De
417 1123 590 1187 competentiis
598 1123 716 1187 judicum
727 1125 922 1175 territorielium
935 1124 1034 1176 rollone
1046 1123 1172 1174 domioifii
1203 1160 1210 1172 .
1243 1159 1250 1172 .
1283 1157 1291 1171 .
1324 1158 1334 1171 .
1370 1124 1420 1168 000

301 1204 367 1266 §lb
383 1205 419 1254 Do
433 1203 608 1268 competentis
618 1204 737 1268 judicum
753 1205 946 1256 territorielium
961 1206 1061 1256 rodone
1074 1208 1250 1258 contructis.
1285 1238 1292 1252 .
1325 1240 1334 1251 .
1370 1205 1419 1250 000

301 1283 376 1347 §tlt
388 1285 425 1334 De
440 1285 615 1348 competentia
624 1284 742 1349 judieum
755 1287 949 1337 territorielium
961 1286 1112 1338 rationerei
1125 1285 1210 1336 site.
1244 1321 1250 1332 .
1285 1320 1292 1332 .
1326 1319 1335 1331 .
1370 1285 1419 1330 000

300 1364 374 1426 §W-
390 1365 425 1414 Qe
439 1364 741 1428 competentisjudioum
753 1365 946 1418 territoriulium
958 1366 1057 1418 udone
1071 1365 1170 1416 delicti.
1204 1401 1209 1414 .
1286 1399 1292 1412 .
1326 1399 1334 1410 .
1370 1365 1418 1410 2⁹⁴

269 1506 388 1558 SECTIO
406 1507 445 1558 Vl.
458 1508 494 1558 De
507 1507 704 1572 probationibus
713 1507 880 1572 judicialibus
912 1539 1335 1560 ...........
1371 1506 1419 1551 000

268 1633 339 1684 CAP.
353 1633 373 1682 l.
387 1631 673 1696 Deprobetionlbusin
687 1645 782 1696 genere
785 1665 1334 1683 ..............
1370 1633 1420 1680 000

332 1714 442 1775 Quastiu
458 1716 495 1761 lt.
510 1713 578 1773 Quid
592 1713 625 1762 sil
640 1712 758 1776 probutio
787 1745 1333 1762 ..............
1370 1712 1418 1757 000

332 1793 442 1856 Quaestio
455 1795 492 1840 ts.
507 1793 654 1856 Quotuplex
666 1791 837 1856 distinguetur
870 1828 1043 1841 .....
1076 1801 1080 1810 ’
1080 1826 1333 1840 .......
1371 1791 1419 1836 003

333 1875 444 1935 Queslr'o
458 1877 493 1922 3⁸.
507 1874 631 1932 Qumnem
649 1873 700 1922 sint
716 1872 854 1936 praeoipuae
868 1873 970 1936 speeies
984 1871 1144 1936 probotionis
1158 1869 1250 1935 plenis.
1285 1906 1291 1920 .
1326 1904 1334 1918 .
1371 1872 1418 1916 000

332 1955 443 2018 Quaestio
458 1959 493 2004 ts.
508 1953 618 2013 Quinum
637 1952 824 2018 sintprmoipui
842 1953 926 2016 plene
937 1950 1216 2016 probotioniselleetus
1244 1985 1251 1998 .
1287 1985 1293 1996 .
1328 1985 1337 1997 .
1372 1951 1420 1996 000

333 2036 442 2096 Quaestio
457 2039 492 2084 te.
506 2035 628 2093 Quisnam
641 2033 692 2082 sint
705 2032 843 2097 praeoiporo
853 2033 956 2097 speeies
968 2031 1128 2095 semi-plene
1141 2028 1303 2094 probotionis
1328 2064 1336 2076 .
1373 2031 1417 2076 000

333 2116 443 2177 Questio
458 2117 494 2164 te.
508 2113 618 2173 Quinem
628 2115 679 2164 sint
692 2113 853 2178 semi-plenus
867 2112 1029 2177 probotionis
1041 2111 1148 2162 effeetus
1159 2109 1292 2174 prreeipoi.
1327 2146 1333 2156 .
1372 2111 1419 2155 000

333 2196 444 2259 Quaestio
458 2195 495 2244 7¹.
511 2199 549 2246 tn
560 2199 585 2244 et
597 2194 700 2258 quondo
714 2197 772 2244 duee
782 2194 945 2258 semi-plenis
954 2192 1121 2257 probationes
1130 2190 1244 2241 elfloisnt
1256 2202 1337 2238 unum

361 2278 467 2339 plenum
497 2305 1336 2324 .....................
1373 2271 1420 2316 ³0⁵

332 2355 442 2417 Quaestio
457 2358 493 2404 8⁸.
508 2353 614 2404 Quidem
627 2353 825 2404 incumbetrem
837 2353 972 2418 injudicio
983 2356 1107 2402 auserim
1119 2347 1247 2415 probandi
1259 2362 1335 2400 onus.
1373 2352 1420 2396 000

332 2435 442 2496 Quaestio
453 2437 490 2484 9⁸.
505 2433 613 2484 cimam
625 2432 760 2484 incumbet
773 2433 884 2498 probare
899 2445 955 2482 rem
973 2431 1113 2496 injudicio
1125 2433 1254 2494 uegetum.
1288 2465 1296 2477 .
1329 2465 1337 2476 .
1374 2431 1421 2476 006

269 2543 337 2592 cli’.
351 2542 383 2591 11.
399 2541 434 2590 De
452 2539 560 2590 testibus
579 2571 1337 2588 ...................
1374 2537 1421 2582 000

332 2620 441 2684 Quaestio
456 2619 615 2678 l·.Quinom
628 2618 807 2670 adferendum
819 2619 846 2670 in
863 2619 962 2682 judioio
977 2618 1152 2669 testimonium
1168 2616 1221 2682 epti
1231 2615 1294 2665 sint.
1329 2649 1336 2664 .
1374 2618 1420 2662 000

332 2701 440 2762 Quaestio
453 2704 491 2750 2⁸.
503 2699 571 2758 Quot
583 2699 747 2763 requiruntur
758 2702 837 2748 testes
858 2698 892 2748 ed
912 2697 1075 2762 probandum
1079 2731 1336 2746 .......
1374 2698 1418 2742 000

334 2782 444 2842 Questio
457 2783 493 2828 ³⁸.
508 2779 644 2840 Quomodo
657 2779 740 2844 reoipi
762 2777 875 2828 debeant
896 2781 986 2838 testes,
998 2780 1070 2842 purte
1084 2775 1193 2826 adverse
1210 2775 1299 2835 eitete,
1311 2779 1338 2823 et

363 2859 494 2926 quomodo
503 2861 680 2924 juramentum
694 2860 727 2908 ub
740 2858 778 2908 eis
792 2857 962 2908 emittendum
973 2859 1007 2906 sit
1041 2890 1336 2906 ........
1373 2857 1417 2902 000

333 2941 444 3005 Quaestio
462 2945 497 2991 ts.
513 2943 552 2989 An
564 2945 590 2990 et
603 2939 664 3003 quid
677 2940 790 3004 probent
803 2944 880 2988 testes
892 2939 1036 3001 singulares
1038 2969 1336 2986 ........
1374 2938 1419 2982 000

333 3023 445 3083 Quaestio
459 3024 494 3069 5⁸.
508 3021 590 3080 Quem
601 3019 653 3069 vim
665 3018 796 3083 probandi
809 3018 923 3068 habeant
935 3021 1013 3070 testes
1023 3017 1072 3066 sibi
1085 3015 1149 3080 ipsis
1162 3013 1295 3066 contrarii.
1330 3049 1338 3062 .
1374 3017 1421 3063 000

333 3102 443 3164 Quaestio
458 3107 494 3151 θ’.
506 3100 666 3166 Quotupliois
678 3100 782 3164 generis
797 3098 966 3162 exceptiones
984 3101 1075 3147 oontm
1092 3099 1170 3147 testes
1183 3095 1280 3160 opponi
1295 3109 1339 3144 ru·

361 3184 441 3242 leont,
453 3187 479 3231 et
489 3180 553 3244 quid
563 3194 640 3243 egere
654 3177 838 3243 debeetjudex
852 3177 956 3242 quondo
967 3179 1135 3240 opponuntur
1160 3211 1167 3224 .
1200 3209 1207 3223 .
1243 3210 1249 3221 .
1284 3211 1290 3222 .
1329 3211 1335 3221 .
1374 3177 1421 3222 000

332 3265 489 3327 questions.
502 3261 566 3319 Quae
577 3256 936 3320 sitnormotenendequoed
952 3255 1163 3319 reprobationem
1177 3252 1289 3304 testium.
1326 3290 1332 3302 .
1369 3257 1418 3302 000

270 3373 338 3425 GAP.
354 3372 398 3422 lll.
413 3370 450 3418 De
468 3366 646 3418 instrumentis
661 3393 1335 3415 ................
1376 3363 1421 3408 seo

332 3451 442 3514 Quinctio
456 3448 493 3497 1¹.
509 3445 574 3506 Quid
590 3447 622 3497 sit
634 3445 832 3496 instrumentum
852 3448 877 3492 et
895 3443 1035 3506 quotuplex
1039 3473 1338 3488 ........
1377 3441 1421 3487 000

333 3533 443 3592 Quaeotio
456 3529 494 3577 2⁸.
507 3527 574 3587 Quid
588 3527 615 3576 in
629 3527 802 3575 instrumento
825 3521 932 3587 publico
952 3521 1099 3584 requiretur
1114 3531 1145 3568 ex
1165 3521 1238 3582 perte
1259 3517 1340 3568 ounll-

364 3609 457 3658 eientis
472 3611 498 3656 et
514 3621 547 3655 ex
562 3610 635 3670 parte
650 3604 740 3654 lormae
743 3633 1337 3651 ...............
1376 3601 1422 3646 000

334 3690 446 3750 Quaestio
460 3691 496 3738 ss.
511 3687 640 3744 Quantum
652 3685 766 3748 probent
777 3683 948 3732 instrumente
959 3679 1064 3744 publice
1082 3714 1340 3728 .......
1378 3681 1420 3726 000

336 3769 448 3830 Quaertio
464 3771 499 3816 ts.
513 3765 642 3824 Quantum
656 3764 768 3828 probent
781 3762 951 3812 instrumente
962 3761 1062 3823 privetu
1079 3793 1338 3808 .......
1378 3761 1421 3805 tsi

334 3849 445 3911 Quaestio
459 3853 494 3896 5⁸.
509 3845 644 3904 Quomodo
665 3842 813 3908 impugnari
828 3841 929 3906 possint
949 3841 1119 3890 instrumente
1121 3874 1339 3887 ......
1378 3841 1422 3886 eit

334 3931 444 3991 Questio
458 3932 494 3975 6².
509 3924 656 3988 Quotuplioi
668 3924 746 3973 modo
763 3922 868 3986 probari
879 3920 960 3985 possit
971 3919 1134 3971 instrumenti
1146 3917 1251 3968 lulsites.
1290 3956 1295 3966 .
1333 3955 1340 3966 .
1378 3921 1421 3966 300

272 4035 341 4092 CAP.
355 4036 397 4085 lV.
413 4036 449 4084 [le
461 4031 708 4098 presumptionibus
710 4061 1342 4080 ................
1379 4029 1423 4074 000

335 4116 445 4177 Quaestio
458 4119 493 4162 qa,
508 4112 575 4170 Quid
590 4115 616 4160 et
628 4111 768 4174 quotuplex
783 4110 815 4160 sit
827 4108 993 4172 presumptio
996 4141 1338 4156 .........
1379 4111 1423 4154 000

336 4195 494 4257 Questiots.
508 4191 616 4251 Quinem
631 4190 682 4240 sint
698 4187 1035 4253 effeetuspresumptionis
1048 4191 1101 4238 tum
1118 4186 1194 4250 iuris,
1208 4185 1285 4294 tum'
1275 4185 1344 4250 Juris

365 4278 392 4326 et
404 4273 456 4323 de
446 4286 505 4337 Juro
536 4303 1343 4324 ...................
1379 4269 1422 4317 000
