<?xml version="1.0" encoding="UTF-8"?>
<!DOCTYPE html PUBLIC "-//W3C//DTD XHTML 1.0 Transitional//EN"
    "http://www.w3.org/TR/xhtml1/DTD/xhtml1-transitional.dtd">
<html xmlns="http://www.w3.org/1999/xhtml" xml:lang="en" lang="en">
 <head>
  <title>
</title>
<meta http-equiv="Content-Type" content="text/html;charset=utf-8" />
  <meta name='ocr-system' content='tesseract 3.04.00' />
  <meta name='ocr-capabilities' content='ocr_page ocr_carea ocr_par ocr_line ocrx_word'/>
</head>
<body>
  <div class='ocr_page' id='page_1' title='image "./tractatusdejudi01goog_0344.png"; bbox 0 0 3032 4976; ppageno 0'>
   <div class='ocr_carea' id='block_1_1' title="bbox 541 481 1209 554">
    <p class='ocr_par' dir='ltr' id='par_1_1' title="bbox 541 481 1209 554">
     <span class='ocr_line' id='line_1_1' title="bbox 541 481 1209 554; baseline -0.003 -2"><span class='ocrx_word' id='word_1_1' title='bbox 541 505 616 554; x_wconf 75' lang='lat' dir='ltr'><strong>ruas</strong></span> <span class='ocrx_word' id='word_1_2' title='bbox 638 503 742 554; x_wconf 76' lang='lat' dir='ltr'><strong>eurus.</strong></span> <span class='ocrx_word' id='word_1_3' title='bbox 1148 481 1209 550; x_wconf 75' lang='grc'><strong>333</strong></span> 
     </span>
    </p>
   </div>
   <div class='ocr_carea' id='block_1_2' title="bbox 77 625 1271 4371">
    <p class='ocr_par' dir='ltr' id='par_1_2' title="bbox 77 625 1212 832">
     <span class='ocr_line' id='line_1_2' title="bbox 124 625 1212 722; baseline -0.003 -24"><span class='ocrx_word' id='word_1_4' title='bbox 124 633 150 698; x_wconf 83' lang='grc'><strong>1·</strong></span> <span class='ocrx_word' id='word_1_5' title='bbox 165 629 382 700; x_wconf 61' lang='lat' dir='ltr'><strong>tentorium</strong></span> <span class='ocrx_word' id='word_1_6' title='bbox 397 641 428 698; x_wconf 84' lang='lat' dir='ltr'><strong>et</strong></span> <span class='ocrx_word' id='word_1_7' title='bbox 445 627 710 722; x_wconf 80' lang='lat' dir='ltr'><strong>promissorium,</strong></span> <span class='ocrx_word' id='word_1_8' title='bbox 727 649 867 720; x_wconf 85' lang='lat' dir='ltr'><strong>quorum</strong></span> <span class='ocrx_word' id='word_1_9' title='bbox 887 625 1120 698; x_wconf 87' lang='lat' dir='ltr'><strong>vocabulorum</strong></span> <span class='ocrx_word' id='word_1_10' title='bbox 1137 649 1212 696; x_wconf 91' lang='lat' dir='ltr'><strong>sen-</strong></span> 
     </span>
     <span class='ocr_line' id='line_1_3' title="bbox 77 737 451 832; baseline 0.005 -27"><span class='ocrx_word' id='word_1_11' title='bbox 77 761 131 808; x_wconf 84' lang='lat' dir='ltr'><strong>sus</strong></span> <span class='ocrx_word' id='word_1_12' title='bbox 142 737 220 808; x_wconf 89' lang='lat' dir='ltr'><strong>satis</strong></span> <span class='ocrx_word' id='word_1_13' title='bbox 232 762 291 832; x_wconf 88' lang='lat' dir='ltr'><strong>per</strong></span> <span class='ocrx_word' id='word_1_14' title='bbox 305 759 339 807; x_wconf 88' lang='lat' dir='ltr'><strong>se</strong></span> <span class='ocrx_word' id='word_1_15' title='bbox 353 745 451 831; x_wconf 85' lang='lat' dir='ltr'><strong>putet.</strong></span> 
     </span>
    </p>

    <p class='ocr_par' dir='ltr' id='par_1_3' title="bbox 77 839 1215 1365">
     <span class='ocr_line' id='line_1_4' title="bbox 122 839 1214 934; baseline -0.004 -22"><span class='ocrx_word' id='word_1_16' title='bbox 122 847 151 912; x_wconf 79' lang='lat' dir='ltr'><strong>l·</strong></span> <span class='ocrx_word' id='word_1_17' title='bbox 165 844 393 914; x_wconf 82' lang='lat' dir='ltr'><strong>loramentum</strong></span> <span class='ocrx_word' id='word_1_18' title='bbox 408 842 620 912; x_wconf 61' lang='lat' dir='ltr'><strong>assertorem</strong></span> <span class='ocrx_word' id='word_1_19' title='bbox 644 842 764 934; x_wconf 79' lang='lat' dir='ltr'>duplex</span> <span class='ocrx_word' id='word_1_20' title='bbox 780 850 828 911; x_wconf 90' lang='lat' dir='ltr'><strong>est</strong></span> <span class='ocrx_word' id='word_1_21' title='bbox 846 869 854 911; x_wconf 75' lang='grc' dir='ltr'>ε</span> <span class='ocrx_word' id='word_1_22' title='bbox 871 841 956 912; x_wconf 83' lang='lat' dir='ltr'><strong>Litis</strong></span> <span class='ocrx_word' id='word_1_23' title='bbox 970 839 1164 923; x_wconf 68' lang='lat' dir='ltr'><strong>decidendas,</strong></span> <span class='ocrx_word' id='word_1_24' title='bbox 1182 849 1214 908; x_wconf 86' lang='lat' dir='ltr'><strong>et</strong></span> 
     </span>
     <span class='ocr_line' id='line_1_5' title="bbox 78 949 1215 1043; baseline -0.003 -25"><span class='ocrx_word' id='word_1_25' title='bbox 78 950 215 1020; x_wconf 68' lang='lat' dir='ltr'><strong>delitent</strong></span> <span class='ocrx_word' id='word_1_26' title='bbox 234 950 473 1020; x_wconf 78' lang='lat' dir='ltr'><strong>aestimandam.</strong></span> <span class='ocrx_word' id='word_1_27' title='bbox 497 949 594 1020; x_wconf 80' lang='lat' dir='ltr'>Prius</span> <span class='ocrx_word' id='word_1_28' title='bbox 617 959 666 1020; x_wconf 86' lang='lat' dir='ltr'><strong>est</strong></span> <span class='ocrx_word' id='word_1_29' title='bbox 684 949 767 1019; x_wconf 92' lang='lat' dir='ltr'><strong>illud</strong></span> <span class='ocrx_word' id='word_1_30' title='bbox 789 949 877 1043; x_wconf 87' lang='lat' dir='ltr'><strong>quod</strong></span> <span class='ocrx_word' id='word_1_31' title='bbox 892 956 1067 1042; x_wconf 81' lang='lat' dir='ltr'><strong>praestntur</strong></span> <span class='ocrx_word' id='word_1_32' title='bbox 1087 956 1215 1040; x_wconf 84' lang='lat' dir='ltr'><strong>aperte</strong></span> 
     </span>
     <span class='ocr_line' id='line_1_6' title="bbox 77 1053 1214 1147; baseline -0.004 -22"><span class='ocrx_word' id='word_1_33' title='bbox 77 1056 219 1147; x_wconf 74' lang='lat' dir='ltr'><strong>litigante</strong></span> <span class='ocrx_word' id='word_1_34' title='bbox 231 1056 272 1126; x_wconf 84' lang='lat' dir='ltr'><strong>ad</strong></span> <span class='ocrx_word' id='word_1_35' title='bbox 288 1055 465 1126; x_wconf 83' lang='lat' dir='ltr'><strong>finiendam</strong></span> <span class='ocrx_word' id='word_1_36' title='bbox 479 1055 582 1126; x_wconf 90' lang='lat' dir='ltr'><strong>litem.</strong></span> <span class='ocrx_word' id='word_1_37' title='bbox 600 1056 766 1128; x_wconf 77' lang='lat' dir='ltr'>Posterius</span> <span class='ocrx_word' id='word_1_38' title='bbox 782 1064 830 1126; x_wconf 88' lang='lat' dir='ltr'><strong>cst</strong></span> <span class='ocrx_word' id='word_1_39' title='bbox 850 1077 916 1147; x_wconf 90' lang='lat' dir='ltr'><strong>qno</strong></span> <span class='ocrx_word' id='word_1_40' title='bbox 936 1055 984 1124; x_wconf 90' lang='lat' dir='ltr'><strong>rei</strong></span> <span class='ocrx_word' id='word_1_41' title='bbox 1007 1053 1158 1147; x_wconf 75' lang='lat' dir='ltr'><strong>alicujus,</strong></span> <span class='ocrx_word' id='word_1_42' title='bbox 1174 1053 1214 1122; x_wconf 91' lang='lat' dir='ltr'><strong>de</strong></span> 
     </span>
     <span class='ocr_line' id='line_1_7' title="bbox 79 1161 1213 1256; baseline -0.003 -24"><span class='ocrx_word' id='word_1_43' title='bbox 79 1185 142 1255; x_wconf 86' lang='lat' dir='ltr'><strong>quo</strong></span> <span class='ocrx_word' id='word_1_44' title='bbox 161 1164 195 1232; x_wconf 91' lang='lat' dir='ltr'><strong>in</strong></span> <span class='ocrx_word' id='word_1_45' title='bbox 215 1162 340 1256; x_wconf 88' lang='lat' dir='ltr'><strong>judicio</strong></span> <span class='ocrx_word' id='word_1_46' title='bbox 363 1164 628 1252; x_wconf 74' lang='lat' dir='ltr'><strong>controvertitur,</strong></span> <span class='ocrx_word' id='word_1_47' title='bbox 655 1163 827 1233; x_wconf 78' lang='lat' dir='ltr'><strong>estimatio</strong></span> <span class='ocrx_word' id='word_1_48' title='bbox 847 1161 885 1230; x_wconf 88' lang='lat' dir='ltr'><strong>fit</strong></span> <span class='ocrx_word' id='word_1_49' title='bbox 907 1185 982 1232; x_wconf 91' lang='lat' dir='ltr'><strong>cum</strong></span> <span class='ocrx_word' id='word_1_50' title='bbox 1004 1161 1213 1254; x_wconf 77' lang='lat' dir='ltr'><strong>juramento3</strong></span> 
     </span>
     <span class='ocr_line' id='line_1_8' title="bbox 78 1269 1102 1365; baseline -0.002 -26"><span class='ocrx_word' id='word_1_51' title='bbox 78 1271 168 1340; x_wconf 90' lang='lat' dir='ltr'><strong>verbi</strong></span> <span class='ocrx_word' id='word_1_52' title='bbox 180 1272 297 1361; x_wconf 79' lang='lat' dir='ltr'><strong>gretia,</strong></span> <span class='ocrx_word' id='word_1_53' title='bbox 310 1271 441 1364; x_wconf 83' lang='lat' dir='ltr'><strong>quando</strong></span> <span class='ocrx_word' id='word_1_54' title='bbox 457 1272 531 1365; x_wconf 80' lang='lat' dir='ltr'><strong>quia</strong></span> <span class='ocrx_word' id='word_1_55' title='bbox 542 1271 633 1364; x_wconf 83' lang='lat' dir='ltr'><strong>jurat</strong></span> <span class='ocrx_word' id='word_1_56' title='bbox 646 1293 715 1340; x_wconf 91' lang='lat' dir='ltr'><strong>rem</strong></span> <span class='ocrx_word' id='word_1_57' title='bbox 728 1269 869 1340; x_wconf 85' lang='lat' dir='ltr'><strong>ablatam</strong></span> <span class='ocrx_word' id='word_1_58' title='bbox 883 1269 992 1340; x_wconf 85' lang='lat' dir='ltr'><strong>valere</strong></span> <span class='ocrx_word' id='word_1_59' title='bbox 1009 1270 1102 1338; x_wconf 85' lang='lat' dir='ltr'><strong>tanti.</strong></span> 
     </span>
    </p>

    <p class='ocr_par' dir='ltr' id='par_1_4' title="bbox 80 1375 1271 1662">
     <span class='ocr_line' id='line_1_9' title="bbox 125 1375 1271 1468; baseline -0.003 -21"><span class='ocrx_word' id='word_1_60' title='bbox 125 1381 156 1446; x_wconf 79' lang='lat'><strong>3⁰</strong></span> <span class='ocrx_word' id='word_1_61' title='bbox 169 1378 395 1449; x_wconf 81' lang='lat' dir='ltr'><strong>loramentum</strong></span> <span class='ocrx_word' id='word_1_62' title='bbox 426 1377 493 1448; x_wconf 75' lang='lat' dir='ltr'><strong>ltro</strong></span> <span class='ocrx_word' id='word_1_63' title='bbox 521 1376 714 1461; x_wconf 69' lang='lat' dir='ltr'><strong>decidendo,</strong></span> <span class='ocrx_word' id='word_1_64' title='bbox 744 1375 967 1447; x_wconf 81' lang='lat' dir='ltr'><strong>subdividitur</strong></span> <span class='ocrx_word' id='word_1_65' title='bbox 996 1377 1030 1446; x_wconf 90' lang='lat' dir='ltr'><strong>in</strong></span> <span class='ocrx_word' id='word_1_66' title='bbox 1049 1375 1214 1468; x_wconf 88' lang='lat' dir='ltr'><strong>judiciale,</strong></span> <span class='ocrx_word' id='word_1_67' title='bbox 1270 1449 1271 1453; x_wconf 45' lang='lat'>,</span> 
     </span>
     <span class='ocr_line' id='line_1_10' title="bbox 80 1482 1217 1577; baseline -0.001 -25"><span class='ocrx_word' id='word_1_68' title='bbox 80 1491 112 1552; x_wconf 89' lang='lat' dir='ltr'><strong>et</strong></span> <span class='ocrx_word' id='word_1_69' title='bbox 124 1482 381 1577; x_wconf 79' lang='lat' dir='ltr'><strong>extrajndiciale3</strong></span> <span class='ocrx_word' id='word_1_70' title='bbox 401 1491 498 1576; x_wconf 89' lang='lat' dir='ltr'><strong>prout</strong></span> <span class='ocrx_word' id='word_1_71' title='bbox 512 1483 547 1552; x_wconf 93' lang='lat' dir='ltr'><strong>in</strong></span> <span class='ocrx_word' id='word_1_72' title='bbox 563 1482 687 1576; x_wconf 83' lang='lat' dir='ltr'><strong>judicio</strong></span> <span class='ocrx_word' id='word_1_73' title='bbox 706 1483 757 1554; x_wconf 91' lang='lat' dir='ltr'><strong>vel</strong></span> <span class='ocrx_word' id='word_1_74' title='bbox 776 1491 870 1554; x_wconf 83' lang='lat' dir='ltr'><strong>extra</strong></span> <span class='ocrx_word' id='word_1_75' title='bbox 880 1482 1054 1575; x_wconf 86' lang='lat' dir='ltr'><strong>judicium,</strong></span> <span class='ocrx_word' id='word_1_76' title='bbox 1072 1482 1113 1551; x_wconf 87' lang='lat' dir='ltr'><strong>ad</strong></span> <span class='ocrx_word' id='word_1_77' title='bbox 1128 1483 1217 1553; x_wconf 87' lang='lat' dir='ltr'><strong>litem</strong></span> 
     </span>
     <span class='ocr_line' id='line_1_11' title="bbox 80 1589 459 1662; baseline 0.005 -4"><span class='ocrx_word' id='word_1_78' title='bbox 80 1589 256 1660; x_wconf 84' lang='lat' dir='ltr'><strong>finiendam</strong></span> <span class='ocrx_word' id='word_1_79' title='bbox 271 1591 459 1662; x_wconf 76' lang='lat' dir='ltr'><strong>adhibetur.</strong></span> 
     </span>
    </p>

    <p class='ocr_par' dir='ltr' id='par_1_5' title="bbox 80 1697 1221 2113">
     <span class='ocr_line' id='line_1_12' title="bbox 125 1697 1216 1790; baseline 0.002 -24"><span class='ocrx_word' id='word_1_80' title='bbox 125 1700 158 1766; x_wconf 76' lang='lat'><strong>4⁶</strong></span> <span class='ocrx_word' id='word_1_81' title='bbox 185 1698 332 1768; x_wconf 86' lang='lat' dir='ltr'><strong>Tandem</strong></span> <span class='ocrx_word' id='word_1_82' title='bbox 351 1698 575 1790; x_wconf 83' lang='lat' dir='ltr'><strong>juramentum</strong></span> <span class='ocrx_word' id='word_1_83' title='bbox 589 1697 753 1790; x_wconf 77' lang='lat' dir='ltr'><strong>judiciale</strong></span> <span class='ocrx_word' id='word_1_84' title='bbox 767 1697 841 1768; x_wconf 90' lang='lat' dir='ltr'><strong>litis</strong></span> <span class='ocrx_word' id='word_1_85' title='bbox 869 1697 1070 1786; x_wconf 76' lang='lat' dir='ltr'><strong>decidendae,</strong></span> <span class='ocrx_word' id='word_1_86' title='bbox 1098 1700 1216 1769; x_wconf 90' lang='lat' dir='ltr'><strong>iterum</strong></span> 
     </span>
     <span class='ocr_line' id='line_1_13' title="bbox 81 1804 1221 1899; baseline 0.001 -25"><span class='ocrx_word' id='word_1_87' title='bbox 81 1805 295 1896; x_wconf 83' lang='lat' dir='ltr'><strong>distinguitur</strong></span> <span class='ocrx_word' id='word_1_88' title='bbox 310 1806 599 1888; x_wconf 81' lang='lat' dir='ltr'><strong>involuntarium,</strong></span> <span class='ocrx_word' id='word_1_89' title='bbox 617 1804 705 1899; x_wconf 92' lang='lat' dir='ltr'><strong>quod</strong></span> <span class='ocrx_word' id='word_1_90' title='bbox 718 1828 757 1874; x_wconf 84' lang='lat' dir='ltr'><strong>ex</strong></span> <span class='ocrx_word' id='word_1_91' title='bbox 776 1804 879 1874; x_wconf 87' lang='lat' dir='ltr'><strong>libers</strong></span> <span class='ocrx_word' id='word_1_92' title='bbox 898 1806 1037 1897; x_wconf 89' lang='lat' dir='ltr'><strong>partium</strong></span> <span class='ocrx_word' id='word_1_93' title='bbox 1055 1806 1221 1876; x_wconf 85' lang='lat' dir='ltr'><strong>voluntate</strong></span> 
     </span>
     <span class='ocr_line' id='line_1_14' title="bbox 80 1911 1221 2008; baseline 0.003 -27"><span class='ocrx_word' id='word_1_94' title='bbox 80 1913 188 1982; x_wconf 89' lang='lat' dir='ltr'><strong>locum</strong></span> <span class='ocrx_word' id='word_1_95' title='bbox 209 1913 324 2002; x_wconf 81' lang='lat' dir='ltr'><strong>babet3</strong></span> <span class='ocrx_word' id='word_1_96' title='bbox 344 1922 376 1983; x_wconf 89' lang='lat' dir='ltr'><strong>et</strong></span> <span class='ocrx_word' id='word_1_97' title='bbox 393 1915 429 1982; x_wconf 90' lang='lat' dir='ltr'><strong>in</strong></span> <span class='ocrx_word' id='word_1_98' title='bbox 444 1914 673 1996; x_wconf 81' lang='lat' dir='ltr'><strong>necessarium,</strong></span> <span class='ocrx_word' id='word_1_99' title='bbox 691 1911 779 2007; x_wconf 84' lang='lat' dir='ltr'><strong>quod</strong></span> <span class='ocrx_word' id='word_1_100' title='bbox 796 1911 916 2005; x_wconf 87' lang='lat' dir='ltr'><strong>judicis</strong></span> <span class='ocrx_word' id='word_1_101' title='bbox 930 1913 1117 1984; x_wconf 75' lang='lat' dir='ltr'><strong>auctoritate</strong></span> <span class='ocrx_word' id='word_1_102' title='bbox 1132 1936 1221 2008; x_wconf 77' lang='lat' dir='ltr'><strong>prae-</strong></span> 
     </span>
     <span class='ocr_line' id='line_1_15' title="bbox 82 2020 449 2113; baseline 0.003 -23"><span class='ocrx_word' id='word_1_103' title='bbox 82 2020 236 2090; x_wconf 82' lang='lat' dir='ltr'><strong>standum</strong></span> <span class='ocrx_word' id='word_1_104' title='bbox 251 2021 449 2113; x_wconf 80' lang='lat' dir='ltr'><strong>injungitur.</strong></span> 
     </span>
    </p>

    <p class='ocr_par' dir='ltr' id='par_1_6' title="bbox 82 2127 1224 2518">
     <span class='ocr_line' id='line_1_16' title="bbox 126 2127 1223 2222; baseline 0.001 -24"><span class='ocrx_word' id='word_1_105' title='bbox 126 2129 270 2211; x_wconf 68' lang='lat' dir='ltr'><strong>Quum</strong></span> <span class='ocrx_word' id='word_1_106' title='bbox 295 2131 342 2196; x_wconf 79' lang='lat'><strong>2⁸.</strong></span> <span class='ocrx_word' id='word_1_107' title='bbox 363 2167 407 2182; x_wconf 92' lang='lat'>-</span> <span class='ocrx_word' id='word_1_108' title='bbox 432 2129 513 2212; x_wconf 81' lang='lat' dir='ltr'><strong>Quae</strong></span> <span class='ocrx_word' id='word_1_109' title='bbox 532 2127 575 2196; x_wconf 81' lang='lat' dir='ltr'><strong>sit</strong></span> <span class='ocrx_word' id='word_1_110' title='bbox 594 2149 713 2196; x_wconf 76' lang='lat' dir='ltr'><strong>comta</strong></span> <span class='ocrx_word' id='word_1_111' title='bbox 722 2128 915 2220; x_wconf 82' lang='lat' dir='ltr'><strong>juramenti</strong></span> <span class='ocrx_word' id='word_1_112' title='bbox 937 2128 1223 2222; x_wconf 76' lang='lat' dir='ltr'><strong>eetrajudiciclis?</strong></span> 
     </span>
     <span class='ocr_line' id='line_1_17' title="bbox 82 2234 1224 2329; baseline 0.004 -27"><span class='ocrx_word' id='word_1_113' title='bbox 82 2273 127 2290; x_wconf 89' lang='lat'><em>-</em></span> <span class='ocrx_word' id='word_1_114' title='bbox 144 2238 177 2302; x_wconf 85' lang='lat' dir='ltr'><strong>l⁰</strong></span> <span class='ocrx_word' id='word_1_115' title='bbox 191 2234 374 2306; x_wconf 83' lang='lat' dir='ltr'><strong>Adhibetur</strong></span> <span class='ocrx_word' id='word_1_116' title='bbox 389 2235 553 2329; x_wconf 72' lang='lat' dir='ltr'><strong>precipue</strong></span> <span class='ocrx_word' id='word_1_117' title='bbox 567 2234 610 2305; x_wconf 85' lang='lat' dir='ltr'><strong>ab</strong></span> <span class='ocrx_word' id='word_1_118' title='bbox 624 2234 664 2306; x_wconf 88' lang='lat' dir='ltr'><strong>iis</strong></span> <span class='ocrx_word' id='word_1_119' title='bbox 679 2234 749 2328; x_wconf 89' lang='lat' dir='ltr'><strong>qni,</strong></span> <span class='ocrx_word' id='word_1_120' title='bbox 768 2234 1014 2327; x_wconf 73' lang='lat' dir='ltr'><strong>probationibus</strong></span> <span class='ocrx_word' id='word_1_121' title='bbox 1027 2235 1099 2305; x_wconf 86' lang='lat' dir='ltr'><strong>aliis</strong></span> <span class='ocrx_word' id='word_1_122' title='bbox 1121 2236 1224 2306; x_wconf 89' lang='lat' dir='ltr'><strong>desti-</strong></span> 
     </span>
     <span class='ocr_line' id='line_1_18' title="bbox 82 2341 1224 2438; baseline 0.004 -27"><span class='ocrx_word' id='word_1_123' title='bbox 82 2342 159 2431; x_wconf 90' lang='lat' dir='ltr'><strong>tuti,</strong></span> <span class='ocrx_word' id='word_1_124' title='bbox 176 2349 207 2412; x_wconf 90' lang='lat' dir='ltr'><strong>et</strong></span> <span class='ocrx_word' id='word_1_125' title='bbox 221 2350 309 2413; x_wconf 89' lang='lat' dir='ltr'><strong>metu</strong></span> <span class='ocrx_word' id='word_1_126' title='bbox 323 2365 554 2436; x_wconf 83' lang='lat' dir='ltr'><strong>expensarum,</strong></span> <span class='ocrx_word' id='word_1_127' title='bbox 567 2341 719 2413; x_wconf 85' lang='lat' dir='ltr'><strong>adfinem</strong></span> <span class='ocrx_word' id='word_1_128' title='bbox 732 2343 963 2414; x_wconf 76' lang='lat' dir='ltr'><strong>controversie</strong></span> <span class='ocrx_word' id='word_1_129' title='bbox 978 2352 1092 2436; x_wconf 90' lang='lat' dir='ltr'><strong>sponte</strong></span> <span class='ocrx_word' id='word_1_130' title='bbox 1103 2367 1224 2438; x_wconf 87' lang='lat' dir='ltr'><strong>prope·</strong></span> 
     </span>
     <span class='ocr_line' id='line_1_19' title="bbox 85 2457 171 2518; baseline 0 0"><span class='ocrx_word' id='word_1_131' title='bbox 85 2457 171 2518; x_wconf 87' lang='lat' dir='ltr'><strong>rant.</strong></span> 
     </span>
    </p>

    <p class='ocr_par' dir='ltr' id='par_1_7' title="bbox 82 2556 1225 2758">
     <span class='ocr_line' id='line_1_20' title="bbox 129 2556 1225 2653; baseline 0.005 -29"><span class='ocrx_word' id='word_1_132' title='bbox 129 2559 166 2624; x_wconf 79' lang='lat'><strong>2⁰</strong></span> <span class='ocrx_word' id='word_1_133' title='bbox 178 2556 286 2627; x_wconf 87' lang='lat' dir='ltr'><strong>Potest</strong></span> <span class='ocrx_word' id='word_1_134' title='bbox 301 2557 459 2650; x_wconf 88' lang='lat' dir='ltr'><strong>ejusmodi</strong></span> <span class='ocrx_word' id='word_1_135' title='bbox 468 2557 692 2650; x_wconf 80' lang='lat' dir='ltr'><strong>juramentum</strong></span> <span class='ocrx_word' id='word_1_136' title='bbox 707 2556 833 2627; x_wconf 89' lang='lat' dir='ltr'><strong>delerre</strong></span> <span class='ocrx_word' id='word_1_137' title='bbox 847 2565 879 2626; x_wconf 91' lang='lat' dir='ltr'><strong>et</strong></span> <span class='ocrx_word' id='word_1_138' title='bbox 892 2557 1054 2652; x_wconf 85' lang='lat' dir='ltr'><strong>suscipere</strong></span> <span class='ocrx_word' id='word_1_139' title='bbox 1073 2560 1225 2653; x_wconf 69' lang='lat' dir='ltr'><strong>quicum⁴</strong></span> 
     </span>
     <span class='ocr_line' id='line_1_21' title="bbox 82 2662 1087 2758; baseline 0.001 -25"><span class='ocrx_word' id='word_1_140' title='bbox 82 2687 147 2756; x_wconf 88' lang='lat' dir='ltr'><strong>que</strong></span> <span class='ocrx_word' id='word_1_141' title='bbox 163 2671 267 2756; x_wconf 88' lang='lat' dir='ltr'><strong>potest</strong></span> <span class='ocrx_word' id='word_1_142' title='bbox 281 2665 399 2758; x_wconf 88' lang='lat' dir='ltr'><strong>pacisci</strong></span> <span class='ocrx_word' id='word_1_143' title='bbox 413 2671 445 2734; x_wconf 89' lang='lat' dir='ltr'><strong>et</strong></span> <span class='ocrx_word' id='word_1_144' title='bbox 459 2663 500 2734; x_wconf 89' lang='lat' dir='ltr'><strong>de</strong></span> <span class='ocrx_word' id='word_1_145' title='bbox 517 2686 551 2734; x_wconf 89' lang='lat' dir='ltr'><strong>re</strong></span> <span class='ocrx_word' id='word_1_146' title='bbox 566 2674 774 2734; x_wconf 84' lang='lat' dir='ltr'><strong>controversa</strong></span> <span class='ocrx_word' id='word_1_147' title='bbox 787 2662 887 2732; x_wconf 88' lang='lat' dir='ltr'><strong>libere</strong></span> <span class='ocrx_word' id='word_1_148' title='bbox 903 2663 1087 2756; x_wconf 85' lang='lat' dir='ltr'><strong>disponere.</strong></span> 
     </span>
    </p>

    <p class='ocr_par' dir='ltr' id='par_1_8' title="bbox 131 2769 885 2863">
     <span class='ocr_line' id='line_1_22' title="bbox 131 2769 885 2863; baseline 0.001 -24"><span class='ocrx_word' id='word_1_149' title='bbox 131 2774 166 2839; x_wconf 76' lang='lat'><strong>³⁰</strong></span> <span class='ocrx_word' id='word_1_150' title='bbox 177 2770 258 2840; x_wconf 86' lang='lat' dir='ltr'><strong>Pars</strong></span> <span class='ocrx_word' id='word_1_151' title='bbox 271 2772 324 2842; x_wconf 90' lang='lat' dir='ltr'><strong>cni</strong></span> <span class='ocrx_word' id='word_1_152' title='bbox 339 2771 496 2860; x_wconf 82' lang='lat' dir='ltr'><strong>defertur,</strong></span> <span class='ocrx_word' id='word_1_153' title='bbox 511 2769 593 2841; x_wconf 89' lang='lat' dir='ltr'><strong>illud</strong></span> <span class='ocrx_word' id='word_1_154' title='bbox 605 2792 755 2840; x_wconf 85' lang='lat' dir='ltr'><strong>recusare</strong></span> <span class='ocrx_word' id='word_1_155' title='bbox 769 2779 885 2863; x_wconf 89' lang='lat' dir='ltr'><strong>potest.</strong></span> 
     </span>
    </p>

    <p class='ocr_par' dir='ltr' id='par_1_9' title="bbox 84 2877 1228 3162">
     <span class='ocr_line' id='line_1_23' title="bbox 131 2877 1228 2972; baseline 0.005 -26"><span class='ocrx_word' id='word_1_156' title='bbox 131 2882 168 2946; x_wconf 74' lang='lat'><strong>4⁰</strong></span> <span class='ocrx_word' id='word_1_157' title='bbox 187 2877 315 2948; x_wconf 86' lang='lat' dir='ltr'><strong>Delerri</strong></span> <span class='ocrx_word' id='word_1_158' title='bbox 336 2887 438 2972; x_wconf 86' lang='lat' dir='ltr'><strong>potest</strong></span> <span class='ocrx_word' id='word_1_159' title='bbox 457 2877 651 2969; x_wconf 73' lang='lat' dir='ltr'><strong>regulariter</strong></span> <span class='ocrx_word' id='word_1_160' title='bbox 662 2878 699 2946; x_wconf 90' lang='lat' dir='ltr'><strong>in</strong></span> <span class='ocrx_word' id='word_1_161' title='bbox 714 2877 804 2948; x_wconf 89' lang='lat' dir='ltr'><strong>omni</strong></span> <span class='ocrx_word' id='word_1_162' title='bbox 826 2899 862 2947; x_wconf 90' lang='lat' dir='ltr'><strong>re</strong></span> <span class='ocrx_word' id='word_1_163' title='bbox 882 2886 1101 2950; x_wconf 79' lang='lat' dir='ltr'><strong>controversa.</strong></span> <span class='ocrx_word' id='word_1_164' title='bbox 1125 2883 1228 2952; x_wconf 87' lang='lat' dir='ltr'><strong>Datur</strong></span> 
     </span>
     <span class='ocr_line' id='line_1_24' title="bbox 84 2984 1228 3084; baseline 0.006 -30"><span class='ocrx_word' id='word_1_165' title='bbox 84 2993 196 3054; x_wconf 88' lang='lat' dir='ltr'><strong>tamen</strong></span> <span class='ocrx_word' id='word_1_166' title='bbox 218 2986 363 3077; x_wconf 86' lang='lat' dir='ltr'><strong>exceptio</strong></span> <span class='ocrx_word' id='word_1_167' title='bbox 391 2985 432 3054; x_wconf 88' lang='lat' dir='ltr'><strong>ab</strong></span> <span class='ocrx_word' id='word_1_168' title='bbox 454 2984 515 3055; x_wconf 87' lang='lat' dir='ltr'><strong>bac</strong></span> <span class='ocrx_word' id='word_1_169' title='bbox 536 2985 650 3078; x_wconf 77' lang='lat' dir='ltr'><strong>regula</strong></span> <span class='ocrx_word' id='word_1_170' title='bbox 670 2984 753 3054; x_wconf 87' lang='lat' dir='ltr'><strong>circa</strong></span> <span class='ocrx_word' id='word_1_171' title='bbox 776 2985 937 3078; x_wconf 84' lang='lat' dir='ltr'><strong>triplicem</strong></span> <span class='ocrx_word' id='word_1_172' title='bbox 957 3009 1127 3058; x_wconf 86' lang='lat' dir='ltr'><strong>causarum</strong></span> <span class='ocrx_word' id='word_1_173' title='bbox 1154 3015 1228 3084; x_wconf 50' lang='lat' dir='ltr'><strong>spe*</strong></span> 
     </span>
     <span class='ocr_line' id='line_1_25' title="bbox 85 3115 189 3162; baseline 0 -1"><span class='ocrx_word' id='word_1_174' title='bbox 85 3115 189 3162; x_wconf 85' lang='lat' dir='ltr'><strong>crem:</strong></span> 
     </span>
    </p>

    <p class='ocr_par' dir='ltr' id='par_1_10' title="bbox 85 3190 1233 4034">
     <span class='ocr_line' id='line_1_26' title="bbox 131 3190 1229 3298; baseline 0.007 -30"><span class='ocrx_word' id='word_1_175' title='bbox 131 3200 259 3284; x_wconf 78' lang='lat' dir='ltr'><strong>Primo,</strong></span> <span class='ocrx_word' id='word_1_176' title='bbox 285 3199 392 3293; x_wconf 85' lang='lat' dir='ltr'><strong>quood</strong></span> <span class='ocrx_word' id='word_1_177' title='bbox 417 3223 530 3270; x_wconf 84' lang='lat' dir='ltr'><strong>causas</strong></span> <span class='ocrx_word' id='word_1_178' title='bbox 557 3198 832 3270; x_wconf 80' lang='lat' dir='ltr'><strong>matrimoniales:</strong></span> <span class='ocrx_word' id='word_1_179' title='bbox 859 3190 934 3269; x_wconf 84' lang='lat' dir='ltr'><strong>unm</strong></span> <span class='ocrx_word' id='word_1_180' title='bbox 955 3201 1074 3272; x_wconf 82' lang='lat' dir='ltr'><strong>deferri</strong></span> <span class='ocrx_word' id='word_1_181' title='bbox 1098 3205 1229 3298; x_wconf 90' lang='lat' dir='ltr'><strong>quidem</strong></span> 
     </span>
     <span class='ocr_line' id='line_1_27' title="bbox 87 3306 1230 3400; baseline 0.007 -24"><span class='ocrx_word' id='word_1_182' title='bbox 87 3315 194 3400; x_wconf 87' lang='lat' dir='ltr'><strong>potest</strong></span> <span class='ocrx_word' id='word_1_183' title='bbox 207 3307 429 3399; x_wconf 86' lang='lat' dir='ltr'><strong>juramentum</strong></span> <span class='ocrx_word' id='word_1_184' title='bbox 454 3306 493 3376; x_wconf 91' lang='lat' dir='ltr'><strong>de</strong></span> <span class='ocrx_word' id='word_1_185' title='bbox 516 3307 723 3376; x_wconf 87' lang='lat' dir='ltr'><strong>matrimonio</strong></span> <span class='ocrx_word' id='word_1_186' title='bbox 738 3307 982 3377; x_wconf 87' lang='lat' dir='ltr'><strong>contrahendo:</strong></span> <span class='ocrx_word' id='word_1_187' title='bbox 1005 3311 1083 3380; x_wconf 89' lang='lat' dir='ltr'><strong>item</strong></span> <span class='ocrx_word' id='word_1_188' title='bbox 1105 3312 1145 3382; x_wconf 90' lang='lat' dir='ltr'><strong>de</strong></span> <span class='ocrx_word' id='word_1_189' title='bbox 1162 3338 1230 3384; x_wconf 89' lang='lat' dir='ltr'><strong>ser-</strong></span> 
     </span>
     <span class='ocr_line' id='line_1_28' title="bbox 85 3413 1233 3507; baseline 0.006 -23"><span class='ocrx_word' id='word_1_190' title='bbox 85 3414 199 3485; x_wconf 87' lang='lat' dir='ltr'><strong>vando</strong></span> <span class='ocrx_word' id='word_1_191' title='bbox 216 3416 425 3484; x_wconf 87' lang='lat' dir='ltr'><strong>matrimonio</strong></span> <span class='ocrx_word' id='word_1_192' title='bbox 439 3415 538 3484; x_wconf 87' lang='lat' dir='ltr'><strong>semel</strong></span> <span class='ocrx_word' id='word_1_193' title='bbox 557 3415 652 3502; x_wconf 87' lang='lat' dir='ltr'><strong>inito,</strong></span> <span class='ocrx_word' id='word_1_194' title='bbox 676 3414 716 3484; x_wconf 92' lang='lat' dir='ltr'><strong>de</strong></span> <span class='ocrx_word' id='word_1_195' title='bbox 730 3413 823 3507; x_wconf 86' lang='lat' dir='ltr'><strong>cujus</strong></span> <span class='ocrx_word' id='word_1_196' title='bbox 843 3415 952 3485; x_wconf 90' lang='lat' dir='ltr'><strong>valore</strong></span> <span class='ocrx_word' id='word_1_197' title='bbox 974 3416 1110 3488; x_wconf 92' lang='lat' dir='ltr'><strong>dubium</strong></span> <span class='ocrx_word' id='word_1_198' title='bbox 1130 3421 1233 3492; x_wconf 91' lang='lat' dir='ltr'><strong>inter·-</strong></span> 
     </span>
     <span class='ocr_line' id='line_1_29' title="bbox 86 3521 1232 3615; baseline 0.008 -25"><span class='ocrx_word' id='word_1_199' title='bbox 86 3522 203 3610; x_wconf 89' lang='lat' dir='ltr'><strong>venit;</strong></span> <span class='ocrx_word' id='word_1_200' title='bbox 225 3521 302 3614; x_wconf 85' lang='lat' dir='ltr'><strong>quia</strong></span> <span class='ocrx_word' id='word_1_201' title='bbox 330 3545 446 3614; x_wconf 88' lang='lat' dir='ltr'><strong>nempe</strong></span> <span class='ocrx_word' id='word_1_202' title='bbox 469 3522 502 3588; x_wconf 94' lang='lat' dir='ltr'><strong>in</strong></span> <span class='ocrx_word' id='word_1_203' title='bbox 524 3522 659 3592; x_wconf 87' lang='lat' dir='ltr'><strong>arbitrio</strong></span> <span class='ocrx_word' id='word_1_204' title='bbox 681 3521 822 3615; x_wconf 85' lang='lat' dir='ltr'><strong>partium</strong></span> <span class='ocrx_word' id='word_1_205' title='bbox 848 3530 895 3591; x_wconf 87' lang='lat' dir='ltr'><strong>est</strong></span> <span class='ocrx_word' id='word_1_206' title='bbox 921 3524 1164 3597; x_wconf 74' lang='lat' dir='ltr'><strong>matrimonium</strong></span> <span class='ocrx_word' id='word_1_207' title='bbox 1191 3553 1232 3600; x_wconf 88' lang='lat' dir='ltr'><strong>ex</strong></span> 
     </span>
     <span class='ocr_line' id='line_1_30' title="bbox 86 3628 1229 3721; baseline 0.008 -24"><span class='ocrx_word' id='word_1_208' title='bbox 86 3631 220 3699; x_wconf 84' lang='lat' dir='ltr'><strong>delectu</strong></span> <span class='ocrx_word' id='word_1_209' title='bbox 249 3651 425 3699; x_wconf 89' lang='lat' dir='ltr'><strong>consensus</strong></span> <span class='ocrx_word' id='word_1_210' title='bbox 449 3628 644 3716; x_wconf 86' lang='lat' dir='ltr'><strong>invalidum,</strong></span> <span class='ocrx_word' id='word_1_211' title='bbox 673 3629 811 3721; x_wconf 87' lang='lat' dir='ltr'><strong>positivo</strong></span> <span class='ocrx_word' id='word_1_212' title='bbox 837 3651 996 3700; x_wconf 87' lang='lat' dir='ltr'><strong>consensu</strong></span> <span class='ocrx_word' id='word_1_213' title='bbox 1026 3633 1229 3706; x_wconf 84' lang='lat' dir='ltr'><strong>revalidsre:</strong></span> 
     </span>
     <span class='ocr_line' id='line_1_31' title="bbox 86 3736 1232 3836; baseline 0.008 -30"><span class='ocrx_word' id='word_1_214' title='bbox 86 3738 145 3806; x_wconf 88' lang='lat' dir='ltr'><strong>sed</strong></span> <span class='ocrx_word' id='word_1_215' title='bbox 164 3737 314 3828; x_wconf 79' lang='lat' dir='ltr'><strong>prestari</strong></span> <span class='ocrx_word' id='word_1_216' title='bbox 329 3737 554 3828; x_wconf 82' lang='lat' dir='ltr'><strong>juramentum</strong></span> <span class='ocrx_word' id='word_1_217' title='bbox 576 3737 688 3829; x_wconf 88' lang='lat' dir='ltr'><strong>nequit</strong></span> <span class='ocrx_word' id='word_1_218' title='bbox 707 3759 772 3806; x_wconf 92' lang='lat' dir='ltr'><strong>non</strong></span> <span class='ocrx_word' id='word_1_219' title='bbox 783 3736 894 3822; x_wconf 19' lang='lat' dir='ltr'><strong>*standi</strong></span> <span class='ocrx_word' id='word_1_220' title='bbox 912 3739 1137 3829; x_wconf 81' lang='lat' dir='ltr'><strong>matrimoni03</strong></span> <span class='ocrx_word' id='word_1_221' title='bbox 1153 3747 1232 3836; x_wconf 83' lang='lat' dir='ltr'><strong>quia</strong></span> 
     </span>
     <span class='ocr_line' id='line_1_32' title="bbox 86 3844 1233 3942; baseline 0.01 -30"><span class='ocrx_word' id='word_1_222' title='bbox 86 3846 114 3914; x_wconf 92' lang='lat' dir='ltr'><strong>si</strong></span> <span class='ocrx_word' id='word_1_223' title='bbox 136 3844 247 3914; x_wconf 84' lang='lat' dir='ltr'><strong>valide</strong></span> <span class='ocrx_word' id='word_1_224' title='bbox 270 3852 470 3914; x_wconf 82' lang='lat' dir='ltr'><strong>contractum</strong></span> <span class='ocrx_word' id='word_1_225' title='bbox 495 3844 570 3931; x_wconf 89' lang='lat' dir='ltr'><strong>luit,</strong></span> <span class='ocrx_word' id='word_1_226' title='bbox 591 3844 626 3912; x_wconf 89' lang='lat' dir='ltr'><strong>in</strong></span> <span class='ocrx_word' id='word_1_227' title='bbox 647 3852 801 3936; x_wconf 86' lang='lat' dir='ltr'><strong>potestate</strong></span> <span class='ocrx_word' id='word_1_228' title='bbox 821 3845 963 3936; x_wconf 88' lang='lat' dir='ltr'><strong>partium</strong></span> <span class='ocrx_word' id='word_1_229' title='bbox 978 3867 1044 3915; x_wconf 92' lang='lat' dir='ltr'><strong>non</strong></span> <span class='ocrx_word' id='word_1_230' title='bbox 1063 3859 1112 3917; x_wconf 88' lang='lat' dir='ltr'><strong>est</strong></span> <span class='ocrx_word' id='word_1_231' title='bbox 1125 3850 1233 3942; x_wconf 87' lang='lat' dir='ltr'><strong>ipsum</strong></span> 
     </span>
     <span class='ocr_line' id='line_1_33' title="bbox 88 3949 837 4034; baseline 0.005 -17"><span class='ocrx_word' id='word_1_232' title='bbox 88 3949 283 4020; x_wconf 88' lang='lat' dir='ltr'><strong>dissolvere.</strong></span> <span class='ocrx_word' id='word_1_233' title='bbox 835 4029 837 4034; x_wconf 22' lang='lat'><strong><em>¹</em></strong></span> 
     </span>
    </p>

    <p class='ocr_par' dir='ltr' id='par_1_11' title="bbox 89 4057 1236 4236">
     <span class='ocr_line' id='line_1_34' title="bbox 136 4057 1236 4152; baseline 0.007 -25"><span class='ocrx_word' id='word_1_234' title='bbox 136 4057 300 4142; x_wconf 78' lang='lat' dir='ltr'><strong>Secrmdo,</strong></span> <span class='ocrx_word' id='word_1_235' title='bbox 318 4059 426 4152; x_wconf 87' lang='lat' dir='ltr'><strong>quoad</strong></span> <span class='ocrx_word' id='word_1_236' title='bbox 440 4059 675 4152; x_wconf 83' lang='lat' dir='ltr'><strong>professionem</strong></span> <span class='ocrx_word' id='word_1_237' title='bbox 692 4057 899 4148; x_wconf 77' lang='lat' dir='ltr'><strong>religiosam:</strong></span> <span class='ocrx_word' id='word_1_238' title='bbox 918 4081 978 4151; x_wconf 91' lang='lat' dir='ltr'><strong>pro</strong></span> <span class='ocrx_word' id='word_1_239' title='bbox 996 4083 1062 4151; x_wconf 92' lang='lat' dir='ltr'><strong>qua</strong></span> <span class='ocrx_word' id='word_1_240' title='bbox 1082 4062 1167 4133; x_wconf 90' lang='lat' dir='ltr'><strong>idem</strong></span> <span class='ocrx_word' id='word_1_241' title='bbox 1184 4067 1236 4136; x_wconf 90' lang='lat' dir='ltr'><strong>di-</strong></span> 
     </span>
     <span class='ocr_line' id='line_1_35' title="bbox 89 4163 574 4236; baseline -0.002 -1"><span class='ocrx_word' id='word_1_242' title='bbox 89 4165 236 4236; x_wconf 88' lang='lat' dir='ltr'><strong>cendum</strong></span> <span class='ocrx_word' id='word_1_243' title='bbox 250 4187 288 4234; x_wconf 89' lang='lat' dir='ltr'><strong>ac</strong></span> <span class='ocrx_word' id='word_1_244' title='bbox 300 4163 340 4235; x_wconf 91' lang='lat' dir='ltr'><strong>de</strong></span> <span class='ocrx_word' id='word_1_245' title='bbox 355 4167 574 4236; x_wconf 83' lang='lat' dir='ltr'><strong>matrimonio.</strong></span> 
     </span>
    </p>

    <p class='ocr_par' dir='ltr' id='par_1_12' title="bbox 144 4272 1237 4371">
     <span class='ocr_line' id='line_1_36' title="bbox 144 4272 1237 4371; baseline 0.007 -27"><span class='ocrx_word' id='word_1_246' title='bbox 144 4274 261 4356; x_wconf 81' lang='lat' dir='ltr'><strong>Tertio,</strong></span> <span class='ocrx_word' id='word_1_247' title='bbox 290 4273 396 4366; x_wconf 84' lang='lat' dir='ltr'><strong>quood</strong></span> <span class='ocrx_word' id='word_1_248' title='bbox 421 4297 534 4344; x_wconf 87' lang='lat' dir='ltr'><strong>causas</strong></span> <span class='ocrx_word' id='word_1_249' title='bbox 558 4272 772 4343; x_wconf 86' lang='lat' dir='ltr'><strong>criminales:</strong></span> <span class='ocrx_word' id='word_1_250' title='bbox 797 4295 872 4343; x_wconf 87' lang='lat' dir='ltr'><strong>nam</strong></span> <span class='ocrx_word' id='word_1_251' title='bbox 899 4272 1076 4346; x_wconf 85' lang='lat' dir='ltr'><strong>admittunt</strong></span> <span class='ocrx_word' id='word_1_252' title='bbox 1106 4280 1237 4371; x_wconf 86' lang='lat' dir='ltr'><strong>quidem</strong></span> 
     </span>
    </p>
   </div>
   <div class='ocr_carea' id='block_1_3' title="bbox 0 0 1535 4976">
    <p class='ocr_par' dir='ltr' id='par_1_13' title="bbox 0 0 1535 4976">
     <span class='ocr_line' id='line_1_37' title="bbox 0 0 1535 4976; baseline 0 0"><span class='ocrx_word' id='word_1_253' title='bbox 0 0 1535 4976; x_wconf 95' lang='lat' dir='ltr'><strong> </strong></span> 
     </span>
    </p>
   </div>
  </div>
 </body>
</html>
