3030 4980
551 487 625 532 runs
651 487 796 532 secunus.
1179 467 1240 532 tst

101 629 165 694 res,
187 615 224 676 ut
247 609 309 676 sibi
329 614 551 700 cooperatores
576 606 772 698 adjungant;
802 627 880 696 ergo
902 605 936 673 id
965 615 1068 696 potest
1090 606 1241 674 Vicarius

99 715 261 803 generalis
282 715 363 806 ipsis
382 714 567 806 injungere,
589 715 710 805 absque
733 713 801 784 ullo
823 713 954 806 speciali
978 713 1129 805 Episcopi
1148 737 1242 782 man-

100 822 187 892 data.

144 929 336 1022 Respondes
349 930 389 998 sd
405 931 435 998 11
450 929 654 1016 affirmative,
666 929 817 1020 quamvis
828 930 985 997 sententia
996 930 1143 1022 opposita
1154 953 1242 999 ccm-

99 1038 231 1106 muuior
246 1037 405 1106 videatur.
419 1037 503 1106 Nem
519 1045 659 1128 potestas
674 1034 893 1125 coadjutorem
905 1035 1092 1122 assignandi
1103 1039 1242 1128 parocho

100 1145 264 1236 imperito,
281 1145 421 1236 pertinet
435 1142 556 1234 pariter
570 1140 610 1210 ad
625 1143 689 1233 jus
704 1142 912 1210 ordinarium
927 1141 1095 1234 Episcopi3
1110 1143 1198 1212 unde
1213 1153 1244 1212 et

98 1249 329 1320 Tridentiuum
350 1252 438 1342 (sess.
458 1254 512 1334 21,
531 1273 559 1318 c.
580 1251 609 1340 6)
627 1250 682 1340 jus
696 1248 777 1318 illud
791 1249 959 1342 Episcopis
975 1247 1147 1320 tribuendo
1167 1265 1243 1320 tan-

98 1381 204 1450 quam
220 1357 314 1426 Sedis
328 1358 518 1448 Apostolicce
534 1355 698 1448 delepatis,
718 1356 808 1424 addit
822 1355 1015 1446 particulam
1027 1357 1140 1424 etiarn.
1155 1357 1242 1448 Ergo

97 1465 185 1532 idem
201 1465 319 1556 exequi
334 1465 455 1556 poterit
464 1463 586 1555 absque
598 1461 728 1554 speciali
739 1461 891 1530 mandato
904 1461 1055 1531 Vicarius
1068 1465 1240 1553 generalis,

98 1571 164 1639 nisi
177 1571 285 1662 quoad
302 1571 363 1638 hoc
377 1571 499 1662 ipsum,
517 1569 662 1638 mandati
676 1569 824 1660 specialis
832 1569 1004 1637 necessitas
1017 1570 1121 1662 ajure
1130 1571 1242 1641 decer-

99 1687 209 1747 natur.
228 1678 257 1746 N
260 1677 350 1747 ullibi
366 1685 474 1746 autem
484 1677 601 1768 injure
616 1675 775 1768 ejusmodi
788 1676 948 1767 reperitur
962 1676 1139 1768 dispositio.
1152 1677 1242 1770 Ohji-

98 1787 185 1853 citur
200 1784 333 1876 quidem
348 1784 601 1873 assignationem
617 1782 813 1874 coadjutoris
831 1782 971 1873 parocho
990 1783 1153 1874 imperito,
1174 1808 1243 1854 esse

97 1893 138 1961 de
152 1892 278 1973 arduis,
299 1915 374 1984 quae
390 1913 457 1960 nou
473 1899 646 1960 censentur
661 1890 853 1981 ingenerati
868 1890 1096 1958 commissione
1112 1891 1242 1960 Vicario

96 2000 251 2092 Episcopi
267 1998 439 2068 commissa
457 1998 536 2066 :sed
555 1998 616 2066 hoc
634 2020 701 2065 non
716 1997 886 2088 probatur.
903 1997 943 2066 Et
958 2004 1042 2064 certe
1062 1997 1164 2066 multa
1178 1997 1243 2067 alia

96 2115 203 2196 potest
217 2106 371 2175 Vicerius
386 2103 546 2194 generalis
556 2104 678 2196 absque
688 2104 819 2196 speciali
836 2102 999 2189 mandato,
1015 2126 1089 2195 quae
1100 2126 1166 2174 non
1180 2107 1241 2174 mi-

96 2235 162 2281 nus
177 2212 281 2281 ardua
295 2220 383 2280 sunt.

142 2320 334 2412 Respondeo
349 2319 390 2388 ad
408 2319 453 2388 111
466 2317 671 2400 affirmative,
694 2317 735 2386 ob
754 2318 895 2386 rationes
912 2318 1019 2408 quoad
1036 2319 1102 2388 duo
1117 2342 1242 2411 praece-

96 2427 208 2496 dentis
232 2426 370 2517 quaesita
390 2425 565 2517 expositas.
597 2424 740 2494 Probent
766 2424 854 2492 enim
879 2446 972 2514 posse
996 2427 1093 2494 etiam
1119 2427 1241 2518 absque

95 2533 228 2625 speciali
244 2532 395 2602 mandato
411 2555 615 2602 mouentum
634 2531 668 2598 iu
682 2531 836 2623 parochia
849 2539 984 2600 vacante
998 2555 1018 2600 a
1033 2533 1163 2602 Vicario
1179 2557 1241 2624 ge-
1319 2606 1322 2612 ,

95 2641 201 2710 nerali
234 2641 396 2710 constitui.
432 2639 526 2709 Multi
561 2648 668 2708 umen
701 2647 848 2708 auctores
882 2641 1080 2708 contrarium
1117 2649 1238 2710 tenem.

99 2748 197 2840 (Vide
221 2747 433 2833 Leureuium,
459 2746 498 2814 de
526 2746 660 2814 Vicariis
688 2746 814 2837 Episc,
845 2768 873 2813 c.
899 2748 932 2832 3,
959 2769 992 2838 q.
1018 2751 1095 2834 217,
1122 2751 1184 2816 218
1208 2758 1240 2817 et

96 2853 190 2945 219.)

140 2963 286 3043 Onusam
302 2964 370 3030 36³.
386 2999 431 3014 —
446 2961 496 3030 An
508 2960 611 3052 possit
631 2959 752 3050 absque
771 2959 904 3050 speciali
922 2959 1080 3030 mandm
1096 2965 1241 3053 consenc

96 3071 251 3161 beneficia
263 3069 444 3160 spectantia
455 3067 718 3136 sciscitationem
729 3067 896 3158 Episcopi.
909 3106 954 3120 -
962 3067 1237 3160 Respondeudum

96 3179 258 3269 negative.
286 3203 304 3244 u
324 3178 419 3246 Retio
436 3174 600 3268 estquod,
621 3198 696 3266 quae
719 3197 817 3244 merse
841 3183 917 3244 sunt
936 3177 1063 3265 gratim,
1087 3177 1239 3246 Vicsrios

93 3285 250 3376 expedire
267 3285 380 3376 nequit
399 3283 469 3354 siue
486 3283 615 3374 speciali
636 3281 834 3352 mandato.»
857 3282 1062 3374 (Learcuius,
1080 3281 1150 3354 loco
1166 3286 1236 3372 cit,

121 3394 236 3482 ate)

93 3417 116 3485 q
141 3499 284 3581 Quasno
301 3503 368 3568 37⁸.
386 3537 431 3551 -
444 3498 495 3566 Aa
505 3497 610 3589 possit
625 3497 754 3578 saltem,
773 3496 894 3588 absque
911 3495 1045 3589 speciali
1063 3499 1235 3582 mandato,

89 3607 440 3699 parochiamcouserre
448 3605 545 3672 electo
554 3603 589 3672 in
597 3626 755 3672 concursu
765 3604 1039 3694 tanquammapis
1048 3604 1237 3673 idoneo?-

93 3713 301 3783 Affirmctive
324 3711 496 3804 respondet
511 3713 686 3801 Faguanus
705 3711 751 3802 (in
772 3734 842 3801 cup.
864 3714 920 3781 Ea
939 3713 1174 3802 frequentibus,
1198 3715 1237 3781 de

93 3822 216 3902 instit„
242 3843 274 3890 n.
306 3822 353 3910 3);
378 3841 416 3890 ec
439 3819 526 3910 quod
549 3819 594 3884 sic
617 3817 736 3886 electus
758 3818 951 3909 acquisitum
976 3817 1032 3908 jus
1055 3818 1182 3906 haheat,
1206 3832 1237 3890 et

94 3927 223 3998 collatio
243 3927 381 3998 evaserit
403 3925 582 3994 necessaris
602 3952 609 3993 :
632 3923 720 3992 uude
738 3925 806 4015 jam
827 3946 895 3993 nou
916 3924 1109 4015 applicanda
1128 3929 1238 3996 veniat

95 4035 264 4104 decretalis
282 4037 365 4104 Cum
381 4034 414 4102 in
429 4032 572 4125 peneral'
584 4031 630 4122 (3,
646 4031 732 4098 tituli
750 4034 803 4118 13,
824 4031 899 4099 libri
922 4035 953 4116 1,
973 4031 1008 4098 iu
1028 4032 1072 4120 6),
1095 4056 1159 4125 qus
1175 4035 1236 4102 dc-

95 4142 252 4228 cernitur,
267 4165 308 4210 ne
326 4141 427 4232 possit
444 4140 594 4208 Vicarius
612 4137 775 4227 generalis
793 4138 914 4230 ubsque
933 4138 1063 4229 speciali
1086 4141 1236 4210 mandato

94 4249 253 4320 beneficia
267 4248 425 4318 conferre.
