3056 4972
575 499 650 546 raas
671 499 777 546 rmus.
1178 477 1241 546 213

102 617 194 688 licam
210 617 246 685 in
262 641 296 687 ra
319 618 482 687 criminali
502 630 664 706 accusato,
679 628 710 688 et
729 619 787 712 qui
810 618 1041 710 impedimenta
1061 629 1243 711 praetexens

103 735 326 816 procuratores
355 727 498 812 miserat,
525 726 571 796 sic
598 726 693 795 habet
721 755 728 794 ι
759 727 848 795 Licet
877 738 990 795 autem
1021 727 1243 796 excusationes

103 833 298 924 eujusmodi
314 833 408 924 (sicut
430 833 536 924 cram)
550 835 687 925 fiiuolas
711 834 920 917 aestimantes,
938 835 1047 925 ipsum
1070 834 1243 925 reputavi-

103 963 176 1008 mus
189 953 430 1023 contumacem
448 961 506 1009 aec
516 953 748 1031 procuratores
763 942 837 1032 ejas
851 941 887 1010 ia
900 963 1000 1010 causa
1012 963 1180 1033 possemus
1195 963 1245 1009 re·

103 1049 206 1139 cipere
220 1048 395 1130 monetati,
412 1055 472 1118 etc.
490 1048 600 1118 Citaut
614 1056 772 1141 praeterea
787 1048 962 1118 mnonistae
979 1048 1136 1140 quasdam
1158 1049 1244 1140 juris

103 1155 242 1225 Romani
257 1155 357 1246 leges,
372 1165 525 1248 tanquam
538 1155 573 1224 iu
585 1155 795 1226 ecclesiastico
808 1156 880 1226 foro
893 1155 1000 1249 quoad
1014 1155 1074 1224 boo
1087 1163 1238 1246 receptas.

107 1290 122 1327 a
143 1263 240 1332 Ratio
255 1271 317 1348 est,
335 1263 380 1332 ait
394 1262 567 1352 Pirrbing,
582 1263 660 1355 quia
678 1261 736 1331 ubi
762 1262 871 1352 agitur
886 1262 927 1332 de
945 1285 1042 1354 poena
1061 1262 1176 1354 capitis
1191 1259 1243 1330 vel

107 1399 122 1434 a
144 1369 208 1438 alia
223 1369 384 1462 corporali
399 1370 468 1438 Rae
482 1368 674 1460 infligenda,
688 1370 847 1439 sententia
855 1369 976 1462 judicis
989 1369 1082 1438 reddi
1097 1369 1243 1438 illusoria

106 1503 122 1542 a
143 1487 265 1570 posset,
277 1499 382 1570 neque
395 1477 578 1546 executioni
594 1476 742 1546 mandari
757 1504 764 1546 :
780 1500 856 1545 nam
871 1477 906 1544 in
920 1486 1161 1569 procuratorem
1177 1499 1242 1546 non

106 1613 122 1650 a
142 1595 227 1655 esset
246 1585 429 1655 executioni
452 1582 648 1671 mandanda,
666 1583 743 1676 quia
767 1584 836 1676 ipse
861 1606 927 1652 non
950 1583 1086 1676 deliquit
1106 1609 1113 1652 :
1132 1591 1243 1652 contra

106 1719 122 1758 a
143 1695 251 1763 Reum
267 1700 375 1763 autem
391 1692 556 1761 abseatm
571 1715 636 1760 non
649 1691 743 1760 facile
757 1692 943 1760 executioni
959 1691 1108 1759 mandari
1122 1699 1241 1783 posset,

106 1829 121 1866 a
143 1801 223 1893 quia
245 1801 279 1869 in
297 1800 417 1892 judicis
437 1807 590 1891 potestate
606 1821 672 1867 non
688 1808 783 1884 esset,
798 1806 831 1866 et
848 1797 888 1866 ad
908 1797 1093 1866 evitandam
1113 1821 1242 1888 pmnam

106 1935 121 1971 e
143 1908 225 1997 fuga
240 1907 301 1976 sibi
314 1907 542 1976 consuleret.»
565 1904 746 1996 (Pirrbing‚
764 1905 798 1973 in
814 1905 946 1974 titulum
967 1908 1007 1972 38
1032 1905 1110 1973 libri
1134 1910 1146 1971 t
1175 1905 1243 1974 De-

102 2014 282 2100 cretalium,
299 2037 333 2082 n.
353 2015 423 2105 31.)

143 2123 199 2190 An
226 2128 334 2190 autem
358 2129 448 2190 actor
473 2143 530 2188 seu
554 2129 720 2190 aecusator
743 2127 888 2188 teneatur
907 2118 1004 2188 etiam
1030 2116 1245 2209 personaliter

102 2231 310 2320 comparere?
329 2228 461 2296 Attento
481 2229 555 2318 jure
577 2227 726 2296 Romano
743 2225 825 2318 (lage
844 2225 972 2311 ultima,
989 2247 1017 2292 c.
1037 2224 1077 2292 de
1101 2224 1240 2315 Aecus),

103 2333 364 2426 respondendum
388 2343 472 2402 esset
495 2333 705 2420 affirmative,
723 2332 801 2424 quia
818 2331 915 2425 juxta
937 2332 992 2424 jus
1012 2331 1092 2401 illud
1115 2333 1245 2422 vigebat

103 2465 197 2532 paena
223 2441 364 2528 talionis,
386 2441 431 2510 ita
456 2450 492 2510 ut
515 2448 680 2510 accusator
704 2462 772 2509 sese
799 2439 944 2530 obligare
966 2446 1141 2525 teneretur,
1160 2439 1187 2507 si
1208 2439 1243 2506 in

103 2549 290 2640 probatione
322 2549 558 2635 succumberet,
583 2549 623 2617 ad
648 2546 848 2616 subeundam
872 2569 943 2616 eam
968 2546 1072 2637 ipsam
1098 2569 1241 2638 poenam,

103 2679 198 2747 quam
214 2657 322 2725 subire
343 2655 506 2725 debuisset
519 2657 619 2742 Reus,
635 2654 664 2723 si
684 2654 797 2724 fuisset
811 2653 990 2722 convictus.
1007 2653 1102 2723 Unde
1118 2677 1158 2721 ne
1173 2653 1243 2721 dic·

103 2769 166 2831 tam
191 2785 321 2855 poenam
342 2772 508 2832 aecusator
521 2761 689 2853 effingeret,
702 2764 742 2831 ad
759 2760 969 2853 personaliter
989 2760 1243 2852 comparandum

103 2870 302 2960 adigebatur.
328 2871 369 2940 Et
392 2870 452 2939 boc
465 2870 520 2962 jus
533 2869 677 2959 viguisse
691 2869 770 2938 olim
786 2867 915 2938 videtur
933 2868 968 2935 in
989 2867 1121 2958 judiciis
1143 2868 1239 2935 etiam

103 2978 332 3046 ecclesiasticis.
348 2979 471 3047 Atvero
492 2976 689 3069 jamdudum
711 2976 744 3044 in
768 2974 1015 3044 desuetudinem
1035 2975 1115 3042 abiit
1135 2997 1240 3067 pmnae

104 3085 231 3152 talionis
245 3107 336 3171 usus,
347 3093 379 3152 et
393 3092 559 3152 accusator
569 3084 603 3151 in
616 3081 784 3175 probando
799 3081 950 3150 deficiens
966 3081 1047 3150 solet
1061 3082 1103 3150 ad
1118 3104 1241 3173 expen-

104 3213 154 3258 sas
175 3190 346 3260 dumtaxat
368 3200 400 3260 et
422 3189 464 3258 ad
489 3213 618 3284 prauam
640 3189 860 3280 pecuniariam
884 3186 1105 3256 condemnari.
1131 3189 1242 3257 Cessat

103 3297 237 3387 proinde
252 3298 347 3386 ratio,
363 3320 439 3390 quae
454 3296 655 3390 personalem
671 3296 743 3388 ejus
758 3295 966 3386 praesentiam
983 3296 1180 3387 requirebat.

613 3565 635 3656 ς
658 3563 732 3633 vrr.

190 3746 224 3795 De
241 3745 319 3796 modo
336 3743 511 3796 constituendi
526 3745 722 3808 praematurem
739 3745 765 3793 et
780 3742 812 3792 de
830 3741 1009 3807 procuratorio
1026 3741 1155 3794 mandata.

152 3946 180 4010 t.
197 3942 241 4010 Ut
255 3939 361 4012 vaide
384 3940 598 4010 constituatur
619 3947 821 4032 procurator,
839 3961 967 4008 necesse
994 3961 1060 4008 non
1076 3947 1124 4008 est
1146 3950 1182 4009 ut
1201 3943 1243 4012 sit

106 4071 261 4141 praesens3
278 4048 446 4118 sedetiam
461 4047 577 4116 absens
589 4045 694 4117 valide
710 4047 930 4134 constituitur,
944 4046 1040 4115 modo
1051 4050 1238 4120 consentiat.

106 4157 151 4225 lta
165 4155 309 4226 docures
323 4155 553 4228 communiter.

150 4267 182 4334 2.
199 4263 293 4334 Valet
306 4261 442 4356 quilibet
457 4285 651 4334 consensum
671 4262 877 4355 exprimendi
901 4262 1029 4350 modus,
1045 4284 1111 4355 quo
1125 4285 1241 4356 procu-
