3030 4980
287 470 349 534 los
663 491 839 540 rascrarns
863 495 901 540 na
923 494 1057 540 runicus.

283 613 397 713 citium
422 638 431 680 ε
457 636 536 703 ergo
555 612 683 704 dejure
709 614 930 684 communiet
953 616 987 682 in
1012 617 1138 684 caeteris
1160 617 1277 704 causis,
1301 618 1420 686 clericis

283 720 380 790 etiam
402 721 565 794 minorum
589 721 742 790 ordinum
765 721 927 814 ejusmodi
951 721 1093 791 officinm
1116 723 1324 792 interdictum
1344 747 1420 792 cen-

285 827 422 897 sendum
434 836 492 896 est.

328 935 488 1004 Addimus
504 936 565 1004 sub
586 935 646 1004 hac
662 935 879 1028 prohibitione
893 936 977 1027 juris
992 935 1175 1004 communis
1194 935 1420 1028 comprehendi

283 1043 416 1114 clericos
447 1043 611 1112 minorum
637 1042 789 1114 ordinum
820 1043 946 1112 etiamsi
978 1042 1135 1111 beneficio
1164 1049 1305 1112 careant.
1342 1043 1421 1125 Quia

282 1151 362 1219 dum
382 1150 491 1243 aliqua
508 1149 684 1242 prohibitio
703 1156 752 1218 est
773 1150 946 1240 generalis,
967 1172 1033 1218 non
1057 1148 1151 1218 debet
1174 1149 1338 1240 restringi,
1362 1151 1421 1218 nisi

282 1259 322 1327 de
346 1258 430 1326 lacta
455 1257 656 1328 restrictione
681 1279 739 1325 seu
762 1256 949 1348 exceptione
969 1265 1056 1325 cerlo
1078 1263 1201 1327 constet
1227 1256 1343 1348 :quod
1364 1281 1421 1326 cn-

284 1373 346 1433 tem
372 1364 479 1433 clerici
508 1365 672 1433 minorum
697 1363 851 1433 ordinum
875 1364 932 1456 qui
957 1362 1113 1431 beneficio
1140 1371 1262 1448 carent,
1290 1364 1334 1432 ob
1353 1387 1420 1433 eam

281 1473 439 1541 rationem
461 1494 527 1540 non
542 1471 860 1562 comprehendantur
878 1471 939 1538 sub
959 1471 1103 1560 generali
1123 1470 1344 1562 prohibitione
1357 1495 1419 1539 non

280 1578 452 1650 exercendi
474 1578 662 1666 notariatus,
685 1600 727 1646 ex
751 1577 839 1648 nulla
855 1577 940 1668 juris
959 1578 1041 1644 sacri
1061 1576 1270 1670 dispositione
1285 1587 1417 1648 constat.

280 1686 374 1758 Unde
389 1685 572 1778 excipiendi
593 1686 764 1754 dumtaxat
784 1685 937 1754 ridentur
954 1684 979 1752 ii
995 1684 1160 1754 minorum
1182 1683 1336 1754 ordinum
1357 1686 1420 1754 cle-

281 1794 352 1880 rici,
369 1794 426 1885 qui
446 1793 578 1862 aliunde
597 1792 684 1866 unde
704 1799 964 1863 sustentarentur
982 1813 1048 1861 non
1067 1791 1241 1878 haberent,
1259 1793 1338 1884 qnia
1352 1793 1419 1861 baec

279 1901 362 1970 ratio
388 1923 430 1970 ex
458 1907 597 1990 egestate
620 1899 790 1991 desumpta
818 1899 852 1966 in
877 1899 952 1991 jure
982 1898 1149 1987 fundatur,
1181 1909 1218 1968 ιιι
1249 1899 1346 1968 modo
1371 1900 1420 1968 di-

280 2031 401 2080 comus.

323 2112 441 2182 lisdem
464 2113 531 2182 lere
552 2112 736 2184 rationibus
760 2112 999 2181 conclusionem
1023 2121 1166 2182 nostram
1185 2113 1338 2205 probavit
1359 2113 1422 2182 Fa·

280 2243 409 2312 gnanus
430 2221 490 2289 hoc
512 2220 634 2288 modo:
659 2245 676 2283 ιι
697 2221 767 2310 Ego
789 2241 867 2288 vero
891 2220 1041 2289 existimo
1063 2219 1147 2288 hanc
1169 2220 1420 2312 prohibitionem

284 2355 300 2394 ι
323 2327 453 2398 extendi
467 2327 507 2394 ad
520 2349 633 2394 omnes
642 2327 773 2394 clericos
782 2327 877 2394 etism
892 2327 1057 2395 minorum
1068 2327 1233 2414 ordinum,
1245 2327 1422 2398 dummodo

284 2465 302 2505 ιι
324 2461 365 2507 ex
386 2437 546 2505 beneficio
567 2435 618 2505 vel
640 2436 837 2528 patrimonio
859 2436 999 2504 habeant
1017 2434 1106 2506 unde
1123 2436 1294 2506 commode
1314 2438 1423 2506 virere

284 2573 300 2612 ιι
324 2545 460 2638 possint.
482 2544 614 2612 Movoor
688 2565 746 2634 per
763 2550 887 2612 textum
904 2544 938 2611 in
952 2543 1055 2635 capite
1073 2547 1115 2611 Ut
1130 2544 1274 2636 officium
1298 2595 1352 2628 ...,
1370 2546 1424 2614 ubi

283 2679 300 2719 ιι
323 2650 512 2740 indulgetur
525 2649 648 2717 olorinis
663 2650 762 2717 etiam
774 2649 808 2716 in
821 2649 932 2737 sacris,
947 2658 982 2718 ul
998 2651 1032 2718 in
1046 2673 1143 2718 causa
1155 2650 1293 2719 heresis
1303 2654 1425 2744 possint

284 2787 300 2824 ιι
324 2757 549 2828 tabellionatus
563 2755 704 2824 officium
720 2779 881 2824 exercere.
900 2757 1051 2826 Pondora
1066 2757 1154 2825 illem
1171 2756 1350 2828 dictionem
1363 2761 1425 2827 im-

283 2896 300 2934 ιι
324 2865 507 2958 plicativam
529 2865 640 2945 eliam,
663 2885 738 2954 qnae
760 2863 901 2932 ostendit
924 2863 1113 2954 hujusmodi
1136 2863 1303 2934 indultum
1329 2865 1424 2936 fuisse

282 2993 511 3042 «concessum
533 2970 628 3038 etiam
653 2969 779 3038 clericis
803 2971 966 3038 minorum
988 2971 1159 3058 ordinum3
1183 2993 1261 3061 ergo
1285 2973 1424 3041 circnm-

282 3109 300 3148 c
323 3081 444 3172 scripto
465 3077 604 3163 indulto,
629 3077 660 3145 id
684 3077 729 3145 cis
749 3085 818 3146 erat
843 3078 1061 3168 prohibitum
1082 3079 1227 3170 alioquin
1248 3079 1424 3150 frustrato-

283 3217 299 3255 ιι
323 3189 409 3256 rium
435 3185 547 3254 inisset
573 3183 746 3252 concedere
768 3184 855 3275 quod
882 3185 929 3252 eis
948 3193 1018 3253 crat
1041 3186 1239 3276 permissum
1262 3208 1283 3254 a
1306 3187 1420 3277 jure...

281 3297 401 3363 sltem
432 3292 459 3359 si
488 3291 623 3382 speciale
650 3298 698 3358 est
725 3290 836 3360 lavore
863 3289 953 3378 fidei,
982 3301 1017 3359 nt
1046 3291 1153 3360 clerici
1179 3293 1212 3359 in
1241 3293 1424 3362 minoribus

281 3429 298 3470 ιι
322 3402 445 3494 possint
461 3399 509 3468 uti
524 3398 745 3486 tabellionatu,
760 3419 839 3488 ergo
854 3397 888 3465 in
904 3399 976 3466 aliis
996 3421 1062 3468 non
1083 3407 1230 3491 possunt.
1247 3424 1264 3464 ιι
1285 3400 1337 3490 (Ιιι
1352 3424 1420 3492 cap.

277 3511 371 3580 Sicca
386 3520 428 3589 te,
445 3507 493 3573 ιιι.
510 3507 560 3576 Νι
574 3505 681 3574 clerici
693 3506 745 3573 vel
757 3505 921 3588 monachi,
941 3529 974 3573 ιι.
995 3506 1065 3597 27.)

321 3617 506 3685 Pnorosnro
520 3613 594 3682 Νι.
611 3651 655 3664 -
670 3611 837 3702 llelipiosis
849 3613 983 3703 insuper
1001 3612 1191 3681 ποιανιαιιιι
1205 3615 1357 3705 officium
1370 3639 1423 3686 re-

275 3723 438 3820 pulcritcr
444 3721 656 3813 prohibitum
674 3733 731 3788 cst.
747 3759 793 3772 -
814 3721 949 3788 Eruitur
968 3744 1009 3789 ex
1031 3721 1126 3790 modo
1142 3721 1239 3791 citato
1258 3725 1367 3816 capite
1385 3728 1424 3792 Ut

276 3833 422 3925 officium
440 3829 507 3920 (ll,
525 3827 612 3896 tituli
634 3831 666 3911 2,
688 3827 764 3895 libri
790 3831 820 3914 5,
843 3827 878 3894 in
903 3827 949 3918 6),
973 3828 1007 3894 ιιι
1028 3851 1094 3919 quo
1111 3827 1261 3898 Clemens
1279 3830 1330 3901 IV
1349 3831 1423 3900 reli-

277 3937 375 4029 giosis
389 3957 447 4026 per
460 3933 592 4003 modum
608 3934 809 4024 exceptionis
818 3943 850 4002 ιι
863 3933 1026 4024 privilegii
1035 3935 1183 4003 concedit
1193 3935 1423 4006 tabellionatus

276 4042 467 4113 exercitium
483 4040 517 4108 in
532 4040 768 4132 certaquadam
783 4062 956 4109 caumrum
973 4041 1090 4132 specie.
1102 4041 1186 4111 Cum
1201 4041 1292 4110 enim
1306 4065 1421 4136 excep

276 4153 324 4220 tio
350 4147 519 4218 confirmet
541 4146 700 4236 regulam,
724 4148 874 4239 sequitur
895 4155 988 4216 extra
1009 4171 1119 4217 casum
1144 4149 1297 4240 specialis
1319 4151 1421 4243 privi-

275 4257 354 4348 legii
370 4275 500 4322 manere
516 4253 549 4322 id
563 4253 662 4323 oflicii
678 4253 838 4344 religiosis
851 4255 1071 4325 interdictum.
1088 4255 1129 4324 Et
1144 4256 1188 4324 ita
1203 4259 1422 4328 communiter
