3032 4976
547 454 621 500 esus
649 453 753 501 roms.
1150 433 1211 501 est

120 571 175 642 ΙΙΙ.
194 578 244 642 De
250 573 484 666 jurisdictione
496 597 569 666 pirre
585 597 625 644 ec
639 575 933 666 compromissione,
950 575 1002 644 cel
1012 575 1215 644 arbitrorum

69 680 221 771 juridico
246 680 455 774 deputatione
474 681 591 750 oritur.
610 681 810 766 -Quando
835 682 909 772 quis
932 682 1054 750 arbiter
1072 683 1215 771 legitime

75 789 295 876 constituitur,
312 797 513 879 potestatem,
530 811 595 880 qua
622 798 715 857 antea
740 787 880 875 carebat,
895 787 934 857 de
955 811 1051 857 causa
1074 811 1216 877 cognos-

75 894 170 965 cendi
195 904 227 964 et
247 895 479 986 pronuntiandi
491 884 493 890 ¹
506 897 655 988 acquirit.
672 896 754 979 Qum
778 905 931 986 potestas,
947 896 1007 964 etsi
1031 895 1216 988 jurisdictio

75 1003 206 1094 proprie
222 1002 308 1072 diets
322 1026 390 1072 non
404 1004 458 1089 sit,
472 1012 520 1072 est
535 1011 643 1072 tamen
658 1003 962 1094 quasi-jurisdictio.
980 1003 1075 1072 Unde
1090 1004 1131 1071 ad
1147 1003 1217 1094 ple-

75 1131 153 1177 nam
169 1108 402 1178 discussionem
418 1110 610 1202 quaestionis
622 1123 737 1178 utrum
752 1109 824 1201 quis
838 1110 880 1178 sit
894 1109 1003 1200 judex
1021 1123 1214 1201 competens,

75 1216 309 1309 inquirendum
334 1219 431 1286 etiam
453 1226 513 1306 est,
534 1216 741 1310 quandonam
765 1217 839 1309 quis
866 1227 1019 1309 tanquam
1041 1217 1164 1286 arbiter
1178 1217 1218 1285 de

76 1346 174 1392 causa
200 1347 392 1414 cognoscere
419 1333 450 1392 et
475 1324 686 1416 pronuntiare
711 1324 854 1414 legitime
880 1325 991 1416 possit.
1021 1323 1102 1405 Quae
1129 1325 1218 1392 notio

76 1431 154 1499 satis
168 1433 421 1525 comparabitur,
437 1433 466 1500 si
480 1440 675 1524 exponatur,
695 1436 727 1498 1⁰
742 1430 824 1524 quid
840 1440 872 1500 et
885 1431 1064 1523 quotuplex
1077 1433 1118 1500 sit
1132 1431 1218 1500 arbi-

77 1549 141 1626 ter3
160 1543 194 1606 2⁰
209 1563 361 1631 quaenam
378 1539 586 1630 requirantur
599 1538 800 1608 conditiones
819 1537 860 1605 ad
882 1537 1060 1628 legitimam
1075 1538 1218 1607 arbitro-

77 1667 151 1714 rum
169 1647 442 1715 coustitutionem.
457 1645 530 1714 Non
545 1646 633 1714 enim
651 1645 701 1713 bic
715 1644 878 1734 egendum
895 1645 1053 1714 habemus
1069 1644 1109 1713 de
1130 1646 1219 1714 arbi-

81 1762 209 1821 trorum
224 1752 341 1834 officio,
357 1761 412 1821 aut
430 1752 468 1821 de
484 1753 519 1820 vi
540 1760 572 1820 et
594 1751 759 1822 effectibus
779 1751 941 1820 arbitralia
960 1751 1144 1838 sententiae;
1164 1751 1219 1819 sed

78 1859 116 1926 de
130 1861 345 1951 competentia
359 1867 485 1929 tantum
502 1857 731 1949 dignoscenda.

125 1965 249 2050 1⁰Quid
260 1978 292 2034 et
305 1967 483 2058 quotuplee
496 1967 538 2035 sit
553 1966 686 2034 orditer.
704 1966 887 2048 -Primo,
906 1967 1026 2034 arbiter
1040 1966 1105 2035 loto
1124 1989 1220 2036 sensu

78 2073 208 2161 dicitur,
226 2074 283 2164 qui
295 2072 335 2140 ad
352 2073 483 2164 aliquod
498 2074 664 2162 negotium
682 2071 910 2141 estimandum
925 2081 956 2140 et
975 2073 1220 2142 terminandum

79 2182 272 2250 constitutus
298 2190 370 2248 est:
398 2183 508 2250 stricto
530 2204 608 2249 vero
635 2204 745 2266 sensu,
762 2181 796 2248 id
817 2189 877 2268 est,
891 2190 1052 2272 quatenus
1075 2181 1220 2271 ajudioe

80 2289 210 2378 proprie
233 2287 319 2356 dioto
341 2287 683 2377 contradistinguitur,
699 2286 829 2356 definiri
855 2296 970 2378 potest,
982 2309 1137 2380 persono,
1156 2289 1222 2355 sive

79 2417 118 2460 ec
133 2393 342 2486 dispositione
355 2393 457 2484 juris,
473 2396 539 2462 siue
560 2417 600 2462 ec
621 2395 830 2462 conuentione
849 2395 1012 2484 portium,
1029 2395 1218 2476 constituto,

79 2513 115 2567 ut
131 2500 171 2570 de
185 2523 285 2569 conso
307 2514 478 2592 copnoseot
494 2513 524 2569 et
544 2501 737 2568 sortientium
760 2501 918 2591 proferet.
935 2499 1032 2590 (Vide
1054 2499 1221 2571 Sebmalc-

79 2609 231 2698 grueber,
247 2609 283 2676 in
297 2609 428 2678 titulum
446 2613 500 2693 42,
517 2607 593 2676 iibri
610 2613 624 2676 l
642 2608 871 2692 Decretalium‚
890 2631 923 2676 n.
944 2607 988 2697 1.)

123 2715 286 2798 Secundo,
302 2715 358 2783 alii
372 2724 447 2783 sunt
462 2715 579 2783 arbitri
597 2716 690 2805 juris
711 2737 769 2782 seu
794 2713 979 2792 necessarii,
995 2713 1052 2783 alii
1066 2735 1220 2806 compro-

81 2823 242 2890 missionis
256 2844 314 2890 seu
329 2821 517 2890 voluntarii.
535 2821 665 2890 Priores
686 2830 762 2889 sunt
782 2820 897 2912 quiex
915 2821 1105 2912 prescripto
1127 2821 1219 2910 legis,

80 2930 249 3020 principis,
264 2927 317 2997 vel
328 2928 459 3019 judicis,
475 2931 717 2997 constituuntur
735 2955 742 2996 :
760 2928 958 2997 Posteriores
972 2928 1029 3019 qui
1051 2927 1119 2996 solo
1140 2949 1221 3020 par-

83 3037 162 3104 tium
177 3058 338 3105 consensu
355 3045 579 3106 assumuntur.
1074 3059 1077 3064 ¹

128 3145 245 3226 Tertio,
272 3143 392 3212 arbiter
420 3143 734 3234 compromissarios,
759 3142 841 3210 alius
870 3152 917 3210 est
944 3142 1075 3233 proprie
1102 3141 1220 3230 dictus,

83 3252 137 3339 qui
152 3253 192 3317 ud
208 3250 241 3318 id
256 3251 476 3335 constituitur,
494 3259 530 3318 ut
552 3259 678 3318 servato
695 3249 780 3340 juris
801 3247 916 3316 ordine
932 3272 969 3316 ac
982 3249 1088 3319 forma
1106 3249 1222 3341 judicii

83 3357 233 3447 procedat
249 3368 280 3425 et
300 3356 487 3448 pronuntiet
505 3384 512 3424 2
531 3357 614 3424 alius
630 3356 806 3447 improprie
828 3356 932 3423 dictus
951 3377 1009 3424 seu
1027 3357 1219 3439 arbitrator,

84 3465 141 3553 qui
155 3463 194 3532 ad
212 3463 272 3531 hoc
287 3465 476 3550 assumitur,
495 3473 529 3532 ut
554 3487 595 3532 eu
618 3486 713 3554 aequo
733 3473 764 3531 et
780 3463 877 3549 bono,
894 3463 992 3532 etiam
1008 3487 1073 3533 non
1096 3476 1223 3534 servata

82 3569 195 3659 judieii
211 3571 329 3657 forma,
347 3569 436 3638 litem
453 3579 635 3662 componat.

136 3679 269 3760 Quarto,
294 3676 402 3745 differt
428 3678 548 3746 arbiter
576 3677 881 3769 compromissarios
909 3701 928 3746 a
954 3677 1063 3769 judice
1094 3680 1222 3770 proprie

87 3784 170 3853 dioto
192 3785 302 3877 quood
329 3787 436 3878 ipsum
462 3787 724 3856 constitutionem
750 3813 761 3854 .·
787 3786 947 3876 siquidem
967 3786 1068 3877 judex
1095 3787 1223 3879 publica

87 3895 284 3981 auctoritate,
300 3893 422 3963 arbiter
437 3895 742 3985 compromissarios
757 3894 921 3964 voluntate
940 3893 1083 3985 partium
1099 3897 1223 3963 consti-

87 3999 215 4067 tuitur:
238 3999 291 4069 ille
318 4001 440 4070 invitus
467 4001 538 4070 dari
565 4009 680 4091 potest,
706 3999 758 4068 hic
780 4001 909 4068 nonnisi
935 4000 1059 4068 volens.
1076 4039 1121 4054 -
1142 4003 1223 4072 Item

87 4103 195 4174 differt
209 4107 317 4198 quood
326 4120 523 4199 potestatem
541 4135 551 4174 :
568 4107 727 4198 siquidem
749 4107 882 4175 arbitria
903 4117 978 4175 suut
999 4108 1100 4176 stricti
1123 4109 1221 4200 juris,

88 4213 137 4280 ita
163 4223 196 4280 ut
218 4217 250 4282 in
277 4216 319 4283 iis
345 4215 511 4284 observari
535 4215 672 4283 debeant
700 4215 924 4304 compromissi
949 4218 1030 4284 fines
1054 4243 1062 4284 :
1086 4219 1224 4308 amplior

249 4342 267 4386 1.
1027 4330 1062 4390 tr
