<?xml version="1.0" encoding="UTF-8"?>
<!DOCTYPE html PUBLIC "-//W3C//DTD XHTML 1.0 Transitional//EN"
    "http://www.w3.org/TR/xhtml1/DTD/xhtml1-transitional.dtd">
<html xmlns="http://www.w3.org/1999/xhtml" xml:lang="en" lang="en">
 <head>
  <title>
</title>
<meta http-equiv="Content-Type" content="text/html;charset=utf-8" />
  <meta name='ocr-system' content='tesseract 3.04.00' />
  <meta name='ocr-capabilities' content='ocr_page ocr_carea ocr_par ocr_line ocrx_word'/>
</head>
<body>
  <div class='ocr_page' id='page_1' title='image "./tractatusdejudi01goog_0322.png"; bbox 0 0 3032 4976; ppageno 0'>
   <div class='ocr_carea' id='block_1_1' title="bbox 550 475 1226 542">
    <p class='ocr_par' dir='ltr' id='par_1_1' title="bbox 550 475 1226 542">
     <span class='ocr_line' id='line_1_1' title="bbox 550 475 1226 542; baseline 0 0"><span class='ocrx_word' id='word_1_1' title='bbox 550 495 625 542; x_wconf 77' lang='lat' dir='ltr'>sans</span> <span class='ocrx_word' id='word_1_2' title='bbox 653 494 760 542; x_wconf 79' lang='lat' dir='ltr'>rama.</span> <span class='ocrx_word' id='word_1_3' title='bbox 1167 475 1226 542; x_wconf 80' lang='lat'>311</span> 
     </span>
    </p>
   </div>
   <div class='ocr_carea' id='block_1_2' title="bbox 13 611 1238 4349">
    <p class='ocr_par' dir='ltr' id='par_1_2' title="bbox 88 611 1232 1671">
     <span class='ocr_line' id='line_1_2' title="bbox 92 611 1229 704; baseline 0.011 -29"><span class='ocrx_word' id='word_1_4' title='bbox 92 639 110 677; x_wconf 76' lang='lat' dir='ltr'>a</span> <span class='ocrx_word' id='word_1_5' title='bbox 133 635 232 704; x_wconf 89' lang='lat' dir='ltr'>quam</span> <span class='ocrx_word' id='word_1_6' title='bbox 259 613 365 682; x_wconf 73' lang='lat' dir='ltr'>ceteri</span> <span class='ocrx_word' id='word_1_7' title='bbox 390 611 549 684; x_wconf 79' lang='lat' dir='ltr'>inhabiles</span> <span class='ocrx_word' id='word_1_8' title='bbox 574 615 616 684; x_wconf 88' lang='lat' dir='ltr'>ad</span> <span class='ocrx_word' id='word_1_9' title='bbox 636 614 874 685; x_wconf 78' lang='lat' dir='ltr'>testificandum</span> <span class='ocrx_word' id='word_1_10' title='bbox 896 615 1113 687; x_wconf 86' lang='lat' dir='ltr'>admittuntur</span> <span class='ocrx_word' id='word_1_11' title='bbox 1132 616 1229 688; x_wconf 88' lang='lat' dir='ltr'>etiam</span> 
     </span>
     <span class='ocr_line' id='line_1_3' title="bbox 91 720 1229 819; baseline 0.01 -35"><span class='ocrx_word' id='word_1_12' title='bbox 91 746 108 784; x_wconf 80' lang='lat' dir='ltr'>o</span> <span class='ocrx_word' id='word_1_13' title='bbox 134 721 215 812; x_wconf 78' lang='lat' dir='ltr'>ipsse</span> <span class='ocrx_word' id='word_1_14' title='bbox 234 720 269 788; x_wconf 93' lang='lat' dir='ltr'>in</span> <span class='ocrx_word' id='word_1_15' title='bbox 294 743 393 790; x_wconf 85' lang='lat' dir='ltr'>censa</span> <span class='ocrx_word' id='word_1_16' title='bbox 413 721 576 790; x_wconf 86' lang='lat' dir='ltr'>criminali</span> <span class='ocrx_word' id='word_1_17' title='bbox 595 749 602 790; x_wconf 95' lang='lat'><strong>:</strong></span> <span class='ocrx_word' id='word_1_18' title='bbox 620 729 658 792; x_wconf 90' lang='lat' dir='ltr'>nt</span> <span class='ocrx_word' id='word_1_19' title='bbox 672 731 720 791; x_wconf 88' lang='lat' dir='ltr'>est</span> <span class='ocrx_word' id='word_1_20' title='bbox 742 727 773 790; x_wconf 84' lang='grc'>10</span> <span class='ocrx_word' id='word_1_21' title='bbox 795 723 830 791; x_wconf 92' lang='lat' dir='ltr'>in</span> <span class='ocrx_word' id='word_1_22' title='bbox 845 723 1068 795; x_wconf 79' lang='lat' dir='ltr'>criminalibus</span> <span class='ocrx_word' id='word_1_23' title='bbox 1085 725 1229 819; x_wconf 85' lang='lat' dir='ltr'>exeeptis</span> 
     </span>
     <span class='ocr_line' id='line_1_4' title="bbox 90 829 1230 926; baseline 0.01 -34"><span class='ocrx_word' id='word_1_24' title='bbox 90 855 108 892; x_wconf 74' lang='grc' dir='ltr'>ι</span> <span class='ocrx_word' id='word_1_25' title='bbox 133 841 170 897; x_wconf 82' lang='grc' dir='ltr'>ιιι</span> <span class='ocrx_word' id='word_1_26' title='bbox 184 829 268 900; x_wconf 72' lang='lat' dir='ltr'>lesa</span> <span class='ocrx_word' id='word_1_27' title='bbox 280 829 478 921; x_wconf 83' lang='lat' dir='ltr'>majestatis,</span> <span class='ocrx_word' id='word_1_28' title='bbox 496 830 636 912; x_wconf 71' lang='lat' dir='ltr'>dereris,</span> <span class='ocrx_word' id='word_1_29' title='bbox 656 831 816 914; x_wconf 70' lang='lat' dir='ltr'>simonia,</span> <span class='ocrx_word' id='word_1_30' title='bbox 834 832 923 923; x_wconf 76' lang='lat' dir='ltr'>etc),</span> <span class='ocrx_word' id='word_1_31' title='bbox 938 833 995 901; x_wconf 91' lang='lat' dir='ltr'>ubi</span> <span class='ocrx_word' id='word_1_32' title='bbox 1018 833 1152 904; x_wconf 79' lang='lat' dir='ltr'>immina</span> <span class='ocrx_word' id='word_1_33' title='bbox 1169 857 1230 926; x_wconf 93' lang='lat' dir='ltr'>pro</span> 
     </span>
     <span class='ocr_line' id='line_1_5' title="bbox 92 935 1230 1030; baseline 0.01 -30"><span class='ocrx_word' id='word_1_34' title='bbox 92 962 109 1000; x_wconf 80' lang='lat' dir='ltr'>c</span> <span class='ocrx_word' id='word_1_35' title='bbox 134 944 213 1006; x_wconf 86' lang='lat' dir='ltr'>teste</span> <span class='ocrx_word' id='word_1_36' title='bbox 226 935 408 1005; x_wconf 79' lang='lat' dir='ltr'>admittitur</span> <span class='ocrx_word' id='word_1_37' title='bbox 420 936 517 1006; x_wconf 87' lang='lat' dir='ltr'>etiam</span> <span class='ocrx_word' id='word_1_38' title='bbox 539 935 581 1006; x_wconf 87' lang='lat' dir='ltr'>de</span> <span class='ocrx_word' id='word_1_39' title='bbox 598 938 674 1030; x_wconf 84' lang='lat' dir='ltr'>jure</span> <span class='ocrx_word' id='word_1_40' title='bbox 689 939 856 1008; x_wconf 83' lang='lat' dir='ltr'>canonico.</span> <span class='ocrx_word' id='word_1_41' title='bbox 875 943 908 1008; x_wconf 84' lang='grc'>2·</span> <span class='ocrx_word' id='word_1_42' title='bbox 922 939 958 1009; x_wconf 91' lang='lat' dir='ltr'>Si</span> <span class='ocrx_word' id='word_1_43' title='bbox 975 939 1120 1010; x_wconf 84' lang='lat' dir='ltr'>virorum</span> <span class='ocrx_word' id='word_1_44' title='bbox 1135 941 1230 1010; x_wconf 91' lang='lat' dir='ltr'>testi-</span> 
     </span>
     <span class='ocr_line' id='line_1_6' title="bbox 92 1043 1231 1136; baseline 0.008 -28"><span class='ocrx_word' id='word_1_45' title='bbox 92 1070 109 1108; x_wconf 79' lang='lat' dir='ltr'>o</span> <span class='ocrx_word' id='word_1_46' title='bbox 134 1043 282 1113; x_wconf 90' lang='lat' dir='ltr'>monium</span> <span class='ocrx_word' id='word_1_47' title='bbox 298 1043 411 1112; x_wconf 90' lang='lat' dir='ltr'>baberi</span> <span class='ocrx_word' id='word_1_48' title='bbox 425 1051 564 1136; x_wconf 82' lang='lat' dir='ltr'>nequest</span> <span class='ocrx_word' id='word_1_49' title='bbox 581 1071 588 1112; x_wconf 74' lang='grc' dir='ltr'>ι</span> <span class='ocrx_word' id='word_1_50' title='bbox 606 1066 683 1114; x_wconf 88' lang='lat' dir='ltr'>nem</span> <span class='ocrx_word' id='word_1_51' title='bbox 703 1044 747 1116; x_wconf 96' lang='lat' dir='ltr'>ob</span> <span class='ocrx_word' id='word_1_52' title='bbox 768 1045 931 1116; x_wconf 84' lang='lat' dir='ltr'>delectum</span> <span class='ocrx_word' id='word_1_53' title='bbox 945 1047 1075 1116; x_wconf 90' lang='lat' dir='ltr'>testium</span> <span class='ocrx_word' id='word_1_54' title='bbox 1096 1047 1231 1118; x_wconf 90' lang='lat' dir='ltr'>idoneo-</span> 
     </span>
     <span class='ocr_line' id='line_1_7' title="bbox 92 1149 1230 1244; baseline 0.007 -28"><span class='ocrx_word' id='word_1_55' title='bbox 92 1177 110 1216; x_wconf 71' lang='grc' dir='ltr'>ι</span> <span class='ocrx_word' id='word_1_56' title='bbox 133 1172 208 1218; x_wconf 89' lang='lat' dir='ltr'>rum</span> <span class='ocrx_word' id='word_1_57' title='bbox 223 1149 349 1219; x_wconf 77' lang='lat' dir='ltr'>admitti</span> <span class='ocrx_word' id='word_1_58' title='bbox 365 1159 501 1241; x_wconf 85' lang='lat' dir='ltr'>possunt</span> <span class='ocrx_word' id='word_1_59' title='bbox 516 1159 613 1220; x_wconf 85' lang='lat' dir='ltr'>testes</span> <span class='ocrx_word' id='word_1_60' title='bbox 625 1151 770 1244; x_wconf 84' lang='lat' dir='ltr'>alioquin</span> <span class='ocrx_word' id='word_1_61' title='bbox 786 1151 956 1222; x_wconf 84' lang='lat' dir='ltr'>inhabiles.</span> <span class='ocrx_word' id='word_1_62' title='bbox 976 1157 1009 1220; x_wconf 83' lang='grc'>30</span> <span class='ocrx_word' id='word_1_63' title='bbox 1024 1153 1060 1223; x_wconf 91' lang='lat' dir='ltr'>Si</span> <span class='ocrx_word' id='word_1_64' title='bbox 1071 1152 1173 1244; x_wconf 75' lang='lat' dir='ltr'>index</span> <span class='ocrx_word' id='word_1_65' title='bbox 1187 1177 1230 1224; x_wconf 88' lang='lat' dir='ltr'>ex</span> 
     </span>
     <span class='ocr_line' id='line_1_8' title="bbox 92 1257 1232 1350; baseline 0.008 -28"><span class='ocrx_word' id='word_1_66' title='bbox 92 1285 109 1322; x_wconf 74' lang='grc' dir='ltr'><strong>α</strong></span> <span class='ocrx_word' id='word_1_67' title='bbox 134 1257 240 1326; x_wconf 89' lang='lat' dir='ltr'>officio</span> <span class='ocrx_word' id='word_1_68' title='bbox 262 1257 414 1350; x_wconf 90' lang='lat' dir='ltr'>procedat</span> <span class='ocrx_word' id='word_1_69' title='bbox 432 1258 473 1326; x_wconf 91' lang='lat' dir='ltr'>ad</span> <span class='ocrx_word' id='word_1_70' title='bbox 496 1258 738 1350; x_wconf 80' lang='lat' dir='ltr'>inquisitionem</span> <span class='ocrx_word' id='word_1_71' title='bbox 761 1259 802 1330; x_wconf 91' lang='lat' dir='ltr'>de</span> <span class='ocrx_word' id='word_1_72' title='bbox 822 1260 969 1329; x_wconf 86' lang='lat' dir='ltr'>crimine.</span> <span class='ocrx_word' id='word_1_73' title='bbox 989 1264 1022 1329; x_wconf 75' lang='lat'>4⁰</span> <span class='ocrx_word' id='word_1_74' title='bbox 1038 1262 1091 1331; x_wconf 80' lang='lat' dir='ltr'>Ad</span> <span class='ocrx_word' id='word_1_75' title='bbox 1115 1260 1232 1331; x_wconf 87' lang='lat' dir='ltr'>defen-</span> 
     </span>
     <span class='ocr_line' id='line_1_9' title="bbox 93 1365 1232 1458; baseline 0.005 -26"><span class='ocrx_word' id='word_1_76' title='bbox 93 1393 111 1432; x_wconf 75' lang='lat'>«</span> <span class='ocrx_word' id='word_1_77' title='bbox 134 1365 259 1434; x_wconf 89' lang='lat' dir='ltr'>sionem</span> <span class='ocrx_word' id='word_1_78' title='bbox 274 1365 335 1434; x_wconf 89' lang='lat' dir='ltr'>Rei</span> <span class='ocrx_word' id='word_1_79' title='bbox 350 1372 382 1435; x_wconf 90' lang='lat' dir='ltr'>et</span> <span class='ocrx_word' id='word_1_80' title='bbox 394 1365 611 1434; x_wconf 78' lang='lat' dir='ltr'>innocentiam</span> <span class='ocrx_word' id='word_1_81' title='bbox 632 1365 704 1458; x_wconf 87' lang='lat' dir='ltr'>ejus</span> <span class='ocrx_word' id='word_1_82' title='bbox 723 1366 968 1436; x_wconf 78' lang='lat' dir='ltr'>ostendendum.</span> <span class='ocrx_word' id='word_1_83' title='bbox 988 1372 1020 1435; x_wconf 83' lang='lat'>5·</span> <span class='ocrx_word' id='word_1_84' title='bbox 1035 1366 1071 1437; x_wconf 91' lang='lat' dir='ltr'>Si</span> <span class='ocrx_word' id='word_1_85' title='bbox 1093 1367 1232 1438; x_wconf 85' lang='lat' dir='ltr'>civiliter</span> 
     </span>
     <span class='ocr_line' id='line_1_10' title="bbox 91 1472 1228 1565; baseline 0.007 -27"><span class='ocrx_word' id='word_1_86' title='bbox 91 1499 110 1538; x_wconf 79' lang='lat' dir='ltr'>c</span> <span class='ocrx_word' id='word_1_87' title='bbox 133 1483 251 1564; x_wconf 78' lang='lat' dir='ltr'>agatur</span> <span class='ocrx_word' id='word_1_88' title='bbox 270 1472 311 1541; x_wconf 91' lang='lat' dir='ltr'>de</span> <span class='ocrx_word' id='word_1_89' title='bbox 336 1474 483 1544; x_wconf 87' lang='lat' dir='ltr'>erimine.</span> <span class='ocrx_word' id='word_1_90' title='bbox 510 1499 526 1537; x_wconf 81' lang='grc' dir='ltr'>ι</span> <span class='ocrx_word' id='word_1_91' title='bbox 555 1473 870 1565; x_wconf 81' lang='lat' dir='ltr'>(Scbmalagrueber,</span> <span class='ocrx_word' id='word_1_92' title='bbox 893 1475 929 1542; x_wconf 92' lang='lat' dir='ltr'>in</span> <span class='ocrx_word' id='word_1_93' title='bbox 952 1475 1002 1544; x_wconf 91' lang='lat' dir='ltr'>tit.</span> <span class='ocrx_word' id='word_1_94' title='bbox 1031 1479 1086 1564; x_wconf 88' lang='grc'>20,</span> <span class='ocrx_word' id='word_1_95' title='bbox 1108 1476 1184 1544; x_wconf 89' lang='lat' dir='ltr'>libri</span> <span class='ocrx_word' id='word_1_96' title='bbox 1209 1482 1228 1546; x_wconf 83' lang='lat'>2</span> 
     </span>
     <span class='ocr_line' id='line_1_11' title="bbox 88 1581 371 1671; baseline -0.004 -22"><span class='ocrx_word' id='word_1_97' title='bbox 88 1582 233 1667; x_wconf 83' lang='lat' dir='ltr'>Decret,</span> <span class='ocrx_word' id='word_1_98' title='bbox 246 1603 281 1650; x_wconf 91' lang='lat' dir='ltr'>n.</span> <span class='ocrx_word' id='word_1_99' title='bbox 302 1581 371 1671; x_wconf 77' lang='lat' dir='ltr'>tc.)</span> 
     </span>
    </p>

    <p class='ocr_par' dir='ltr' id='par_1_3' title="bbox 89 1687 1234 2102">
     <span class='ocr_line' id='line_1_12' title="bbox 136 1687 1234 1782; baseline 0.004 -26"><span class='ocrx_word' id='word_1_100' title='bbox 136 1691 192 1756; x_wconf 78' lang='grc'>250</span> <span class='ocrx_word' id='word_1_101' title='bbox 214 1688 362 1781; x_wconf 87' lang='lat' dir='ltr'>Denique</span> <span class='ocrx_word' id='word_1_102' title='bbox 387 1709 484 1760; x_wconf 90' lang='lat' dir='ltr'>nemo</span> <span class='ocrx_word' id='word_1_103' title='bbox 504 1699 608 1782; x_wconf 87' lang='lat' dir='ltr'>potest</span> <span class='ocrx_word' id='word_1_104' title='bbox 630 1711 699 1758; x_wconf 89' lang='lat' dir='ltr'>esse</span> <span class='ocrx_word' id='word_1_105' title='bbox 725 1687 814 1757; x_wconf 88' lang='lat' dir='ltr'>testis</span> <span class='ocrx_word' id='word_1_106' title='bbox 837 1689 872 1756; x_wconf 92' lang='lat' dir='ltr'>iu</span> <span class='ocrx_word' id='word_1_107' title='bbox 899 1690 1030 1781; x_wconf 86' lang='lat' dir='ltr'>propria</span> <span class='ocrx_word' id='word_1_108' title='bbox 1055 1711 1162 1759; x_wconf 86' lang='lat' dir='ltr'>cause.</span> <span class='ocrx_word' id='word_1_109' title='bbox 1191 1692 1234 1760; x_wconf 89' lang='lat' dir='ltr'>Et</span> 
     </span>
     <span class='ocr_line' id='line_1_13' title="bbox 89 1794 1232 1890; baseline 0.004 -28"><span class='ocrx_word' id='word_1_110' title='bbox 89 1796 136 1864; x_wconf 89' lang='lat' dir='ltr'>sic</span> <span class='ocrx_word' id='word_1_111' title='bbox 152 1795 338 1865; x_wconf 87' lang='lat' dir='ltr'>excluditur</span> <span class='ocrx_word' id='word_1_112' title='bbox 355 1799 386 1864; x_wconf 90' lang='grc'>10</span> <span class='ocrx_word' id='word_1_113' title='bbox 399 1797 457 1888; x_wconf 90' lang='lat' dir='ltr'>qui</span> <span class='ocrx_word' id='word_1_114' title='bbox 471 1797 567 1866; x_wconf 83' lang='lat' dir='ltr'>hebet</span> <span class='ocrx_word' id='word_1_115' title='bbox 582 1817 712 1866; x_wconf 85' lang='lat' dir='ltr'>eausam</span> <span class='ocrx_word' id='word_1_116' title='bbox 725 1794 943 1883; x_wconf 87' lang='lat' dir='ltr'>consimilem;</span> <span class='ocrx_word' id='word_1_117' title='bbox 962 1800 995 1864; x_wconf 87' lang='grc'>20</span> <span class='ocrx_word' id='word_1_118' title='bbox 1005 1797 1109 1888; x_wconf 83' lang='lat' dir='ltr'>judex</span> <span class='ocrx_word' id='word_1_119' title='bbox 1124 1798 1232 1890; x_wconf 85' lang='lat' dir='ltr'>quoad</span> 
     </span>
     <span class='ocr_line' id='line_1_14' title="bbox 89 1899 1232 1995; baseline 0.003 -26"><span class='ocrx_word' id='word_1_120' title='bbox 89 1924 220 1970; x_wconf 88' lang='lat' dir='ltr'>causam</span> <span class='ocrx_word' id='word_1_121' title='bbox 252 1924 351 1995; x_wconf 88' lang='lat' dir='ltr'>qnam</span> <span class='ocrx_word' id='word_1_122' title='bbox 377 1901 503 1994; x_wconf 86' lang='lat' dir='ltr'>judicat</span> <span class='ocrx_word' id='word_1_123' title='bbox 528 1901 580 1971; x_wconf 88' lang='lat' dir='ltr'>vel</span> <span class='ocrx_word' id='word_1_124' title='bbox 606 1899 778 1993; x_wconf 79' lang='lat' dir='ltr'>judicerit;</span> <span class='ocrx_word' id='word_1_125' title='bbox 805 1904 837 1969; x_wconf 88' lang='grc'>30</span> <span class='ocrx_word' id='word_1_126' title='bbox 861 1910 949 1970; x_wconf 84' lang='lat' dir='ltr'>ector</span> <span class='ocrx_word' id='word_1_127' title='bbox 971 1903 1080 1995; x_wconf 73' lang='lat' dir='ltr'>queem</span> <span class='ocrx_word' id='word_1_128' title='bbox 1102 1925 1232 1973; x_wconf 86' lang='lat' dir='ltr'>oausam</span> 
     </span>
     <span class='ocr_line' id='line_1_15' title="bbox 89 2009 490 2102; baseline -0.005 -24"><span class='ocrx_word' id='word_1_129' title='bbox 89 2031 190 2102; x_wconf 87' lang='lat' dir='ltr'>quam</span> <span class='ocrx_word' id='word_1_130' title='bbox 205 2009 290 2100; x_wconf 70' lang='lat' dir='ltr'>agit;</span> <span class='ocrx_word' id='word_1_131' title='bbox 308 2017 340 2078; x_wconf 89' lang='lat' dir='ltr'>et</span> <span class='ocrx_word' id='word_1_132' title='bbox 357 2009 490 2078; x_wconf 90' lang='lat' dir='ltr'>similes.</span> 
     </span>
    </p>

    <p class='ocr_par' dir='ltr' id='par_1_4' title="bbox 135 2113 1232 2209">
     <span class='ocr_line' id='line_1_16' title="bbox 135 2113 1232 2209; baseline 0 -23"><span class='ocrx_word' id='word_1_133' title='bbox 135 2116 342 2199; x_wconf 74' lang='lat' dir='ltr'>Qonsr102⁸.</span> <span class='ocrx_word' id='word_1_134' title='bbox 365 2155 410 2169; x_wconf 90' lang='lat'><em>-</em></span> <span class='ocrx_word' id='word_1_135' title='bbox 433 2120 522 2201; x_wconf 81' lang='lat' dir='ltr'>Quot</span> <span class='ocrx_word' id='word_1_136' title='bbox 539 2116 753 2209; x_wconf 79' lang='lat' dir='ltr'>requirantur</span> <span class='ocrx_word' id='word_1_137' title='bbox 767 2127 859 2185; x_wconf 81' lang='lat' dir='ltr'>testes</span> <span class='ocrx_word' id='word_1_138' title='bbox 878 2113 925 2184; x_wconf 86' lang='lat' dir='ltr'>cd</span> <span class='ocrx_word' id='word_1_139' title='bbox 936 2117 1175 2208; x_wconf 83' lang='lat' dir='ltr'>probandum?</span> <span class='ocrx_word' id='word_1_140' title='bbox 1188 2155 1232 2170; x_wconf 92' lang='lat'>—</span> 
     </span>
    </p>

    <p class='ocr_par' dir='ltr' id='par_1_5' title="bbox 13 2222 1233 3598">
     <span class='ocr_line' id='line_1_17' title="bbox 89 2222 1232 2317; baseline 0.003 -25"><span class='ocrx_word' id='word_1_141' title='bbox 89 2225 318 2316; x_wconf 89' lang='lat' dir='ltr'>Requiruntnr</span> <span class='ocrx_word' id='word_1_142' title='bbox 344 2233 376 2293; x_wconf 92' lang='lat' dir='ltr'>et</span> <span class='ocrx_word' id='word_1_143' title='bbox 402 2224 568 2294; x_wconf 87' lang='lat' dir='ltr'>sufficiunt</span> <span class='ocrx_word' id='word_1_144' title='bbox 596 2223 675 2310; x_wconf 90' lang='lat' dir='ltr'>duo,</span> <span class='ocrx_word' id='word_1_145' title='bbox 706 2222 802 2292; x_wconf 89' lang='lat' dir='ltr'>modo</span> <span class='ocrx_word' id='word_1_146' title='bbox 833 2223 898 2290; x_wconf 92' lang='lat' dir='ltr'>sint</span> <span class='ocrx_word' id='word_1_147' title='bbox 924 2225 1014 2293; x_wconf 91' lang='lat' dir='ltr'>omni</span> <span class='ocrx_word' id='word_1_148' title='bbox 1044 2227 1232 2317; x_wconf 79' lang='lat' dir='ltr'>exceptione</span> 
     </span>
     <span class='ocr_line' id='line_1_18' title="bbox 89 2329 1230 2422; baseline 0.002 -22"><span class='ocrx_word' id='word_1_149' title='bbox 89 2332 240 2422; x_wconf 83' lang='lat' dir='ltr'>majores.</span> <span class='ocrx_word' id='word_1_150' title='bbox 261 2331 342 2414; x_wconf 81' lang='lat' dir='ltr'>Quae</span> <span class='ocrx_word' id='word_1_151' title='bbox 365 2331 525 2422; x_wconf 79' lang='lat' dir='ltr'>generalis</span> <span class='ocrx_word' id='word_1_152' title='bbox 545 2329 658 2418; x_wconf 77' lang='lat' dir='ltr'>regula</span> <span class='ocrx_word' id='word_1_153' title='bbox 674 2351 716 2398; x_wconf 89' lang='lat' dir='ltr'>ex</span> <span class='ocrx_word' id='word_1_154' title='bbox 735 2329 834 2398; x_wconf 88' lang='lat' dir='ltr'>sacris</span> <span class='ocrx_word' id='word_1_155' title='bbox 856 2331 1025 2422; x_wconf 88' lang='lat' dir='ltr'>scripturis</span> <span class='ocrx_word' id='word_1_156' title='bbox 1047 2332 1230 2421; x_wconf 78' lang='lat' dir='ltr'>deducitur,</span> 
     </span>
     <span class='ocr_line' id='line_1_19' title="bbox 89 2437 1118 2530; baseline 0 -22"><span class='ocrx_word' id='word_1_157' title='bbox 89 2447 123 2508; x_wconf 94' lang='lat' dir='ltr'>et</span> <span class='ocrx_word' id='word_1_158' title='bbox 136 2448 206 2508; x_wconf 91' lang='lat' dir='ltr'>tum</span> <span class='ocrx_word' id='word_1_159' title='bbox 220 2439 388 2526; x_wconf 80' lang='lat' dir='ltr'>canonico,</span> <span class='ocrx_word' id='word_1_160' title='bbox 406 2447 475 2508; x_wconf 89' lang='lat' dir='ltr'>tum</span> <span class='ocrx_word' id='word_1_161' title='bbox 490 2438 692 2510; x_wconf 76' lang='lat' dir='ltr'>iustinianeo</span> <span class='ocrx_word' id='word_1_162' title='bbox 703 2437 778 2530; x_wconf 89' lang='lat' dir='ltr'>jure</span> <span class='ocrx_word' id='word_1_163' title='bbox 793 2457 945 2530; x_wconf 84' lang='lat' dir='ltr'>expresse</span> <span class='ocrx_word' id='word_1_164' title='bbox 960 2439 1118 2508; x_wconf 87' lang='lat' dir='ltr'>sancitur.</span> 
     </span>
     <span class='ocr_line' id='line_1_20' title="bbox 13 2542 1233 2639; baseline 0 -25"><span class='ocrx_word' id='word_1_165' title='bbox 13 2565 27 2588; x_wconf 53' lang='lat' dir='ltr'>r</span> <span class='ocrx_word' id='word_1_166' title='bbox 135 2547 176 2614; x_wconf 88' lang='lat' dir='ltr'>Et</span> <span class='ocrx_word' id='word_1_167' title='bbox 190 2545 266 2615; x_wconf 90' lang='lat' dir='ltr'>buic</span> <span class='ocrx_word' id='word_1_168' title='bbox 286 2545 419 2639; x_wconf 89' lang='lat' dir='ltr'>quidem</span> <span class='ocrx_word' id='word_1_169' title='bbox 440 2545 563 2636; x_wconf 81' lang='lat' dir='ltr'>regulas</span> <span class='ocrx_word' id='word_1_170' title='bbox 589 2545 623 2612; x_wconf 89' lang='lat' dir='ltr'>in</span> <span class='ocrx_word' id='word_1_171' title='bbox 647 2544 753 2612; x_wconf 87' lang='lat' dir='ltr'>causis</span> <span class='ocrx_word' id='word_1_172' title='bbox 774 2542 999 2613; x_wconf 79' lang='lat' dir='ltr'>criminalibus</span> <span class='ocrx_word' id='word_1_173' title='bbox 1022 2545 1112 2614; x_wconf 88' lang='lat' dir='ltr'>nulla</span> <span class='ocrx_word' id='word_1_174' title='bbox 1136 2544 1233 2616; x_wconf 87' lang='lat' dir='ltr'>bodie</span> 
     </span>
     <span class='ocr_line' id='line_1_21' title="bbox 89 2651 1233 2745; baseline 0 -23"><span class='ocrx_word' id='word_1_175' title='bbox 89 2653 189 2722; x_wconf 86' lang='lat' dir='ltr'>datur</span> <span class='ocrx_word' id='word_1_176' title='bbox 211 2653 379 2745; x_wconf 87' lang='lat' dir='ltr'>exceptio;</span> <span class='ocrx_word' id='word_1_177' title='bbox 394 2652 545 2745; x_wconf 84' lang='lat' dir='ltr'>quemvis</span> <span class='ocrx_word' id='word_1_178' title='bbox 559 2651 636 2721; x_wconf 90' lang='lat' dir='ltr'>olim</span> <span class='ocrx_word' id='word_1_179' title='bbox 656 2651 707 2742; x_wconf 75' lang='lat' dir='ltr'>lex</span> <span class='ocrx_word' id='word_1_180' title='bbox 724 2671 846 2719; x_wconf 83' lang='lat' dir='ltr'>esnone</span> <span class='ocrx_word' id='word_1_181' title='bbox 860 2651 989 2720; x_wconf 71' lang='lat' dir='ltr'>Presul</span> <span class='ocrx_word' id='word_1_182' title='bbox 1007 2656 1039 2738; x_wconf 84' lang='lat'>2,</span> <span class='ocrx_word' id='word_1_183' title='bbox 1055 2660 1088 2720; x_wconf 87' lang='lat' dir='ltr'>et</span> <span class='ocrx_word' id='word_1_184' title='bbox 1110 2674 1233 2722; x_wconf 88' lang='lat' dir='ltr'>canone</span> 
     </span>
     <span class='ocr_line' id='line_1_22' title="bbox 89 2756 1233 2852; baseline -0.002 -22"><span class='ocrx_word' id='word_1_185' title='bbox 89 2761 251 2852; x_wconf 85' lang='lat' dir='ltr'>sequenti,</span> <span class='ocrx_word' id='word_1_186' title='bbox 270 2781 377 2829; x_wconf 81' lang='lat' dir='ltr'>onusae</span> <span class='ocrx_word' id='word_1_187' title='bbox 399 2764 433 2846; x_wconf 83' lang='lat'>2,</span> <span class='ocrx_word' id='word_1_188' title='bbox 450 2783 483 2851; x_wconf 88' lang='lat' dir='ltr'>q.</span> <span class='ocrx_word' id='word_1_189' title='bbox 512 2757 542 2849; x_wconf 76' lang='grc' dir='ltr'>ι)</span> <span class='ocrx_word' id='word_1_190' title='bbox 559 2758 599 2826; x_wconf 85' lang='lat' dir='ltr'>ud</span> <span class='ocrx_word' id='word_1_191' title='bbox 620 2756 823 2826; x_wconf 86' lang='lat' dir='ltr'>damnandos</span> <span class='ocrx_word' id='word_1_192' title='bbox 847 2765 951 2826; x_wconf 87' lang='lat' dir='ltr'>certos</span> <span class='ocrx_word' id='word_1_193' title='bbox 971 2757 1102 2830; x_wconf 88' lang='lat' dir='ltr'>clericos</span> <span class='ocrx_word' id='word_1_194' title='bbox 1122 2760 1233 2852; x_wconf 89' lang='lat' dir='ltr'>plnres</span> 
     </span>
     <span class='ocr_line' id='line_1_23' title="bbox 89 2864 1233 2960; baseline 0.001 -24"><span class='ocrx_word' id='word_1_195' title='bbox 89 2889 191 2960; x_wconf 89' lang='lat' dir='ltr'>quem</span> <span class='ocrx_word' id='word_1_196' title='bbox 207 2867 274 2938; x_wconf 89' lang='lat' dir='ltr'>dno</span> <span class='ocrx_word' id='word_1_197' title='bbox 296 2873 392 2936; x_wconf 88' lang='lat' dir='ltr'>testes</span> <span class='ocrx_word' id='word_1_198' title='bbox 413 2866 667 2958; x_wconf 90' lang='lat' dir='ltr'>requirerentur.</span> <span class='ocrx_word' id='word_1_199' title='bbox 686 2866 723 2933; x_wconf 91' lang='lat' dir='ltr'>In</span> <span class='ocrx_word' id='word_1_200' title='bbox 744 2864 871 2934; x_wconf 76' lang='lat' dir='ltr'>caeteris</span> <span class='ocrx_word' id='word_1_201' title='bbox 884 2887 962 2934; x_wconf 86' lang='lat' dir='ltr'>vero</span> <span class='ocrx_word' id='word_1_202' title='bbox 984 2867 1090 2934; x_wconf 86' lang='lat' dir='ltr'>causis</span> <span class='ocrx_word' id='word_1_203' title='bbox 1113 2867 1233 2937; x_wconf 85' lang='lat' dir='ltr'>dantur</span> 
     </span>
     <span class='ocr_line' id='line_1_24' title="bbox 90 2972 1232 3066; baseline -0.001 -22"><span class='ocrx_word' id='word_1_204' title='bbox 90 2975 242 3044; x_wconf 91' lang='lat' dir='ltr'>nonnulli</span> <span class='ocrx_word' id='word_1_205' title='bbox 256 2995 349 3044; x_wconf 86' lang='lat' dir='ltr'>casus</span> <span class='ocrx_word' id='word_1_206' title='bbox 374 2975 409 3042; x_wconf 92' lang='lat' dir='ltr'>in</span> <span class='ocrx_word' id='word_1_207' title='bbox 432 2973 552 3066; x_wconf 87' lang='lat' dir='ltr'>quibus</span> <span class='ocrx_word' id='word_1_208' title='bbox 569 2972 688 3041; x_wconf 89' lang='lat' dir='ltr'>sufficit</span> <span class='ocrx_word' id='word_1_209' title='bbox 710 2973 807 3042; x_wconf 90' lang='lat' dir='ltr'>nnius</span> <span class='ocrx_word' id='word_1_210' title='bbox 828 2973 918 3041; x_wconf 85' lang='lat' dir='ltr'>testis</span> <span class='ocrx_word' id='word_1_211' title='bbox 938 2972 1095 3064; x_wconf 82' lang='lat' dir='ltr'>depositio</span> <span class='ocrx_word' id='word_1_212' title='bbox 1113 3001 1120 3042; x_wconf 92' lang='lat'><strong>:</strong></span> <span class='ocrx_word' id='word_1_213' title='bbox 1140 2975 1232 3044; x_wconf 88' lang='lat' dir='ltr'>verbi</span> 
     </span>
     <span class='ocr_line' id='line_1_25' title="bbox 89 3077 1230 3173; baseline 0 -23"><span class='ocrx_word' id='word_1_214' title='bbox 89 3082 209 3173; x_wconf 78' lang='lat' dir='ltr'>gretia,</span> <span class='ocrx_word' id='word_1_215' title='bbox 228 3081 257 3149; x_wconf 92' lang='lat' dir='ltr'>si</span> <span class='ocrx_word' id='word_1_216' title='bbox 285 3090 386 3150; x_wconf 88' lang='lat' dir='ltr'>mater</span> <span class='ocrx_word' id='word_1_217' title='bbox 412 3078 522 3172; x_wconf 90' lang='lat' dir='ltr'>sponsi</span> <span class='ocrx_word' id='word_1_218' title='bbox 548 3087 669 3148; x_wconf 86' lang='lat' dir='ltr'>asserat</span> <span class='ocrx_word' id='word_1_219' title='bbox 694 3079 832 3148; x_wconf 84' lang='lat' dir='ltr'>existere</span> <span class='ocrx_word' id='word_1_220' title='bbox 851 3077 1121 3170; x_wconf 87' lang='lat' dir='ltr'>impedimentum</span> <span class='ocrx_word' id='word_1_221' title='bbox 1146 3079 1230 3150; x_wconf 91' lang='lat' dir='ltr'>diri-</span> 
     </span>
     <span class='ocr_line' id='line_1_26' title="bbox 90 3186 1232 3278; baseline -0.001 -20"><span class='ocrx_word' id='word_1_222' title='bbox 90 3211 197 3277; x_wconf 86' lang='lat' dir='ltr'>mens,</span> <span class='ocrx_word' id='word_1_223' title='bbox 215 3189 291 3257; x_wconf 85' lang='lat' dir='ltr'>satis</span> <span class='ocrx_word' id='word_1_224' title='bbox 303 3200 352 3258; x_wconf 90' lang='lat' dir='ltr'>est</span> <span class='ocrx_word' id='word_1_225' title='bbox 373 3199 410 3258; x_wconf 88' lang='lat' dir='ltr'>nt</span> <span class='ocrx_word' id='word_1_226' title='bbox 430 3187 674 3256; x_wconf 86' lang='lat' dir='ltr'>matrimonium</span> <span class='ocrx_word' id='word_1_227' title='bbox 694 3186 851 3256; x_wconf 86' lang='lat' dir='ltr'>celebrari</span> <span class='ocrx_word' id='word_1_228' title='bbox 872 3194 1021 3278; x_wconf 84' lang='lat' dir='ltr'>nequeat.</span> <span class='ocrx_word' id='word_1_229' title='bbox 1037 3188 1116 3257; x_wconf 89' lang='lat' dir='ltr'>ltem</span> <span class='ocrx_word' id='word_1_230' title='bbox 1136 3187 1232 3258; x_wconf 89' lang='lat' dir='ltr'>suffi-</span> 
     </span>
     <span class='ocr_line' id='line_1_27' title="bbox 90 3293 1229 3367; baseline -0.004 0"><span class='ocrx_word' id='word_1_231' title='bbox 90 3299 134 3367; x_wconf 91' lang='lat' dir='ltr'>cit</span> <span class='ocrx_word' id='word_1_232' title='bbox 157 3296 378 3366; x_wconf 85' lang='lat' dir='ltr'>testimonium</span> <span class='ocrx_word' id='word_1_233' title='bbox 404 3293 524 3365; x_wconf 88' lang='lat' dir='ltr'>notarii</span> <span class='ocrx_word' id='word_1_234' title='bbox 548 3295 633 3362; x_wconf 89' lang='lat' dir='ltr'>cirea</span> <span class='ocrx_word' id='word_1_235' title='bbox 661 3295 915 3362; x_wconf 87' lang='lat' dir='ltr'>instrumentum</span> <span class='ocrx_word' id='word_1_236' title='bbox 938 3314 958 3361; x_wconf 86' lang='lat' dir='ltr'>e</span> <span class='ocrx_word' id='word_1_237' title='bbox 980 3315 1014 3362; x_wconf 90' lang='lat' dir='ltr'>se</span> <span class='ocrx_word' id='word_1_238' title='bbox 1035 3295 1229 3364; x_wconf 85' lang='lat' dir='ltr'>coniectum.</span> 
     </span>
     <span class='ocr_line' id='line_1_28' title="bbox 91 3399 1231 3495; baseline -0.002 -23"><span class='ocrx_word' id='word_1_239' title='bbox 91 3404 176 3473; x_wconf 91' lang='lat' dir='ltr'>Vide</span> <span class='ocrx_word' id='word_1_240' title='bbox 192 3403 271 3472; x_wconf 85' lang='lat' dir='ltr'>elios</span> <span class='ocrx_word' id='word_1_241' title='bbox 295 3401 486 3495; x_wconf 86' lang='lat' dir='ltr'>hujusmodi</span> <span class='ocrx_word' id='word_1_242' title='bbox 506 3423 600 3470; x_wconf 87' lang='lat' dir='ltr'>cesus</span> <span class='ocrx_word' id='word_1_243' title='bbox 623 3399 709 3493; x_wconf 86' lang='lat' dir='ltr'>apud</span> <span class='ocrx_word' id='word_1_244' title='bbox 735 3399 1028 3490; x_wconf 79' lang='lat' dir='ltr'>Scbmalzgrueber</span> <span class='ocrx_word' id='word_1_245' title='bbox 1045 3401 1089 3490; x_wconf 81' lang='lat' dir='ltr'>(in</span> <span class='ocrx_word' id='word_1_246' title='bbox 1113 3402 1152 3470; x_wconf 91' lang='lat' dir='ltr'>tit</span> <span class='ocrx_word' id='word_1_247' title='bbox 1175 3407 1231 3490; x_wconf 84' lang='lat'>20,</span> 
     </span>
     <span class='ocr_line' id='line_1_29' title="bbox 90 3510 501 3598; baseline -0.005 -20"><span class='ocrx_word' id='word_1_248' title='bbox 90 3511 168 3578; x_wconf 91' lang='lat' dir='ltr'>libri</span> <span class='ocrx_word' id='word_1_249' title='bbox 184 3513 204 3576; x_wconf 90' lang='grc'>2</span> <span class='ocrx_word' id='word_1_250' title='bbox 220 3511 361 3597; x_wconf 77' lang='lat' dir='ltr'>Deerat,</span> <span class='ocrx_word' id='word_1_251' title='bbox 377 3531 412 3577; x_wconf 92' lang='lat' dir='ltr'>n.</span> <span class='ocrx_word' id='word_1_252' title='bbox 434 3510 501 3598; x_wconf 85' lang='lat'><strong>70).</strong></span> 
     </span>
    </p>

    <p class='ocr_par' dir='ltr' id='par_1_6' title="bbox 13 3613 1238 4349">
     <span class='ocr_line' id='line_1_30' title="bbox 134 3613 1234 3706; baseline -0.002 -20"><span class='ocrx_word' id='word_1_253' title='bbox 134 3617 280 3700; x_wconf 74' lang='lat' dir='ltr'>Quesno</span> <span class='ocrx_word' id='word_1_254' title='bbox 295 3619 341 3683; x_wconf 80' lang='lat'>3⁸.</span> <span class='ocrx_word' id='word_1_255' title='bbox 359 3653 404 3668; x_wconf 89' lang='grc'>-</span> <span class='ocrx_word' id='word_1_256' title='bbox 422 3613 592 3699; x_wconf 61' lang='lat' dir='ltr'>mornado</span> <span class='ocrx_word' id='word_1_257' title='bbox 606 3615 706 3706; x_wconf 81' lang='lat' dir='ltr'>recipi</span> <span class='ocrx_word' id='word_1_258' title='bbox 718 3613 855 3684; x_wconf 82' lang='lat' dir='ltr'>debeant</span> <span class='ocrx_word' id='word_1_259' title='bbox 870 3626 973 3696; x_wconf 83' lang='lat' dir='ltr'>testes,</span> <span class='ocrx_word' id='word_1_260' title='bbox 985 3627 1083 3706; x_wconf 82' lang='lat' dir='ltr'>parte</span> <span class='ocrx_word' id='word_1_261' title='bbox 1097 3615 1234 3684; x_wconf 83' lang='lat' dir='ltr'>adverso</span> 
     </span>
     <span class='ocr_line' id='line_1_31' title="bbox 90 3720 1234 3815; baseline -0.003 -21"><span class='ocrx_word' id='word_1_262' title='bbox 90 3725 206 3807; x_wconf 80' lang='lat' dir='ltr'>citata,</span> <span class='ocrx_word' id='word_1_263' title='bbox 232 3722 449 3815; x_wconf 76' lang='lat' dir='ltr'>ecquomodo</span> <span class='ocrx_word' id='word_1_264' title='bbox 470 3723 707 3815; x_wconf 82' lang='lat' dir='ltr'>juramentum</span> <span class='ocrx_word' id='word_1_265' title='bbox 732 3721 775 3789; x_wconf 86' lang='lat' dir='ltr'>ab</span> <span class='ocrx_word' id='word_1_266' title='bbox 802 3721 847 3790; x_wconf 80' lang='lat' dir='ltr'>eis</span> <span class='ocrx_word' id='word_1_267' title='bbox 872 3720 1089 3791; x_wconf 82' lang='lat' dir='ltr'>emittendum</span> <span class='ocrx_word' id='word_1_268' title='bbox 1115 3723 1169 3790; x_wconf 83' lang='lat' dir='ltr'>sit.</span> <span class='ocrx_word' id='word_1_269' title='bbox 1189 3761 1234 3776; x_wconf 90' lang='lat'>-</span> 
     </span>
     <span class='ocr_line' id='line_1_32' title="bbox 94 3823 1234 3920; baseline 0.001 -21"><span class='ocrx_word' id='word_1_270' title='bbox 94 3836 124 3899; x_wconf 91' lang='lat'>1.</span> <span class='ocrx_word' id='word_1_271' title='bbox 150 3830 204 3899; x_wconf 86' lang='lat' dir='ltr'>Ad</span> <span class='ocrx_word' id='word_1_272' title='bbox 233 3828 448 3920; x_wconf 88' lang='lat' dir='ltr'>receptionem</span> <span class='ocrx_word' id='word_1_273' title='bbox 473 3828 603 3897; x_wconf 88' lang='lat' dir='ltr'>testium</span> <span class='ocrx_word' id='word_1_274' title='bbox 632 3850 706 3920; x_wconf 87' lang='lat' dir='ltr'>pars</span> <span class='ocrx_word' id='word_1_275' title='bbox 732 3827 869 3896; x_wconf 86' lang='lat' dir='ltr'>adversa</span> <span class='ocrx_word' id='word_1_276' title='bbox 894 3823 988 3895; x_wconf 81' lang='lat' dir='ltr'>citeri</span> <span class='ocrx_word' id='word_1_277' title='bbox 1019 3826 1125 3898; x_wconf 87' lang='lat' dir='ltr'>debet.</span> <span class='ocrx_word' id='word_1_278' title='bbox 1152 3828 1234 3911; x_wconf 77' lang='lat' dir='ltr'>Qua</span> 
     </span>
     <span class='ocr_line' id='line_1_33' title="bbox 91 3933 1232 4026; baseline -0.001 -19"><span class='ocrx_word' id='word_1_279' title='bbox 91 3938 199 4007; x_wconf 87' lang='lat' dir='ltr'>citatio</span> <span class='ocrx_word' id='word_1_280' title='bbox 226 3938 254 4005; x_wconf 90' lang='lat' dir='ltr'>si</span> <span class='ocrx_word' id='word_1_281' title='bbox 284 3936 500 4024; x_wconf 87' lang='lat' dir='ltr'>omitteretur,</span> <span class='ocrx_word' id='word_1_282' title='bbox 532 3934 750 4004; x_wconf 87' lang='lat' dir='ltr'>attestationes</span> <span class='ocrx_word' id='word_1_283' title='bbox 776 3933 883 4002; x_wconf 86' lang='lat' dir='ltr'>forent</span> <span class='ocrx_word' id='word_1_284' title='bbox 914 3934 985 4026; x_wconf 90' lang='lat' dir='ltr'>ipso</span> <span class='ocrx_word' id='word_1_285' title='bbox 1010 3933 1084 4025; x_wconf 82' lang='lat' dir='ltr'>jure</span> <span class='ocrx_word' id='word_1_286' title='bbox 1119 3935 1232 4006; x_wconf 76' lang='lat' dir='ltr'>nullas.</span> 
     </span>
     <span class='ocr_line' id='line_1_34' title="bbox 91 4040 1234 4137; baseline 0 -23"><span class='ocrx_word' id='word_1_287' title='bbox 91 4046 226 4114; x_wconf 89' lang='lat' dir='ltr'>Constat</span> <span class='ocrx_word' id='word_1_288' title='bbox 238 4067 277 4112; x_wconf 85' lang='lat' dir='ltr'>ex</span> <span class='ocrx_word' id='word_1_289' title='bbox 294 4043 446 4112; x_wconf 87' lang='lat' dir='ltr'>decretali</span> <span class='ocrx_word' id='word_1_290' title='bbox 461 4046 501 4112; x_wconf 82' lang='lat' dir='ltr'>Iu</span> <span class='ocrx_word' id='word_1_291' title='bbox 515 4043 648 4112; x_wconf 80' lang='lat' dir='ltr'>nomine</span> <span class='ocrx_word' id='word_1_292' title='bbox 665 4043 709 4132; x_wconf 81' lang='lat'>(2,</span> <span class='ocrx_word' id='word_1_293' title='bbox 727 4040 812 4110; x_wconf 90' lang='lat' dir='ltr'>tituli</span> <span class='ocrx_word' id='word_1_294' title='bbox 827 4045 883 4130; x_wconf 88' lang='grc'>20,</span> <span class='ocrx_word' id='word_1_295' title='bbox 895 4041 973 4108; x_wconf 90' lang='lat' dir='ltr'>libri</span> <span class='ocrx_word' id='word_1_296' title='bbox 988 4043 1007 4108; x_wconf 91' lang='grc'>2</span> <span class='ocrx_word' id='word_1_297' title='bbox 1020 4041 1143 4132; x_wconf 67' lang='lat' dir='ltr'>beer),</span> <span class='ocrx_word' id='word_1_298' title='bbox 1159 4066 1234 4137; x_wconf 82' lang='lat' dir='ltr'>quae</span> 
     </span>
     <span class='ocr_line' id='line_1_35' title="bbox 93 4148 1234 4244; baseline -0.001 -23"><span class='ocrx_word' id='word_1_299' title='bbox 93 4152 333 4222; x_wconf 82' lang='lat' dir='ltr'>lustinisneum</span> <span class='ocrx_word' id='word_1_300' title='bbox 345 4152 400 4244; x_wconf 84' lang='lat' dir='ltr'>jus</span> <span class='ocrx_word' id='word_1_301' title='bbox 414 4152 449 4220; x_wconf 94' lang='lat' dir='ltr'>in</span> <span class='ocrx_word' id='word_1_302' title='bbox 465 4150 526 4220; x_wconf 91' lang='lat' dir='ltr'>bac</span> <span class='ocrx_word' id='word_1_303' title='bbox 541 4173 576 4219; x_wconf 87' lang='lat' dir='ltr'>re</span> <span class='ocrx_word' id='word_1_304' title='bbox 592 4153 701 4218; x_wconf 87' lang='lat' dir='ltr'>brmat</span> <span class='ocrx_word' id='word_1_305' title='bbox 716 4148 823 4241; x_wconf 88' lang='lat' dir='ltr'>quoad</span> <span class='ocrx_word' id='word_1_306' title='bbox 845 4148 952 4218; x_wconf 84' lang='lat' dir='ltr'>lorum</span> <span class='ocrx_word' id='word_1_307' title='bbox 970 4148 1234 4239; x_wconf 75' lang='lat' dir='ltr'>ecclesiasticum,</span> 
     </span>
     <span class='ocr_line' id='line_1_36' title="bbox 13 4253 1238 4349; baseline -0.004 -17"><span class='ocrx_word' id='word_1_308' title='bbox 13 4315 16 4332; x_wconf 87' lang='lat'><em>.</em></span> <span class='ocrx_word' id='word_1_309' title='bbox 95 4259 192 4329; x_wconf 87' lang='lat' dir='ltr'>etsie</span> <span class='ocrx_word' id='word_1_310' title='bbox 215 4257 378 4328; x_wconf 87' lang='lat' dir='ltr'>concludit</span> <span class='ocrx_word' id='word_1_311' title='bbox 396 4285 403 4327; x_wconf 91' lang='lat'>:</span> <span class='ocrx_word' id='word_1_312' title='bbox 421 4255 649 4330; x_wconf 75' lang='lat' dir='ltr'>Admonmdos</span> <span class='ocrx_word' id='word_1_313' title='bbox 671 4268 717 4325; x_wconf 87' lang='lat' dir='ltr'>est</span> <span class='ocrx_word' id='word_1_314' title='bbox 740 4278 866 4349; x_wconf 83' lang='lat' dir='ltr'>semper</span> <span class='ocrx_word' id='word_1_315' title='bbox 890 4253 1107 4338; x_wconf 78' lang='lat' dir='ltr'>adversarius,</span> <span class='ocrx_word' id='word_1_316' title='bbox 1130 4269 1167 4325; x_wconf 84' lang='lat' dir='ltr'>ut</span> <span class='ocrx_word' id='word_1_317' title='bbox 1192 4257 1238 4328; x_wconf 84' lang='lat' dir='ltr'>cd</span> 
     </span>
    </p>
   </div>
   <div class='ocr_carea' id='block_1_3' title="bbox 0 0 1527 4976">
    <p class='ocr_par' dir='ltr' id='par_1_7' title="bbox 0 0 1527 4976">
     <span class='ocr_line' id='line_1_37' title="bbox 0 0 1527 4976; baseline 0 0"><span class='ocrx_word' id='word_1_318' title='bbox 0 0 1527 4976; x_wconf 95' lang='lat' dir='ltr'> </span> 
     </span>
    </p>
   </div>
  </div>
 </body>
</html>
