3030 4980
533 467 609 512 rans
637 467 782 514 sacuam.
1164 449 1225 514 459

85 607 202 654 saram
216 587 343 678 species,
361 589 413 658 vel
423 609 490 679 pro
510 599 599 658 certa
619 587 799 657 dumtnaat
820 599 920 681 parte
944 588 1122 658 dioecescos.
1139 590 1230 657 Dici-

88 715 162 762 mus
180 693 387 785 delepntum;
411 719 475 787 qua
500 718 577 764 voce
601 706 696 782 recte,
713 719 755 764 ex
779 695 886 786 dictis,
903 697 1102 788 exprimitur
1127 719 1231 786 genus

85 799 289 890 proximum,
306 802 367 871 sub
389 826 454 894 quo
479 802 557 870 dicti
576 801 698 873 Vicarii
719 802 1052 895 comprehenduntur.
1068 803 1231 872 Addimus

78 921 325 997 permanenter,
343 915 422 996 etc.;
440 918 472 976 ct
490 909 536 978 sio
552 909 768 979 discernimus
782 910 884 980 dictos
899 910 1050 981 Vioarios
1070 911 1231 979 acaeteris

84 1013 254 1105 delegatis,
272 1017 328 1108 qui
345 1017 398 1086 vel
413 1017 455 1086 ad
468 1017 615 1109 aliquam
630 1016 801 1086 dumtaxat
816 1018 1063 1088 determinatam
1085 1041 1229 1104 eausam,

88 1121 140 1189 vel
165 1144 223 1214 per
237 1131 445 1194 transennam
468 1132 595 1194 tautum
615 1125 656 1194 ed
682 1125 808 1216 aliquas
832 1148 1005 1194 causarum
1030 1125 1151 1218 specics
1174 1124 1232 1195 de-

85 1224 251 1315 legantur.

132 1335 221 1404 Nota
239 1338 268 1403 1.
286 1335 372 1418 Quid
391 1333 426 1404 in
450 1336 547 1428 praxi
575 1337 676 1408 soleat
688 1337 830 1408 Vicariis
854 1337 995 1408 foraneis
1014 1339 1055 1406 ab
1074 1338 1233 1431 Episcopo

86 1441 259 1530 committi,
277 1443 357 1511 satis
379 1443 500 1512 indicat
521 1444 715 1514 Benedictus
740 1446 820 1515 XIV
844 1446 895 1514 his
921 1445 1053 1514 verbis:
1078 1447 1235 1515 «Praeor

92 1573 109 1609 n
132 1547 302 1618 Vicarium
325 1551 523 1639 generalem,
540 1552 597 1643 qui
622 1553 678 1620 toti
700 1559 818 1644 praeest
844 1552 987 1638 diocesi,
1008 1553 1065 1619 alii
1087 1552 1128 1620 ab
1151 1553 1234 1644 Epi-

91 1681 109 1718 α
133 1655 239 1747 scopis
252 1657 493 1728 constituuntur
509 1659 688 1751 peculiares
702 1659 839 1747 Vicani,
850 1659 926 1727 dicti
939 1659 1080 1750 foranei,
1092 1666 1128 1726 ut
1142 1667 1236 1727 extre

92 1787 109 1826 u
133 1761 308 1850 civitatem,
318 1763 352 1834 in
365 1765 457 1856 pagis
468 1773 500 1834 et
513 1766 653 1858 oppidis,
662 1774 717 1853 jus
729 1767 839 1835 dicant
851 1766 886 1833 in
898 1765 1095 1858 quibusdam
1108 1765 1236 1834 lenioris

93 1895 110 1934 κ
134 1870 292 1938 momenti
304 1872 422 1959 causis,
439 1880 470 1941 et
483 1872 743 1966 jurisdictionem
760 1883 944 1959 exerceant,
960 1872 1120 1941 adrectos
1136 1874 1235 1942 dum-

92 2005 110 2042 o
135 1989 232 2046 tanat
247 1991 339 2048 actm
353 1979 524 2049 limitatam
541 2007 558 2046 a
578 1981 628 2070 (de
641 1985 726 2072 Syn.
745 1980 885 2062 dioeces„
903 1980 926 2049 l.
947 1985 979 2066 3,
995 2003 1023 2048 e.
1042 1984 1074 2066 3,
1091 2005 1125 2048 n.
1146 1983 1188 2072 5).

137 2087 225 2156 Nota
239 2089 270 2154 2.
287 2085 443 2170 Quamvis
459 2087 582 2156 soleant
595 2089 720 2158 Vicarii
742 2087 866 2156 foranei
889 2111 931 2156 cx
951 2088 1236 2181 principalioribus

90 2191 265 2261 dioeceseos
285 2193 433 2284 parochis
454 2194 590 2282 assumi,
614 2195 706 2264 nullo
731 2203 840 2264 tamen
861 2194 937 2285 jure
960 2193 1137 2286 impeditur
1157 2193 1237 2285 Epi-

90 2321 220 2390 scopus,
238 2301 318 2392 quin
335 2301 435 2391 possit
450 2307 481 2370 et
496 2301 577 2369 alios
593 2300 725 2370 clericos
741 2301 781 2369 ad
795 2300 829 2369 id
844 2300 940 2370 officii
956 2300 1123 2393 deputare.

136 2407 225 2476 Nota
242 2408 271 2474 3.
290 2406 509 2488 Quantnmvis
530 2430 588 2500 per
603 2431 637 2476 se
661 2408 752 2476 utilis
777 2417 808 2476 et
832 2409 866 2474 in
888 2407 964 2498 jure
979 2407 1169 2498 prescripta
1196 2409 1238 2475 sit

91 2513 222 2581 testium
251 2513 457 2605 synodalium
492 2514 664 2602 institutio,
698 2522 805 2584 tamen
830 2514 888 2606 (ait
921 2514 1114 2583 Benedictus
1142 2513 1234 2602 XIV,

91 2619 133 2687 de
148 2623 230 2711 Syn.
247 2620 355 2703 dioec,
373 2621 396 2689 l.
416 2625 447 2704 4,
467 2644 495 2690 c.
514 2626 546 2709 3,
563 2645 596 2690 n.
615 2623 660 2711 8),
682 2621 896 2713 «Synodales
910 2628 1007 2690 testes
1031 2620 1099 2689 lere
1114 2621 1237 2712 ubique

95 2757 113 2795 n
137 2727 372 2815 desuererunt;
387 2728 422 2796 in
437 2751 616 2821 eorumque
637 2729 745 2798 locum
768 2729 893 2798 suffecti
914 2735 989 2798 sunt
1002 2727 1141 2798 Fiscales
1156 2729 1237 2821 Epi-

96 2863 114 2902 «
137 2858 321 2927 scoporum,
338 2845 370 2905 et
381 2836 514 2925 Decani,
530 2837 592 2906 hoc
607 2843 667 2924 est,
683 2836 808 2906 Vicarii
832 2836 968 2906 foranei.
995 2861 1012 2902 n

547 3161 691 3231 CAPUT
721 3159 780 3229 XI.

322 3366 361 3411 DE
384 3363 581 3412 subnotemus
604 3363 817 3412 EPISCOPALIUM
839 3361 1008 3410 conlaudet.

139 3587 281 3667 Qoasuo
299 3589 344 3653 la.
358 3623 403 3636 -
419 3583 508 3669 Quid
520 3585 604 3652 sint?
624 3622 669 3636 -
683 3583 735 3652 Ex
751 3582 791 3651 iis
811 3581 870 3674 qui
884 3581 1083 3651 Auditorum
1107 3582 1256 3650 nomine·

94 3693 197 3762 variis
211 3693 245 3761 in
260 3692 360 3761 curiis
380 3692 605 3782 designantur,
624 3691 679 3760 alii
695 3700 771 3759 sunt
785 3690 857 3759 veri
877 3711 914 3758 ac
935 3691 1066 3781 proprie
1090 3691 1167 3757 dicti
1182 3691 1239 3781 ju-

94 3801 195 3884 dices,
210 3822 247 3867 ac
269 3798 404 3890 proinde
423 3799 566 3867 nonnisi
587 3798 766 3888 improprio
782 3795 924 3888 quodam
950 3819 1046 3864 sensu
1063 3795 1239 3866 Auditores

94 3915 346 3998 nuncupantur;
361 3905 415 3974 alii
430 3928 540 3975 verca
557 3903 725 3996 judicibus
750 3903 924 3973 ordinariis
945 3903 1157 3972 essentialiter
1173 3903 1238 3972 dif-

93 4016 205 4084 ferunt
219 4041 226 4092 ;
241 4021 273 4080 et
293 4012 327 4081 hi
348 4012 458 4080 stricto
483 4034 580 4080 sensu
595 4011 735 4080 veniunt
761 4011 822 4078 suh
847 4009 1046 4078 Auditorum
1067 4011 1237 4081 vocabulo.

93 4120 147 4190 Ad
171 4120 312 4211 priorem
338 4119 472 4188 classem
497 4117 686 4186 releruutur
705 4117 847 4186 Auditor
869 4117 1016 4186 Gamerae
1039 4117 1236 4209 apostolica,

93 4237 126 4298 et
148 4226 325 4298 Auditores
348 4228 441 4298 Rota
460 4253 467 4295 :
486 4236 562 4296 sunt
585 4226 674 4295 enim
696 4225 765 4294 veri
790 4232 822 4294 et
844 4224 976 4321 proprie
999 4225 1076 4295 dieti
1100 4225 1237 4318 judices,
