3030 4980
271 425 333 492 362
646 449 823 497 reseras-ns
846 451 885 498 ns
907 449 1041 498 snorum.

269 565 464 636 indubium
491 572 648 658 revocari,
677 581 847 664 postquam
872 571 927 641 lex
951 571 1164 641 ecclesiastica
1190 571 1224 640 id
1250 570 1421 662 expressis

155 701 159 712 ·
269 672 373 765 iisque
388 676 599 767 apertissimis
611 678 721 746 verbis
734 677 919 748 declaravit.
938 680 1068 749 Etenim
1087 680 1124 748 in
1142 679 1245 770 capite
1259 681 1420 747 Romana

272 781 316 871 (3,
336 782 384 851 tit.
405 787 458 870 15,
475 784 532 853 lib.
552 789 584 866 2,
603 785 639 853 in
658 787 762 876 sexto)
783 785 824 857 dc
839 787 1038 858 Officialibus
1053 787 1187 873 dicitur,
1205 809 1271 855 non
1286 809 1362 854 csse
1377 787 1420 854 ab

267 889 347 978 ipsis
360 889 402 958 ad
422 890 598 983 Episcopus
613 915 690 962 suos
704 892 948 986 appellandum,
969 917 1008 964 eo
1023 895 1112 987 quod
1132 895 1371 985 Episcoporum
1389 904 1422 961 et

268 994 462 1066 Officialium
485 1021 621 1068 suorum
647 1023 755 1069 anum
778 1014 810 1069 et
832 1001 919 1070 idem
942 1001 1172 1071 consistorium
1190 1000 1257 1069 siue
1278 1000 1421 1069 attdito-

269 1104 359 1172 riam
370 1105 413 1173 sit
427 1105 630 1189 comoedum,
644 1117 676 1176 et
687 1131 727 1176 ne
743 1109 785 1176 ab
799 1108 918 1178 uadem
931 1109 978 1178 ad
988 1110 1106 1201 seipsos
1122 1109 1289 1199 interponi
1299 1107 1421 1199 appel-

269 1211 351 1279 latio
365 1211 527 1281 uideatur.
546 1215 626 1283 Item
643 1216 676 1283 in
694 1215 846 1285 decretali
861 1220 936 1290 Nou
944 1229 1108 1308 putamus
1122 1215 1168 1306 (2,
1185 1215 1272 1283 tituli
1287 1219 1320 1300 t,
1336 1215 1421 1282 libri
1508 1281 1509 1308 ,

272 1323 303 1402 t,
321 1319 354 1385 iu
371 1321 473 1410 sexto)
491 1321 650 1390 absonum
665 1321 860 1410 declaratur,
875 1323 966 1415 quod
978 1325 1020 1392 ab
1037 1322 1182 1416 Officiali
1199 1321 1359 1412 Episcopi
1375 1321 1424 1390 ad
1508 1353 1509 1356 ¹

270 1424 419 1494 eamdem
431 1427 632 1520 Episcopum
647 1430 755 1498 calcat
769 1431 933 1522 appellari
949 1457 959 1497 :
976 1454 1017 1498 ue
1031 1430 1074 1498 ab
1089 1428 1203 1498 eodem
1216 1428 1263 1496 ad
1274 1428 1421 1519 scipsum

270 1535 357 1622 (cum
371 1534 415 1602 sit
433 1533 519 1603 idem
535 1535 739 1605 auditorium
755 1538 934 1630 utriusque)
953 1537 1132 1629 appellatio
1152 1535 1346 1627 interposita
1363 1537 1420 1604 oi-

269 1639 397 1710 deatar.
419 1641 508 1732 Ergo
531 1651 656 1714 certum
671 1651 719 1712 est
738 1667 796 1738 per
811 1645 917 1735 legem
931 1645 1178 1714 ecclesiasticam
1195 1644 1241 1712 ita
1261 1643 1420 1712 constitui

270 1754 302 1815 et
324 1749 569 1838 intelligendam
594 1749 724 1820 definiri
748 1752 872 1822 Vicarii
896 1751 1058 1842 generalis
1078 1749 1352 1842 jurisdictionem,
1385 1759 1421 1817 nt

271 1855 415 1924 tribunal
436 1857 508 1948 ejus
533 1858 730 1928 censendum
758 1861 802 1927 sit
821 1859 965 1930 tribunal
987 1859 1155 1952 Episcopi,
1182 1881 1322 1950 persona
1347 1857 1420 1948 ejus

270 1983 408 2052 persone
435 1963 598 2056 Episcopi,
629 1968 786 2035 sententia
817 1966 888 2058 ejus
920 1966 1081 2036 sententia
1115 1965 1286 2057 Episcopi;
1319 1961 1419 2055 idque

269 2067 350 2136 adeo
364 2069 474 2138 stricto
494 2093 604 2159 sensu,
629 2082 666 2140 ut
683 2071 856 2164 appellatio
873 2073 1039 2143 aVicario
1054 2071 1201 2162 generali
1220 2070 1263 2139 ad
1281 2071 1419 2163 Episco-
1509 2071 1510 2086 ¹

270 2197 363 2264 pum,
376 2176 420 2244 sit
433 2177 605 2268 appellatio
616 2179 658 2247 ab
669 2179 782 2249 cadem
795 2201 933 2271 persona
943 2180 1122 2270 codemque
1133 2177 1255 2269 judice,
1270 2176 1313 2246 ed
1328 2199 1419 2246 eam-

269 2282 344 2350 dem
382 2305 554 2376 personam
589 2285 804 2378 eumdemque
839 2287 995 2378 judicem.
1033 2287 1122 2376 Ergo
1157 2294 1266 2354 manet
1303 2284 1417 2352 eadem

269 2399 366 2482 atque
393 2391 534 2461 indivisa
550 2392 745 2484 jurisdictio,
771 2396 840 2463 sive
855 2417 875 2462 a
890 2393 1022 2464 Vicario
1045 2391 1190 2484 generali
1212 2400 1415 2472 exerceatur,

269 2497 338 2565 sive
366 2497 407 2566 ab
434 2499 593 2592 Episcopo
612 2527 619 2568 :
635 2510 684 2569 est
709 2509 817 2570 autem
843 2502 1009 2570 ordinaria
1034 2500 1221 2592 jurisdictio
1246 2499 1414 2591 Episcopi;

159 2633 162 2640 ·
270 2627 348 2693 ergo
363 2615 395 2674 et
410 2605 532 2676 Viearii
548 2608 710 2697 generalis
730 2607 896 2678 ordinarie
913 2608 1034 2699 pariter
1048 2606 1236 2699 jurisdictio
1257 2605 1418 2674 censenda

271 2723 329 2782 est.

315 2825 349 2886 2ο
375 2820 466 2889 Idem
493 2822 620 2890 eruitur
643 2845 684 2890 cx
715 2823 850 2891 omnino
879 2833 966 2892 certa
990 2821 1111 2914 judicis
1139 2819 1279 2909 delegati
1305 2819 1418 2888 condi-

270 2927 369 2996 tione.
402 2927 535 2998 Certum
561 2951 678 3020 nempe
705 2940 753 2998 est
778 2929 851 2998 dari
879 2929 1130 3021 appellationem
1155 2952 1175 2996 a
1200 2927 1348 3016 delegato
1378 2926 1418 2994 ad

270 3034 484 3124 delegantem.
506 3035 543 3104 ld
562 3043 649 3127 petet
669 3058 710 3104 ex
733 3035 893 3128 capitibus
917 3039 957 3103 27
984 3045 1016 3104 et
1036 3039 1076 3104 28
1102 3033 1188 3103 tituli
1214 3037 1270 3119 29,
1298 3031 1375 3100 libri
1401 3035 1415 3098 t

270 3142 504 3230 Decretalium;
535 3144 592 3212 ubi
615 3143 763 3213 videmus
785 3166 805 3212 a
829 3145 918 3235 Papa
940 3143 1106 3234 interponi
1128 3141 1309 3210 clausulam
1329 3140 1420 3207 omui

270 3263 397 3318 renwta
411 3249 642 3342 appellatione,
661 3273 736 3318 eum
753 3251 824 3320 vult
843 3273 1029 3348 praecavere
1046 3271 1086 3318 ne
1108 3248 1209 3340 possit
1225 3270 1245 3315 a
1260 3247 1313 3314 sui
1329 3245 1420 3314 dele·

270 3358 338 3446 gati
362 3357 521 3426 sententia
542 3357 698 3448 appellari
721 3357 763 3425 ad
784 3357 901 3426 Sedem
925 3357 1157 3448 Apostolicam.
1182 3356 1254 3422 Imo
1274 3375 1341 3421 non
1362 3353 1420 3421 ob-

270 3471 373 3532 stante
396 3464 457 3532 hac
476 3464 621 3533 clausule
639 3465 673 3532 in
693 3474 780 3533 certo
805 3465 927 3533 ibidem
948 3485 1101 3555 expresso
1119 3485 1210 3548 casu,
1227 3459 1420 3549 aDelegato

271 3573 368 3662 Papae
388 3570 429 3639 ad
453 3572 575 3662 Papam
598 3571 681 3640 valet
696 3571 881 3662 appellatio.
901 3571 941 3639 Et
963 3569 1159 3660 caeteroquiu
1182 3577 1277 3635 extra
1291 3575 1422 3634 contro-

272 3677 412 3747 versiam
428 3689 476 3747 est
497 3678 586 3770 apud
602 3679 783 3748 canonistas
804 3679 917 3768 regula
933 3678 990 3746 illa
1005 3677 1103 3768 juris,
1119 3697 1212 3768 posse
1228 3697 1248 3742 a
1274 3673 1422 3763 delegato

271 3783 312 3851 ad
334 3783 537 3874 delegantem
566 3785 734 3876 appellari.
764 3785 845 3854 lnde
866 3793 975 3854 autem
1001 3783 1121 3852 invicte
1143 3781 1294 3872 seqnitur
1319 3780 1423 3850 Vice-

273 3888 359 3956 rium
383 3891 568 3980 generalem
587 3913 655 3959 non
675 3913 744 3960 esse
762 3891 960 3981 delegatum,
978 3911 1052 3958 cum
1073 3888 1114 3957 ab
1134 3888 1205 3979 ipso
1224 3886 1266 3955 ad
1288 3885 1424 3976 Episco-

273 4017 353 4084 pum
368 4018 432 4066 non
448 3997 543 4067 detur
556 3998 739 4090 appellatio.
758 3997 795 4067 Si
809 4007 917 4067 autem
934 4020 999 4066 non
1018 3998 1060 4065 sit
1079 3996 1260 4087 delegatus,
1276 4001 1424 4063 remanet

275 4112 312 4170 ut
336 4103 377 4170 sit
398 4104 595 4174 ordinarius.
620 4105 687 4174 Nec
713 4105 896 4196 objiciatur,
921 4103 1063 4196 potuisse
1090 4104 1125 4170 in
1149 4103 1297 4171 levorem
1321 4101 1424 4172 Vica-

276 4211 402 4282 riorum
423 4212 626 4301 generalium
646 4211 718 4282 lieri
735 4235 755 4281 a
770 4213 844 4304 jure
862 4212 1085 4303 exceptionem
1095 4237 1105 4300 3
1123 4211 1170 4280 ita
1186 4217 1236 4300 ut,
1257 4207 1333 4278 licet
1355 4207 1425 4278 veri
