3046 4968
286 465 346 528 tlt
657 481 834 528 aasentias
857 485 895 528 aa
917 483 1050 529 runicus.

279 608 314 674 in
328 627 394 696 quo
408 604 451 672 sic
468 602 605 672 hahetur
621 629 628 668 :
644 623 719 669 cum
739 602 869 669 nannai
884 601 1051 691 deleqatus
1065 626 1087 671 a
1104 605 1255 695 Priuccpe
1270 627 1423 674 caussam

277 713 387 782 vulcat
401 711 462 780 alii
474 709 660 801 delcqare...
684 737 700 774 c
715 710 755 778 Et
768 712 851 780 ratio
868 719 916 778 est
935 711 992 792 (ait
1007 711 1166 798 Ferraria,
1183 725 1216 777 v·
1231 714 1420 802 Dclcpatrcs,

281 845 298 886 a
321 843 354 888 n.
376 820 443 909 rc),
461 817 538 910 quia
554 817 581 884 si
595 817 734 910 quilibet
749 815 916 906 delegatus
930 839 1080 886 caussam
1096 819 1190 888 alteri
1208 819 1424 910 subdelegare

278 955 295 994 a
318 935 436 1019 posset,
452 925 503 992 hic
517 926 612 992 ctiam
626 932 732 1016 posset
744 926 861 993 iterum
873 924 1023 1014 delegare
1035 927 1141 1011 tertio,
1160 934 1193 995 et
1208 927 1267 994 istc
1282 934 1418 1018 quarto,

282 1063 298 1100 a
321 1045 352 1104 ct
366 1036 412 1103 sic
425 1033 558 1101 daretur
569 1053 737 1123 processus
750 1030 784 1098 in
801 1030 980 1118 inlinitum,
994 1055 1069 1123 qaae
1083 1034 1228 1102 infinitas
1242 1057 1261 1101 a
1274 1035 1348 1124 jare
1360 1057 1422 1103 ex-

279 1164 428 1235 «presse
452 1140 656 1231 reprobatur,
680 1138 783 1230 capite
808 1140 892 1207 Cum
912 1139 946 1207 in
967 1141 1081 1208 multr's
1106 1141 1143 1230 (2
1168 1140 1208 1209 dc
1230 1143 1418 1233 descriptis,

278 1277 295 1316 u
317 1251 352 1318 in
367 1249 399 1338 6)
410 1248 457 1315 ibi
474 1269 570 1314 :cum
581 1247 616 1312 in
632 1244 745 1313 martas
753 1247 845 1336 juris
856 1247 1004 1314 articulis
1018 1247 1167 1338 infinitas
1178 1249 1382 1338 reprobetur.
1398 1275 1416 1314 u
1516 1287 1517 1322 2

319 1357 472 1427 Diximus
484 1353 690 1444 reputaretur,
706 1353 786 1443 quia
804 1355 1021 1422 communiter
1033 1377 1053 1423 a
1067 1354 1253 1424 doctoribus
1265 1356 1423 1425 admitti-

274 1475 329 1534 tur
350 1485 443 1555 posse
465 1460 648 1549 delegatam
664 1459 706 1528 ab
721 1459 895 1529 Ordinsrio
910 1461 1064 1530 inferiore
1079 1462 1125 1531 ad
1137 1463 1422 1531 universalitatem

274 1591 460 1650 caecarum,
486 1567 708 1656 subdelegare.
734 1567 815 1649 Qua
840 1569 987 1659 exceptio
1008 1568 1166 1637 fundatur
1190 1569 1249 1637 huc
1269 1569 1417 1658 ratione;
1517 1655 1518 1660 Ἰ

274 1677 458 1766 delegatum
474 1696 590 1764 nempe
605 1673 645 1741 ad
662 1673 939 1743 universalitatem
955 1697 1141 1762 causarum,
1157 1697 1226 1744 esse
1241 1675 1420 1766 quasi-Or-

275 1787 452 1869 dinarium,
476 1789 508 1852 et
530 1779 703 1849 Ordinatio
725 1781 760 1847 in
785 1781 845 1848 hac
868 1804 904 1850 re
928 1783 1136 1873 aquiparsri.
1163 1783 1280 1851 Valere
1304 1793 1420 1853 autem

274 1893 364 1962 illam
383 1890 606 1982 exceptionem
626 1887 704 1956 dicit
724 1887 1028 1980 Schmalzgrueber,
1049 1891 1166 1958 saltem
1186 1889 1226 1958 dc
1244 1903 1421 1959 cousuetu-

275 1995 362 2064 dinc.
388 1995 429 2064 Et
449 1992 540 2064 addit
559 1992 657 2060 talem
681 1991 863 2082 delegatam
890 2017 982 2085 posse
1003 1994 1097 2063 alteri
1118 1996 1329 2083 committere,
1351 2021 1421 2065 non

273 2103 405 2194 quidem
425 2109 525 2170 totam
542 2121 635 2169 suum
651 2107 854 2190 potestatem,
875 2101 932 2170 sed
951 2124 1051 2170 unum
1067 2102 1120 2171 vel
1135 2102 1269 2171 alteram
1285 2126 1419 2174 causam
1519 2191 1520 2196 ἵ

278 2211 324 2302 (in
339 2209 424 2278 titul.
443 2213 498 2293 tt,
513 2207 589 2275 libri
608 2211 621 2274 l
641 2205 782 2293 Deerat,
799 2231 834 2278 n.
849 2209 915 2297 ll).
933 2209 1155 2278 Nihilominus
1170 2210 1255 2278 dicta
1269 2213 1421 2303 exceptio

274 2316 357 2385 mihi
370 2338 436 2384 non
451 2315 581 2383 videtur
592 2314 670 2382 satis
682 2313 808 2383 firmari
821 2337 879 2407 por
894 2315 1049 2386 adductas
1062 2318 1216 2386 rationes.
1231 2317 1313 2386 Nam
1327 2319 1420 2410 quod

273 2424 399 2493 auraici
418 2423 583 2512 delcpatus
605 2447 627 2490 a
644 2422 796 2513 Principe
813 2445 948 2492 caucam
966 2424 1076 2494 ualeat
1097 2424 1159 2492 olii
1180 2423 1339 2514 delcqare,
1366 2436 1417 2494 est

274 2531 388 2620 regula
402 2541 488 2599 certa
507 2559 515 2598 ι
533 2530 620 2622 quod
636 2551 714 2599 vero
729 2531 771 2598 ab
787 2530 846 2597 hac
862 2531 976 2620 regala
992 2531 1176 2623 excipiatur
1193 2532 1360 2621 delegatus
1375 2534 1421 2601 ab

273 2639 433 2730 Episcopo
448 2637 490 2705 ad
510 2637 786 2705 universalitatem
806 2659 990 2724 causarum,
1008 2638 1151 2707 innuunt
1165 2638 1297 2730 quidem
1313 2661 1421 2708 cano-

274 2745 368 2814 nistoe
380 2767 421 2812 ex
434 2742 631 2834 quibusdam
640 2742 724 2834 juris
735 2742 841 2811 civilis
852 2743 995 2812 Romani
1009 2744 1163 2832 textibus,
1177 2767 1243 2816 non
1255 2755 1364 2814 antem
1374 2769 1421 2816 ex

275 2852 343 2920 ullu
357 2851 427 2940 lege
441 2849 663 2918 ecclesiastica.
678 2849 773 2918 Unda
786 2857 855 2917 tuto
869 2871 935 2917 non
946 2848 1077 2919 videtur
1088 2873 1183 2940 agere
1197 2851 1364 2940 delegatus
1374 2854 1420 2921 ab

274 2956 448 3026 Ordinatio
474 2956 716 3047 non-principe,
739 2957 866 3024 etiamsi
886 2955 927 3024 ad
949 2958 1134 3026 universale
1154 2956 1285 3050 aliquod
1311 2981 1420 3048 genus

273 3087 446 3133 causarum
473 3063 733 3132 commissionem
760 3063 929 3154 acceperit,
958 3064 986 3131 si
1006 3064 1099 3132 alteri
1121 3064 1308 3154 subdelcget
1315 3091 1324 3150 3
1352 3067 1421 3136 nisi

275 3181 362 3239 certo
375 3177 497 3240 constet
512 3170 552 3239 de
568 3171 712 3260 legitima
727 3168 834 3260 quoad
849 3170 1015 3258 regionem
1031 3171 1275 3239 consuetudine.

322 3281 351 3346 5.
374 3275 469 3357 Quod
487 3287 595 3345 autem
615 3277 716 3368 possit
735 3275 931 3344 Ordinarias
954 3279 1190 3369 non-princeps
1208 3287 1361 3378 statuere,
1380 3293 1422 3350 nt

274 3407 332 3477 per
351 3407 449 3452 suum
465 3382 648 3472 delegatum
665 3405 761 3452 causa
779 3383 937 3454 committi
955 3391 1053 3474 queat
1067 3385 1174 3470 tertio,
1198 3407 1262 3452 non
1275 3386 1417 3477 quidem

274 3490 405 3560 nomine
423 3490 574 3579 delegati,
598 3489 654 3557 sed
675 3491 807 3559 nomine
830 3489 1010 3572 ordinarii,
1034 3491 1163 3560 videtur
1185 3491 1319 3560 omnino
1341 3517 1419 3562 cer-

275 3607 356 3666 tum.
372 3596 435 3665 Sed
450 3605 527 3665 tunc
538 3597 598 3664 iste
609 3597 723 3664 tertius
735 3619 801 3666 non
813 3597 876 3664 erit
885 3596 1121 3690 subdelepatus,
1135 3599 1190 3667 sed
1204 3599 1313 3689 potius
1325 3600 1417 3669 dele-

274 3716 384 3794 gatus3
401 3712 511 3796 utpote
530 3703 793 3772 commissionem
811 3705 982 3796 accipiens,
1006 3727 1071 3772 non
1086 3729 1105 3773 e
1118 3704 1279 3796 delegato,
1298 3705 1356 3776 sed
1370 3709 1420 3778 ab

273 3811 344 3905 ipso
359 3812 544 3883 Ordinurio.
