3090 4964
570 465 644 510 urus
667 465 773 510 cerua.
1199 443 1237 512 11

104 584 243 654 Domino
269 582 450 653 institutam
474 583 573 652 fuisse
595 584 772 652 Ecclesiam
799 584 840 652 ad
865 585 966 653 instar
989 573 1131 674 reguis
1154 585 1242 654 civili

104 693 271 782 republica
284 690 446 768 distineti;
464 691 557 782 eique
580 711 681 780 regno
700 690 890 782 praepositos
912 690 1014 758 faisse
1035 692 1244 780 magistratus

103 800 164 890 qui
184 823 261 867 cum
281 799 420 890 imperio
444 798 627 866 societatem
650 795 796 865 fidelium
821 807 979 887 regerent.
1006 797 1138 866 Odedite
1157 821 1245 890 pre·
1337 843 1339 852 ι

101 907 220 997 positis
232 906 347 974 vestris
365 905 420 994 (ait
433 903 530 973 divus
541 901 675 992 Paulus)
693 915 723 970 et
738 903 902 994 subjacete
917 905 961 972 eis
973 904 1058 995 :ipsi
1069 905 1156 972 enim
1164 930 1244 998 per-

105 1013 260 1103 vioilont,
277 1011 373 1102 qnasi
394 1010 558 1078 rationem
581 1031 646 1100 pro
673 1009 848 1078 animabus
874 1013 986 1078 cestris
1008 1010 1170 1080 reddituri
1194 1013 1245 1102 (ad

105 1119 207 1188 Hebr.
229 1122 282 1202 13,
304 1121 370 1206 17).
391 1118 456 1201 Qui
471 1140 526 1185 vos
541 1115 647 1196 ondit,
665 1138 717 1184 me
732 1116 847 1200 oudit;
861 1131 893 1186 et
907 1117 1032 1210 quivos
1046 1120 1179 1210 spernit,
1195 1143 1246 1188 me

105 1225 232 1318 spernit
251 1225 341 1314 (Luc.
363 1229 415 1310 to,
434 1225 486 1314 16)
504 1249 511 1291 :
528 1223 663 1292 cruditis
677 1232 783 1292 eutem
798 1225 965 1315 explorata
980 1247 1031 1292 res
1047 1235 1105 1310 est,
1121 1226 1165 1294 ibi
1181 1250 1244 1296 vc-

105 1355 175 1402 cem
191 1331 319 1412 audire,
337 1331 423 1398 idem
440 1352 554 1398 sonare
571 1353 608 1396 ae
628 1330 766 1398 obedire.
790 1330 1043 1400 Perambulobct
1064 1332 1200 1422 Syriam
1216 1349 1247 1402 et

109 1439 264 1508 Ciliciam
325 1437 519 1528 praecepimus
527 1433 687 1504 custodire
695 1450 858 1528 precepto
870 1437 1091 1528 apostolorum
1103 1451 1133 1505 et
1144 1440 1246 1508 senio-

106 1567 185 1612 rum
204 1546 290 1634 (Aet.
320 1548 374 1630 15,
397 1543 463 1629 tt).
489 1544 574 1610 Cum
601 1554 711 1610 cortem
731 1543 971 1634 pertransirent
992 1544 1149 1627 ciuitates,
1175 1559 1246 1614 tro-

107 1649 230 1718 debont
245 1649 289 1718 cis
305 1649 466 1718 custodire
484 1649 653 1738 dopmctu,
673 1671 746 1740 que
768 1661 863 1717 eram
887 1649 1013 1719 deuota
1036 1651 1078 1719 ud
1092 1654 1247 1743 apostolis

106 1771 139 1825 et
166 1756 345 1824 senioribus
369 1756 427 1847 qni
449 1769 543 1824 eram
568 1757 800 1846 Hierosolymis
817 1756 907 1847 (Luc.
937 1760 990 1843 16,
1011 1758 1056 1847 d).
1085 1758 1172 1828 luter
1194 1783 1248 1828 eas

107 1887 190 1932 vero
203 1863 423 1954 apostolorum
437 1863 536 1952 leges,
552 1863 681 1930 extabat
701 1872 733 1930 et
747 1863 816 1948 illa,
832 1863 943 1953 procul
963 1862 1061 1933 dubio
1080 1864 1166 1954 juris
1181 1888 1247 1936 non

108 1971 218 2038 divini
234 1969 290 2038 sed
305 1992 393 2038 mere
408 1969 622 2052 ecclesiastici,
636 1969 817 2036 abstinendi
832 1971 1021 2058 asanguinc
1035 1979 1065 2039 et
1079 1971 1244 2044 suffocato.

109 2080 251 2146 Sanctus
273 2077 394 2146 Paulus
416 2077 546 2166 uirqum
567 2076 711 2144 minatur
724 2076 900 2145 Corinthiis
916 2077 948 2166 (1
969 2077 1009 2145 ad
1031 2077 1106 2147 Gor.
1130 2084 1162 2164 t,
1180 2082 1246 2172 21);

109 2197 142 2254 et
159 2184 327 2274 profitetur
348 2183 467 2250 habere
492 2205 526 2250 se
551 2183 585 2250 io
607 2196 765 2274 promptu
782 2183 891 2250 nicusi
912 2207 1042 2251 omnem
1062 2186 1248 2255 inobedien-

110 2294 209 2372 tium,
222 2315 262 2360 ee
272 2302 432 2383 potestate
444 2290 620 2381 (ait)quom
631 2290 719 2358 dedit
731 2291 821 2358 uobis
835 2292 991 2359 Dominus
1003 2293 1042 2380 (11
1054 2293 1093 2360 ad
1106 2293 1181 2362 Cor.
1194 2301 1246 2384 to,

112 2405 158 2489 6).
173 2399 216 2466 Si
229 2399 302 2488 quis
316 2420 381 2466 noo
395 2396 502 2465 obedit
516 2397 610 2465 uerbo
623 2410 732 2465 nostro
744 2419 803 2488 por
818 2397 1015 2488 Epistolom,
1027 2398 1111 2466 dune
1125 2413 1246 2484 notate,

111 2520 142 2573 et
158 2529 201 2574 ue
214 2503 490 2573 commisceamini
502 2525 578 2572 cum
590 2502 647 2570 illo
666 2502 706 2593 (11
720 2503 760 2570 ed
778 2503 891 2572 Thess.
910 2509 942 2592 3,
961 2508 1027 2595 11).

159 2612 223 2695 Qui
249 2620 355 2680 textus
379 2611 486 2702 mum
508 2610 631 2678 faciunt
650 2609 812 2679 aChristo
833 2611 939 2680 datam
962 2613 1061 2682 fuisse
1083 2617 1246 2706 apostolis,

110 2744 150 2790 ac
176 2742 292 2787 eorum
322 2717 456 2808 proinde
477 2716 727 2802 successoribus,
754 2739 863 2785 verani
891 2728 1078 2808 potestatem
1111 2746 1249 2813 regnum

112 2826 186 2910 Dei,
204 2825 312 2911 idest,
329 2823 517 2908 Ecclesiam,
532 2822 666 2912 regendi
690 2831 721 2892 et
740 2823 1045 2912 gubernandum
1063 2849 1139 2898 vero
1162 2832 1250 2921 ejus-

115 2933 206 3002 modi
236 2941 375 3023 poteetas
402 2931 499 2998 etiam
533 2952 590 3020 per
613 2930 740 3020 virgam
769 2953 824 2998 seu
850 2933 1073 3002 coercitionem
1104 2940 1248 3026 regendi,

114 3039 300 3132 imperandi
339 3051 370 3108 et
406 3036 628 3128 gubernandi,
660 3037 840 3105 necessario
877 3039 1012 3106 includit
1044 3041 1248 3132 judiciariam

113 3157 318 3240 potestatem.
337 3145 393 3214 lile
409 3145 498 3213 enim
521 3167 588 3212 non
611 3143 705 3212 habet
730 3145 887 3236 pupulum
913 3147 1044 3235 regendi
1061 3173 1171 3220 veram
1195 3177 1253 3245 po-

116 3263 285 3339 testatem,
312 3253 369 3344 qui
402 3252 516 3342 nequit
543 3251 616 3318 lites
643 3259 731 3319 ortas
759 3272 967 3342 componere;
1000 3277 1059 3322 nec
1091 3258 1178 3348 juste
1206 3273 1254 3330 est

116 3361 271 3430 coercitio
293 3361 357 3427 nisi
380 3369 503 3426 certum
527 3367 557 3426 et
577 3359 748 3449 probatum
774 3359 816 3425 sit
841 3359 980 3447 crimen;
1007 3384 1081 3453 quae
1107 3368 1254 3456 probatio

115 3469 282 3538 ordinarie
316 3466 444 3534 nonnisi
474 3463 714 3556 perjudicium
745 3465 875 3556 proprie
902 3465 1026 3534 dictum
1056 3470 1167 3540 haberi
1195 3499 1255 3566 po-

117 3585 189 3644 teet.

164 3687 197 3750 1·
212 3679 364 3750 Praedieti
380 3687 488 3748 textus
510 3678 660 3747 Ecclesiae
681 3685 835 3771 preterea
853 3683 1035 3772 pastoribus
1056 3698 1164 3778 aperte
1182 3692 1255 3762 vin-

118 3791 228 3858 dicant
249 3787 464 3877 legislativum
491 3794 678 3877 potestatem
699 3787 812 3878 :atqui
838 3799 976 3879 potestas
998 3793 1178 3882 legislativa
1198 3825 1255 3874 neo

119 3899 227 3988 plena,
246 3917 305 3962 nec
329 3895 363 3961 in
388 3915 422 3962 se
444 3893 530 3961 hona
548 3902 580 3962 et
602 3893 690 3961 utilis
716 3903 812 3978 esset,
827 3896 892 3963 nisi
918 3897 1101 3988 adjunctam
1126 3904 1257 3983 haberet

116 4002 326 4096 judiciariam
342 3990 541 4090 potestatem,
558 4023 623 4090 qua
637 3999 723 4089 leges
743 4001 783 4068 ad
806 4023 899 4072 cesus
916 4005 1098 4094 singulares
1113 4015 1253 4106 applica.

121 4119 249 4194 rentur,
265 4117 297 4174 et
312 4129 425 4174 earum
440 4105 570 4174 violatio
587 4105 815 4175 vindicaretur.

168 4215 269 4306 Ergo,
286 4220 356 4282 tum
371 4213 490 4282 directe
510 4235 551 4280 ex
577 4211 771 4306 quibusdam
788 4237 888 4285 sacrae
909 4217 1086 4314 Seriptnrae
1101 4231 1257 4328 textibus,
