3030 4980
1275 8 1501 180 rm

306 457 369 522 sot
677 477 853 524 recursans
876 478 915 523 nr
936 478 1070 526 ruricus.

306 625 324 666 s
345 598 392 666 sic
401 595 599 690 appmbsote
610 597 987 688 prsxietcensnstudine
997 599 1185 688 universali,
1195 621 1270 692 que
1279 599 1313 668 in
1321 597 1428 668 talibus

306 733 323 772 c
346 715 393 776 cst
406 703 566 774 servanda
581 703 694 795 (capite
707 707 761 774 Eo
775 705 920 774 mscitor
934 709 967 794 6,
987 705 1028 776 dc
1041 705 1102 776 His
1116 729 1191 798 qum
1200 707 1291 798 fiunt
1304 729 1326 773 a
1338 707 1426 776 Prot.

304 839 321 878 s
342 812 578 880 marcomeres
595 809 708 902 Capi.
724 836 742 876 n
757 811 798 880 Et
813 812 861 881 sic
873 813 994 904 pariter
1006 821 1154 882 auctores
1168 813 1315 884 moderni
1326 835 1428 882 omnes
1500 881 1501 896 ,

299 916 515 986 universalem
530 915 614 984 hanc
628 915 896 986 consuetudinem
909 925 1064 1009 tanquam
1079 919 1200 990 iactum
1221 926 1345 991 certum
1369 941 1430 986 me·

300 1032 446 1111 merent;
465 1045 523 1092 nec
538 1029 640 1114 potest
655 1023 722 1092 ullo
738 1024 835 1094 mmo
850 1026 885 1096 iu
900 1025 1038 1096 dubium
1051 1028 1209 1096 revocari.
1499 1005 1501 1142 Ι

341 1131 541 1203 Universalis
554 1140 661 1201 autem
675 1131 873 1201 cousuetudo
888 1132 1033 1222 legitime
1047 1133 1247 1224 praescripto,
1262 1133 1370 1224 quelis
1380 1133 1430 1202 ills
1500 1143 1501 1148 ’

297 1247 358 1325 eat,
374 1260 439 1308 non
455 1245 581 1306 tantum
593 1236 661 1328 juri
674 1239 840 1313 mmmuoi
856 1238 1003 1328 derogat,
1019 1239 1075 1310 ssd
1090 1249 1122 1310 ct
1136 1240 1208 1332 ipsa
1222 1241 1256 1308 in
1265 1239 1322 1330 jus
1341 1262 1430 1310 com-

296 1367 396 1414 mune
408 1344 535 1413 transit.
553 1343 645 1412 Adeo
661 1352 698 1414 ut
709 1343 773 1419 dici
789 1346 903 1436 possit,
919 1345 1016 1416 hodie
1030 1346 1157 1439 dejure
1170 1346 1338 1416 communi
1352 1347 1430 1438 Epi-

294 1476 391 1546 scopo
405 1461 585 1544 competere
600 1458 787 1543 potonem
802 1453 972 1524 Vicerinm
986 1475 1085 1524 suum
1098 1453 1296 1544 generalem,
1313 1455 1428 1528 omisso

293 1559 434 1652 Capituli
447 1581 581 1628 osseum
595 1567 691 1649 atque
704 1559 852 1646 consilio,
870 1559 1100 1633 constituendi.

337 1669 481 1750 ernsrm
498 1670 542 1735 3⁸.
561 1704 606 1720 -
620 1667 670 1734 An
691 1665 855 1736 Vicorium
868 1669 1053 1757 pecoralem
1066 1667 1129 1740 eidi
1145 1668 1344 1743 constituere
1355 1689 1429 1760 pes·

293 1775 333 1846 stt
348 1773 602 1847 Admorrstrctor
614 1771 757 1841 emese
771 1772 880 1844 sidua
898 1787 955 1847 :st
975 1797 1021 1844 on
1041 1774 1303 1846 Admirirtrotor
1322 1773 1430 1846 diece-
1500 1845 1501 1850 ,

293 1882 336 1952 sis
351 1902 424 1972 qum
437 1880 552 1948 einum
564 1879 662 1948 tabet
674 1880 852 1971 proprium
866 1880 1089 1973 Episcopum?
1103 1920 1148 1936 -
1162 1880 1276 1964 Quoad
1292 1883 1428 1973 priorem
1499 1865 1501 1980 l

292 1986 596 2056 Administratorem
613 1986 657 2054 ito
671 1987 851 2068 [numnius
867 2014 874 2056 ι
894 1987 1117 2080 «Respondco
1131 1987 1343 2074 affirmetiv03
1359 1988 1430 2078 quia

295 2121 313 2162 c
335 2093 477 2164 succedit
491 2095 526 2161 in
540 2092 715 2162 Ordinatio
725 2093 949 2184 jurisdictione
964 2095 1128 2187 Episcopi,
1146 2106 1179 2164 et
1198 2097 1425 2186 equiparare,

295 2227 311 2264 e
335 2200 441 2292 quoad
457 2207 656 2291 potestatem,
672 2199 823 2289 Gepitulo
838 2199 921 2270 Sede
933 2209 1067 2272 vacante
1081 2200 1263 2290 (Pirrhing,
1278 2201 1321 2270 ad
1335 2201 1382 2268 tit.
1393 2199 1428 2266 dc

295 2335 312 2374 c
338 2308 454 2399 Officio
477 2305 606 2388 Vicarii,
623 2328 658 2373 n.
674 2310 730 2390 29,
746 2306 781 2374 in
800 2306 878 2382 fine.
903 2334 920 2381 r
944 2307 1060 2388 Quoad
1082 2308 1295 2398 posteriorem
1314 2307 1428 2378 Admi-

291 2416 508 2499 nistratorem,
524 2412 582 2504 qui
597 2433 713 2503 nempe
727 2435 747 2482 e
763 2413 851 2504 Papa
864 2414 1076 2486 constituitur
1090 2413 1197 2486 adhuc
1212 2414 1286 2484 vivo
1302 2415 1427 2506 proprie
1499 2485 1500 2500 2

290 2523 436 2591 dimcesis
450 2521 621 2612 Episcopo,
631 2520 678 2591 sic
690 2519 786 2588 habet
800 2521 917 2590 citatus
931 2529 1044 2591 auctor
1061 2547 1068 2590 :
1089 2520 1299 2594 «Dubitatur
1317 2548 1325 2592 ι
1342 2522 1427 2590 vide-

294 2657 311 2696 u
334 2639 388 2696 tur
402 2629 435 2697 id
452 2651 559 2718 posse,
575 2627 651 2718 quia
666 2626 751 2714 gerit
762 2626 1021 2716 jurisdictionem
1038 2638 1069 2698 ct
1090 2635 1277 2720 potestatem
1296 2627 1427 2698 ordios-

293 2763 310 2800 «ι
336 2738 419 2804 riam
435 2733 599 2826 Episcopi,
612 2731 712 2824 quiid
725 2741 840 2824 potest.
857 2733 1096 2823 rlLeureuius,
1107 2733 1147 2805 dc
1163 2733 1298 2804 Vico-iis
1305 2735 1424 2825 Epor,
1498 2755 1499 2762 ¹

293 2867 364 2937 cap.
384 2849 415 2930 1,
431 2867 464 2935 q.
483 2841 553 2929 21.)

335 2953 479 3035 Qunsrrc
503 2953 550 3016 4⁸.
567 2985 611 3008 -ν
626 2949 675 3018 An
688 2950 784 3038 Papo
795 2949 898 3020 soleat
911 2947 1107 3040 pacemque
1124 2947 1427 3039 Vicoriumqeoere·

292 3061 356 3130 hm
370 3055 525 3148 Episcopi
544 3053 765 3125 constituere?
779 3092 823 3115 -η
841 3080 860 3120 o
879 3053 1074 3144 Respondes
1093 3051 1286 3130 affirmative
1301 3053 1428 3142 (Pigne-

294 3193 311 3233 α
336 3166 443 3250 tellus,
460 3170 537 3229 tom.
558 3164 611 3245 10,
628 3159 766 3234 consult.
786 3160 883 3249 129);
902 3159 957 3230 ubi
973 3159 1124 3236 etiamen
1143 3159 1325 3246 Passerino,
1345 3159 1429 3251 quod

295 3303 312 3338 c
338 3270 486 3342 Vicarius
499 3267 553 3336 ille
568 3265 758 3358 episcopalis
772 3289 792 3336 a
808 3266 896 3359 Papo
914 3266 1121 3352 constitutus,
1139 3266 1295 3356 majorem
1320 3266 1430 3336 habeat

295 3407 312 3446 a
335 3377 533 3460 facultatem,
550 3373 731 3464 praesertim
747 3373 782 3440 in
796 3371 1022 3444 substituendo
1037 3372 1100 3452 sihi
1115 3373 1233 3458 chuni,
1250 3395 1350 3464 quem
1369 3371 1431 3442 Vi·

296 3485 442 3553 «carius
465 3477 625 3570 generalis
644 3480 685 3547 ab
709 3479 868 3571 Episcopo
894 3479 1135 3548 constitutus.»
1161 3478 1366 3561 (Lcurcaius,
1395 3477 1432 3546 dc

297 3590 430 3664 Vicoriis
450 3587 575 3678 Epicu,
595 3607 665 3676 cap.
685 3589 715 3671 1,
731 3609 764 3676 q.
784 3587 853 3676 26.)
869 3585 910 3659 Et
934 3585 1026 3662 addit
1046 3585 1165 3656 citatus
1190 3593 1316 3671 auctor,
1339 3586 1431 3659 testem

289 3699 458 3769 Vicsrium
480 3715 549 3761 esse
572 3693 669 3761 relete
693 3691 734 3759 ad
757 3693 955 3783 Episcopum
979 3690 1235 3760 inamovibilem.
1260 3691 1432 3762 Posuimus

291 3815 399 3882 eutem
414 3810 541 3873 tentum
556 3798 593 3866 iu
607 3797 788 3889 quaestioue
802 3821 846 3866 oo
858 3797 960 3869 soleat
975 3797 1062 3888 Papo
1083 3797 1161 3868 tales
1182 3797 1331 3868 Vicsrios
1352 3820 1432 3866 eon-

293 3914 442 3990 stituare;
460 3908 537 3998 quis
553 3912 664 3978 utrum
680 3902 713 3978 id
728 3903 832 3975 iecere
848 3904 962 3995 possit,
975 3902 1157 3977 absurdum
1171 3913 1256 3982 esset
1269 3903 1304 3974 in
1320 3927 1431 3996 quaes-

293 4020 412 4087 tionem
436 4011 608 4082 adducere.
631 4008 726 4090 Quos
752 4023 859 4082 eutem
881 4032 919 4080 ea
939 4010 980 4079 sit
1006 4029 1120 4089 revera
1143 4007 1301 4081 Romane
1327 4009 1430 4078 Curio

292 4123 417 4216 prunis,
434 4128 566 4188 testetur
582 4117 702 4208 pariter
723 4114 868 4192 Ferraris
881 4115 933 4204 (ed
956 4137 1066 4194 vocem
1091 4115 1238 4182 Vicarius
1258 4117 1428 4206 pencrolr's,

293 4241 353 4306 nrt.
379 4232 408 4314 t,
432 4249 464 4296 n.
491 4227 543 4314 6);
568 4224 594 4290 si
619 4243 734 4312 nempe
757 4221 935 4312 Episcopus
959 4242 1023 4294 non
1047 4232 1129 4294 essct
1155 4222 1280 4310 peritus
1301 4222 1426 4313 jurleta,
1492 4319 1493 4324 Ἰ
