3030 4980
667 482 843 534 Tbbffl'l'lls
865 485 904 530 ott
927 485 1062 532 JUlthlIS.

815 769 908 861 gn.

663 958 827 1010 Noteriorum
838 957 916 1010 variae
927 957 1038 1024 speeies.

330 1165 356 1232 l.
376 1163 539 1254 Distingui
558 1173 692 1256 possunt
718 1165 753 1233 in
776 1165 918 1234 notarios
938 1165 1001 1233 lori
1025 1163 1240 1249 eeclesiastici,
1255 1162 1318 1232 fori
1342 1161 1423 1246 laici,

285 1282 317 1341 et
330 1272 500 1364 utriusque
513 1271 588 1341 lori.
604 1271 689 1342 Cum
704 1295 822 1364 nempe
841 1271 964 1364 duplex
986 1272 1121 1358 mundo,
1145 1294 1187 1340 ex
1204 1271 1316 1340 divina
1334 1270 1424 1338 insti·

282 1379 419 1466 tutione,
442 1380 555 1471 praesit
579 1379 764 1465 auotoritas,
791 1389 928 1470 utraque
958 1387 1062 1471 potest
1084 1379 1120 1447 in
1147 1401 1207 1447 suo
1231 1377 1302 1447 loro
1326 1385 1425 1446 certas

284 1507 439 1576 personas
451 1485 647 1554 constituere
662 1493 693 1554 et
706 1487 874 1577 deputare,
891 1509 1032 1577 quarum
1048 1485 1171 1578 scripta
1184 1484 1280 1553 fidam
1295 1483 1421 1552 faciant.

285 1592 321 1660 Si
334 1594 409 1684 quis
422 1614 501 1662 vero
519 1593 560 1661 ab
580 1593 792 1662 ecelesiastica
813 1593 912 1662 simul
932 1603 964 1662 et
984 1592 1133 1662 seculari
1154 1599 1308 1683 potestate
1329 1591 1371 1660 ad
1392 1590 1424 1658 id
1502 1581 1503 1624 ³

283 1699 381 1768 officii
396 1698 570 1790 deputetur
582 1708 614 1768 et
626 1699 837 1791 approbetur,
855 1699 916 1768 erit
931 1699 1102 1791 utriusque
1117 1698 1180 1768 fori
1194 1698 1352 1767 notarius.

328 1834 369 1901 ll.
404 1833 614 1902 Notariorum
646 1833 708 1902 lori
743 1832 947 1902 ecelesiastici
985 1832 1107 1925 duplex
1142 1831 1273 1901 classis:
1310 1831 1425 1900 notarii
1502 1823 1503 1844 ³

284 1962 401 2032 nempe
416 1940 596 2034 apostolici,
617 1963 673 2009 seu
694 1962 714 2008 a
734 1939 816 2009 Sede
839 1940 1024 2032 Apostoliea
1041 1941 1152 2027 creati,
1172 1948 1204 2008 et
1226 1938 1347 2007 notarii
1363 1960 1425 2004 aae-

283 2057 427 2116 terarum
442 2046 692 2117 Ordinatiorum
709 2074 716 2115 :
733 2070 809 2114 nam
829 2047 877 2137 (ut
894 2047 981 2116 inira
994 2047 1130 2138 dicetur)
1147 2052 1262 2139 potest,
1285 2067 1326 2113 ex
1347 2067 1426 2112 eon-

284 2155 455 2223 suetudine
477 2153 602 2241 saltem,
626 2154 762 2246 quilibet
782 2155 965 2248 Episcopus
993 2155 1135 2224 notarios
1154 2177 1214 2247 pro
1238 2163 1307 2224 toto
1328 2153 1425 2246 juris·

283 2262 433 2331 dictionis
448 2285 517 2333 suae
533 2261 696 2331 territorio
711 2284 831 2331 creare.

329 2398 384 2466 lll.
416 2395 482 2488 lpsi
509 2419 585 2467 vero
618 2396 786 2490 apostolici
817 2395 945 2486 notarii,
982 2397 1017 2465 in
1045 2396 1127 2466 duos
1160 2395 1284 2488 gradus
1317 2395 1428 2464 distri·

284 2506 458 2574 buuntur:
481 2511 558 2572 sunt
580 2505 668 2572 enim
689 2505 741 2574 vel
764 2504 989 2596 protonotarii,
1018 2502 1071 2572 vel
1097 2503 1286 2594 simpliciter
1312 2501 1427 2572 notarii

283 2611 458 2704 apostolici.
489 2612 536 2680 De
560 2620 698 2704 utroque
726 2610 832 2702 gradu
863 2611 989 2680 dicetur
1015 2611 1049 2679 in
1079 2619 1215 2680 tractatu
1248 2609 1290 2678 de
1326 2610 1428 2680 Curia
1501 2711 1502 2724 ἵ

285 2741 437 2787 romana.

328 2853 385 2922 IV.
404 2854 527 2922 lterum
541 2852 757 2922 Protonotarii
770 2853 827 2922 alii
842 2861 920 2922 sunt
934 2852 974 2922 de
985 2873 1123 2921 nomem
1132 2851 1426 2943 participantium,

282 2958 338 3027 alii
353 2981 457 3028 secus.
473 2957 556 3039 Quae
572 2959 734 3029 distinctio
749 2982 808 3027 suo
820 2960 942 3050 pariter
964 2959 1034 3028 loeo
1056 2960 1092 3026 in
1114 2959 1201 3028 dieto
1223 2967 1365 3027 tractatu
1385 2960 1429 3027 il-

283 3067 486 3136 lustrabitur.

807 3293 907 3385 §nn

516 3491 555 3538 An
566 3487 680 3540 Actuarii
693 3491 720 3538 et
733 3488 885 3540 eaneetlarii
897 3487 967 3540 idem
978 3487 1032 3540 sint
1045 3501 1076 3538 ae
1089 3485 1195 3540 Notarii.

328 3691 360 3756 1⁰
375 3687 487 3758 Solent
503 3689 623 3780 passim
638 3712 658 3756 a
671 3687 846 3756 canonistis
861 3709 921 3780 pro
932 3687 1125 3780 synonymis
1143 3687 1295 3758 adbiberi
1314 3697 1427 3757 actua·

283 3797 323 3864 rii
339 3804 371 3862 et
386 3794 570 3864 cancellarii
586 3793 754 3863 vocabula.

328 3935 361 3996 2·
388 3930 468 3997 ltem
494 3929 655 3998 actuarios
678 3951 754 3996 eum
791 3929 925 3998 notariis
959 3929 1166 3999 confundunt
1191 3955 1198 3997 :
1220 3956 1239 3994 α
1267 3930 1430 3998 Dicuntur

287 4063 304 4104 a
327 4059 456 4128 quoque
477 4035 595 4104 notarii
614 4035 767 4116 actuarii,
790 4059 846 4103 seu
870 4036 1017 4126 magistri
1039 4047 1198 4124 aetorum,
1219 4059 1261 4104 ex
1282 4033 1428 4127 eoquod

287 4149 398 4210 «aeta
421 4139 589 4230 judicialia
617 4149 648 4208 et
684 4163 869 4230 processum
906 4141 1082 4211 conficiunt
1104 4153 1136 4210 et
1173 4143 1378 4232 consignant.
1408 4167 1423 4204 ι
1499 4145 1500 4162 ’

285 4247 489 4348 (Leurenius,
505 4249 633 4316 Forum
646 4247 752 4317 eccles.
758 4299 768 4330 ,
785 4248 821 4315 in
841 4248 971 4316 titulum
992 4253 1047 4337 22,
1061 4249 1136 4317 libri
1154 4253 1173 4316 2
1193 4249 1422 4336 Decretalium,
