3032 4976
557 523 632 568 rins
655 523 761 568 enm.
1164 505 1226 570 299

84 641 201 731 ficium
227 643 358 712 obtinet.
375 681 419 696 -
442 643 495 712 Ad
521 663 590 712 rem
615 642 692 712 lucit
716 649 814 734 ceput
833 643 1013 712 Postulosti
1029 643 1096 734 (ll,
1119 644 1168 713 tit.
1193 649 1227 734 2,

86 747 163 818 libri
187 754 207 818 2
234 749 460 841 Decrctnlium)
477 752 512 819 in
532 774 598 843 quo
623 751 668 820 sic
689 749 896 820 Innocentius
909 750 955 819 Ill
974 776 982 818 :
998 751 1145 820 Breviter
1158 775 1225 822 res-

81 855 266 946 pondemus
279 858 369 949 qood
375 881 438 950 per
449 857 660 950 Episcopum,
674 857 710 925 in
725 857 821 949 eujus
847 855 977 928 diecesi
990 855 1138 950 deliquit,
1153 881 1227 930 sen-

87 963 193 1030 tentia
204 963 415 1056 promulqari
426 963 552 1056 potent
570 964 605 1031 in
619 963 770 1032 eumdm
785 962 865 1032 :sed
877 963 920 1033 ob
936 985 972 1033 eo
986 964 1021 1032 in
1036 965 1131 1056 eujus
1147 965 1228 1035 dice-

87 1067 150 1136 cesi
164 1068 353 1160 beneficium
367 1069 502 1152 obtinet,
520 1070 582 1138 erit
603 1068 716 1162 quood
734 1068 820 1138 illud
836 1069 981 1139 executio
999 1069 1164 1161 secietdo.
1182 1071 1229 1144 De

87 1197 187 1244 sensu
200 1187 308 1248 autern
324 1177 412 1246 illius
425 1175 593 1246 decretalis
608 1176 653 1245 sic
667 1176 763 1246 babet
778 1176 936 1268 Pirrhiug
953 1177 998 1268 (in
1013 1177 1065 1248 tit.
1082 1181 1115 1266 2,
1131 1177 1190 1248 lib.
1209 1182 1228 1246 2

86 1281 231 1371 Decret,
247 1307 280 1352 u.
300 1286 352 1376 22)
373 1311 380 1352 :
398 1311 415 1350 s
431 1283 608 1376 Dupliciter
628 1282 815 1374 intelligunt
831 1294 862 1354 et
875 1293 1045 1376 exponunt
1059 1283 1119 1353 hcc
1135 1293 1231 1379 ceput

90 1391 322 1483 «interpretes
347 1418 354 1459 :
380 1391 505 1474 Primo,
528 1390 616 1484 quod
650 1390 829 1483 Episcopus
862 1391 970 1460 delicti
1003 1390 1118 1460 debent
1146 1392 1231 1462 lerre

91 1501 323 1568 «sententiam
350 1507 473 1568 tentum
497 1521 596 1591 super
617 1497 774 1585 erimiue3
802 1495 858 1566 sed
882 1499 1060 1592 Episcopus
1083 1499 1231 1569 beneficii

90 1633 107 1672 c
131 1607 323 1676 sententium
346 1607 556 1700 privatorium
582 1606 743 1676 beneficii.
767 1605 927 1688 Semndo,
945 1607 1034 1698 quod
1052 1607 1232 1701 Episcopus

90 1741 107 1780 c
132 1711 241 1782 delicti
254 1714 367 1784 debeat
383 1714 468 1783 ferre
482 1713 689 1798 sententium,
706 1713 804 1781 etism
819 1736 918 1804 super
933 1713 1115 1804 privatione
1128 1715 1232 1784 bene-

89 1847 107 1886 «
133 1820 218 1900 ficii;
236 1822 293 1890 sed
306 1819 487 1914 Episcopus
502 1819 652 1890 beneficii
668 1842 739 1888 enm
755 1819 939 1889 executioni
955 1820 1111 1890 mandere
1130 1849 1138 1889 :
1156 1843 1231 1915 que

89 1954 106 1993 e
130 1928 289 2021 expositio
298 1928 458 2021 posterior
467 1934 514 1996 est
526 1927 629 2017 magis
641 1926 817 1995 conformis
830 1925 948 1994 littero
960 1934 992 1994 et
1005 1929 1123 1996 textui.
1137 1928 1232 2001 Ratio

91 2062 108 2100 e
132 2044 193 2122 est,
210 2035 287 2127 quie
299 2035 435 2104 clericus
451 2035 643 2126 delinquens
656 2033 691 2100 in
708 2033 813 2102 eliens
828 2032 972 2122 diecesi,
986 2033 1110 2103 ratione
1124 2035 1233 2105 delicti

92 2167 109 2206 e
133 2141 304 2232 subjicitur
316 2141 534 2234 jurisdictioni
549 2139 639 2208 illius
653 2139 803 2230 Episcopi
822 2166 829 2206 :
849 2139 994 2231 adeoque
1016 2149 1119 2231 potest
1138 2142 1180 2210 eb
1194 2164 1232 2211 eo
1266 2159 1271 2172 ·

91 2272 108 2312 c
133 2248 256 2339 puniri,
276 2257 306 2318 et
328 2248 453 2341 privari
479 2246 655 2332 beneflci05
679 2245 748 2315 sive
767 2246 883 2336 (potest
908 2245 1088 2338 Episcopus
1111 2246 1229 2338 delicti)

92 2381 108 2420 c
133 2357 342 2448 promulgare
357 2378 489 2449 poensm
505 2351 699 2447 privationis
713 2351 819 2442 sjure
835 2347 997 2420 decretum
1010 2351 1046 2420 in
1059 2351 1228 2439 eumdem;

91 2463 260 2534 «etiamsi
285 2465 320 2532 in
346 2464 451 2533 cliens
480 2460 610 2530 dioecesi
637 2458 793 2545 resideet3
822 2458 974 2549 quemvis
996 2460 1232 2552 possessionem

91 2594 109 2633 ι
132 2567 283 2638 beneficii
298 2570 328 2638 ei
343 2569 472 2640 auferre
488 2591 553 2638 non
570 2567 687 2660 possit;
703 2564 760 2634 sed
779 2563 876 2632 realis
895 2564 1042 2633 executio
1063 2565 1231 2634 sententise

91 2702 108 2740 s
133 2676 228 2745 debet
248 2676 318 2746 lieri
337 2700 394 2769 per
406 2675 550 2768 judicem
565 2675 617 2743 vel
638 2673 835 2764 Episcopum
851 2671 925 2756 loci,
940 2671 975 2737 in
991 2672 1169 2763 quesitum
1184 2680 1232 2740 est

91 2813 109 2854 c
132 2785 326 2856 beneficium
333 2812 343 2874 ;
360 2795 397 2856 ut
421 2785 586 2876 colligitur
599 2807 640 2852 ex
664 2783 725 2852 boc
743 2782 862 2874 capite3
882 2780 938 2849 ubi
959 2781 1118 2874 Episcopo
1132 2781 1232 2852 bene-

90 2919 108 2956 α
134 2892 200 2960 licii
221 2900 346 2962 tuntum
373 2892 569 2984 relinquitur
589 2899 621 2958 et
641 2897 853 2959 conservatur
876 2889 1025 2958 executio
1049 2889 1230 2978 sententie,

90 3028 108 3066 u
133 3023 200 3069 non
215 3009 320 3070 sutem
336 2999 487 3092 privatio.
504 2998 587 3068 Nem
609 3020 685 3067 eum
703 2996 817 3064 titulus
832 2993 982 3064 beneficii
997 2994 1038 3061 sit
1053 3015 1151 3085 penes
1166 2995 1231 3064 ole-

91 3135 108 3173 n
133 3109 251 3194 ricum,
267 3130 303 3176 sc
320 3107 420 3176 veluti
435 3105 561 3176 ossibus
576 3104 648 3196 ejus
662 3102 819 3172 inherent
837 3119 894 3170 seu
913 3122 1085 3192 personam
1099 3099 1229 3190 afficiat,

89 3245 107 3284 c
132 3224 236 3310 potest
249 3216 353 3309 judex
367 3215 476 3286 delicti
487 3213 639 3285 eumdem
651 3213 781 3304 privare
794 3211 868 3303 jure
884 3209 1047 3298 beneficii,
1060 3210 1112 3280 vel
1123 3210 1232 3302 potius

91 3353 109 3392 s
133 3325 298 3417 privatum
313 3324 477 3394 declarare
495 3349 504 3391 ι
522 3321 600 3414 quie
620 3321 690 3413 ipss
712 3339 851 3411 persons
870 3341 1014 3410 quoque,
1032 3318 1157 3388 ratione
1172 3317 1231 3386 de-

92 3460 110 3498 s
133 3431 216 3518 licti,
239 3439 287 3500 est
312 3433 342 3500 ei
366 3427 692 3522 subjecto,qusn1vis
718 3423 885 3494 actualiter
905 3425 1024 3518 exequi
1044 3447 1109 3494 non
1130 3423 1232 3516 possit

89 3566 108 3605 e
132 3537 327 3608 sententium
341 3538 440 3608 letam
454 3537 489 3606 in
502 3536 622 3621 ileum,
640 3532 693 3604 vel
707 3553 851 3624 poensru,
867 3541 961 3602 extre
984 3554 1080 3602 suum
1103 3531 1231 3602 territo-

90 3673 109 3711 «
132 3645 236 3733 rium3
254 3646 311 3715 sed
324 3643 482 3714 sententis
495 3641 536 3711 de
547 3642 631 3712 lecto
646 3640 830 3711 executioni
846 3638 1055 3709 mandabitur
1067 3660 1125 3731 per
1137 3637 1231 3708 illum

91 3779 108 3818 c
132 3751 340 3843 Episcopum,
357 3751 391 3819 in
406 3749 499 3842 cujus
514 3748 676 3818 territorio
691 3744 887 3816 beneficium
899 3745 999 3815 situm
1013 3754 1074 3816 est.
1090 3771 1107 3810 n

131 3858 262 3928 Rusoni
279 3862 324 3926 5².
342 3896 386 3910 -
400 3860 442 3926 Si
456 3857 544 3927 loeus
558 3857 595 3925 in
618 3877 684 3948 quo
705 3854 894 3945 delinquens
916 3853 1026 3923 existit
1041 3865 1102 3920 out
1116 3851 1231 3945 depre-

84 3965 254 4048 henditur,
272 3978 446 4036 extraneus
465 3966 518 4048 sit,
539 3976 611 4033 tum
624 3962 753 4031 dioeeesi
765 3961 868 4053 ipsius
883 3961 1044 4053 proprie,
1062 3971 1134 4030 tum
1148 3959 1232 4030 dioe-

84 4075 149 4142 cesi
160 4074 196 4142 in
208 4097 274 4165 qua
287 4073 435 4164 deliquit,
446 4071 651 4165 probabilius
663 4093 728 4138 non
735 4081 845 4161 potest
861 4067 1058 4137 Ordinorius
1069 4067 1157 4138 itlius
1170 4069 1233 4138 loci

85 4186 190 4250 Reum
206 4180 363 4272 judicare
388 4204 445 4249 trec
466 4180 598 4272 punire.
617 4217 660 4230 -
674 4179 757 4248 Nam
781 4180 816 4246 in
838 4177 913 4270 jure
936 4176 1090 4246 canonico
1111 4178 1230 4247 mentio

85 4288 219 4382 quidem
242 4287 278 4357 fit
293 4287 334 4360 de
350 4295 491 4381 quatuor
507 4285 612 4358 modis
637 4285 744 4356 iorum
769 4282 927 4356 sortiendi
933 4310 944 4374 ;
967 4282 1090 4355 ratione
1113 4282 1231 4355 scilicet
