3030 4980
305 426 366 492 422
676 445 853 494 macrarus
875 447 913 492 nn
934 445 1067 494 aunrcus.

347 568 472 649 Primo,
488 566 617 638 etiamsi
630 573 779 638 revocata
800 589 866 638 nou
885 567 997 638 fuisset
1016 567 1151 640 insultes
1165 591 1185 638 a
1200 568 1353 660 praedicto
1373 570 1433 638 eri-

302 673 389 746 mine
413 675 547 744 oecultae
572 675 733 755 haereseos
759 674 959 763 absolvendi,
980 698 1080 770 quam
1106 676 1251 768 ipsismet
1272 677 1433 770 Episcopis

300 781 455 852 concessit
469 780 661 852 Tridentino
676 780 829 872 Synodus
842 782 931 873 (sess.
947 785 1003 869 tt,
1017 805 1089 875 cap.
1106 783 1153 874 t),
1163 806 1234 852 eam
1250 793 1357 853 tamen
1372 807 1433 853 nou

300 897 431 982 possent
445 887 595 981 Episcopi
610 885 751 957 Vicariis
766 889 834 958 suis
848 889 1055 978 generalibus
1068 890 1268 960 committere
1281 899 1339 960 aut
1350 891 1434 960 dele·

301 1019 395 1090 gare3
412 997 446 1068 id
464 995 585 1068 scilicet
603 1019 755 1089 expresse
769 995 961 1089 prohibente
984 996 1069 1068 dicta
1090 998 1216 1089 synodo
1235 998 1287 1068 his
1301 999 1433 1068 verbis:

301 1105 391 1179 Idem
407 1118 437 1174 et
452 1105 487 1174 in
501 1104 630 1174 heresis
644 1104 781 1174 crimine
795 1104 830 1174 in
851 1103 962 1176 codem
979 1106 1054 1197 soro
1072 1105 1284 1189 conscientie,
1303 1107 1349 1176 eis
1362 1119 1437 1176 ton-

302 1225 385 1294 tum,
401 1235 467 1282 non
482 1223 593 1284 antem
607 1233 719 1282 eonem
739 1211 886 1294 Vicora'is,
904 1212 947 1282 sit
957 1213 1170 1304 permnsnm.

345 1318 504 1403 Socanda,
516 1317 573 1388 sed
588 1326 770 1390 sevonum
786 1317 886 1390 fuisse
901 1318 1019 1393 dietam
1031 1320 1230 1405 facultatem,
1239 1319 1439 1412 Episcopisa

300 1426 491 1500 Tridentino
510 1425 636 1517 syuodo
651 1447 846 1512 concessam,
865 1424 939 1495 vide
953 1428 1124 1517 probatum
1140 1451 1160 1496 a
1174 1427 1347 1498 Renedhto
1362 1427 1438 1499 XIV

303 1537 354 1630 (de
367 1534 499 1628 Synodo
519 1533 713 1614 ᾰίωοεεωια,
729 1531 813 1604 libro
832 1536 864 1620 9,
881 1554 951 1625 cap.
972 1533 1015 1624 t).

348 1643 464 1727 Tertio,
494 1641 555 1712 sub
585 1640 685 1732 hnjus
713 1640 925 1710 revocationis
951 1639 1160 1732 dispositione
1192 1642 1439 1733 comprehensos

305 1753 402 1822 edam
413 1750 512 1822 fuisse
526 1748 642 1820 Gelliae
657 1749 845 1841 Episcopos,
859 1750 904 1818 ita
919 1758 956 1818 ut
968 1757 1000 1818 et
1011 1747 1073 1842 ipsi
1083 1750 1161 1840 (nou
1174 1749 1376 1820 obstantibus
1389 1773 1439 1820 re·

302 1859 408 1950 gionis
422 1880 490 1928 sum
507 1855 755 1949 particularibus
775 1855 918 1947 juribus)
936 1855 1020 1926 dicta
1036 1855 1185 1927 facultate
1203 1867 1347 1946 careant,
1362 1880 1438 1950 pro-

300 1964 456 2038 belidem
471 1962 664 2034 Benedictus
676 1961 756 2033 XIV
774 1963 882 2054 (citato
896 1962 980 2049 loco,
995 1984 1065 2055 cap.
1085 1962 1130 2052 5).

349 2076 476 2158 Quarto
494 2069 721 2160 :argumentis
740 2067 863 2138 laudati
882 2068 1050 2138 Pontificis
1072 2069 1150 2142 addi
1169 2070 1238 2162 jam
1258 2079 1362 2162 potest
1381 2093 1441 2140 no-

301 2203 393 2265 vum,
418 2201 459 2248 ex
489 2176 691 2246 Concordato
719 2179 799 2246 180¹
833 2174 1073 2267 depromptum.
1102 2177 1187 2248 Cum
1214 2200 1334 2269 nempe
1361 2177 1439 2246 Pius

302 2289 392 2381 Peps
406 2287 469 2358 Vll
484 2307 596 2354 omnes
611 2283 791 2354 Galliarum
806 2283 963 2354 Ecclesiae
981 2285 1111 2376 penitus
1125 2285 1314 2373 extinxerit,
1330 2294 1368 2356 ut
1382 2309 1441 2355 no

303 2419 361 2466 vas
385 2402 508 2464 crearet
531 2402 563 2461 et
591 2392 755 2484 prioribus
783 2392 1003 2480 substitueret,
1025 2393 1081 2484 jus
1108 2394 1303 2484 particulare
1330 2395 1441 2486 priscis

302 2503 367 2572 illis
381 2499 531 2572 Ecclesiis
546 2499 715 2592 proprium
730 2497 971 2591 (quodcumque
987 2499 1116 2568 tandem
1129 2499 1212 2569 illud
1224 2501 1304 2570 olim
1318 2502 1440 2592 inerit),

303 2610 424 2701 pariter
439 2608 603 2676 sublatum
617 2605 678 2675 fuit
693 2613 789 2697 atque
804 2607 994 2676 extinctum.
1006 2606 1102 2676 Unde
1113 2615 1280 2698 nequeunt
1294 2607 1443 2678 hodierni

304 2717 483 2788 Galliarum
501 2712 663 2804 Episcopi,
682 2735 723 2780 ex
738 2711 795 2781 illo
810 2713 978 2804 entiqueto
991 2713 1065 2805 jure
1080 2712 1242 2803 gallicano
1258 2714 1365 2784 ullum
1380 2716 1441 2783 sibi

304 2821 516 2915 privilegium
531 2818 708 2888 vindicare.
728 2819 824 2910 (Vide
848 2818 882 2886 id
905 2819 1077 2910 probatum
1098 2820 1133 2888 in
1160 2843 1231 2890 men
1252 2829 1393 2892 tractatu
1407 2822 1444 2892 dc

305 2927 476 3020 Principiis
489 2927 581 3018 juris
595 2925 765 3016 cononici.)

349 3039 381 3102 2.
398 3034 473 3103 Non
497 3041 599 3125 potest
613 3033 793 3124 Episcopus
807 3031 938 3102 Vicario
960 3057 1019 3102 suo
1039 3056 1104 3102 non
1127 3033 1286 3127 Episcopo
1304 3058 1343 3104 ea
1357 3059 1445 3106 oom-

307 3142 528 3233 mittereque
556 3149 633 3208 sunt
655 3136 778 3207 ordinis
804 3137 1004 3234 episcopalis.
1032 3141 1096 3210 Pro
1116 3141 1210 3232 cujus
1233 3141 1445 3212 declaratione

306 3245 528 3317 adnotandum
548 3253 596 3314 est
619 3245 683 3315 aba
704 3269 773 3315 esse
798 3245 924 3315 ordinis
947 3246 1137 3340 episcopalis
1156 3270 1198 3317 ex
1220 3249 1296 3341 jure
1319 3251 1444 3336 divino,

306 3361 339 3423 et
350 3353 414 3422 alia
429 3375 471 3421 ex
488 3352 562 3443 jure
577 3351 732 3420 humano.
752 3351 799 3419 Ea
816 3374 877 3444 pro
892 3351 1012 3444 quibus
1035 3375 1076 3422 ex
1102 3353 1305 3424 institutione
1323 3355 1447 3426 Christi

308 3693 379 3742 terno
392 3703 401 3739 :
413 3689 445 3739 eb
466 3687 515 3737 hae
535 3685 645 3751 quilibet
665 3686 836 3738 confessarius
854 3687 989 3738 absolvere
1012 3689 1106 3753 potest.
1124 3689 1279 3750 Pertinace
1303 3689 1336 3741 de
1358 3690 1450 3742 haeresi

307 3774 412 3822 externe
426 3766 591 3834 pronuntiate
603 3767 700 3832 absque
714 3781 818 3818 emensa
832 3768 936 3822 interno
948 3785 956 3821 z
968 3769 1031 3834 maia
1048 3769 1074 3820 id
1088 3783 1141 3822 non
1163 3769 1298 3822 constituit
1312 3771 1450 3822 formatem

180 3893 182 3898 .
307 3851 436 3903 heresim.
452 3849 558 3910 Quarto,
572 3847 735 3898 «difficultas
753 3848 829 3899 unice
845 3850 914 3898 circa
926 3863 986 3899 eum
999 3855 1126 3910 versatur,
1140 3851 1184 3915 qui
1197 3851 1304 3902 interius
1314 3851 1377 3902 fidei
1391 3852 1450 3902 arti

307 3933 396 3983 acuto
419 3929 578 3992 dissentitur,
597 3942 723 3992 suumque
743 3929 887 3980 dissensum
908 3931 994 3996 aliquo
1016 3931 1137 3982 exteriori
1157 3932 1235 3997 siguo
1259 3933 1361 3996 pandit,
1387 3934 1449 3996 quin

309 4016 426 4062 stamen
442 4009 543 4060 ideirco
563 4008 640 4060 tuerit
653 4007 685 4058 ad
699 4008 784 4060 torum
800 4009 923 4074 judiciale
938 4011 1100 4062 dedoctus.»
1116 4013 1194 4066 tbcco
1209 4013 1300 4074 citato,
1312 4027 1341 4064 u.
1353 4017 1389 4074 5.)
1401 4016 1450 4064 Ge-

307 4091 417 4146 neratim
428 4093 514 4140 snum
528 4087 655 4140 occultem
668 4087 763 4140 dicitur
776 4090 846 4153 quod
858 4103 937 4156 neque
947 4093 1103 4142 notorietote
1110 4093 1194 4156 juris,
1205 4107 1285 4158 aeque
1297 4095 1450 4142 aotmmtste

306 4170 374 4236 fecti
388 4169 530 4218 meterent.
544 4167 688 4220 Notortstss
697 4166 762 4231 iuris
778 4167 823 4220 itta
834 4172 882 4230 est.
895 4181 954 4232 qun
974 4169 1056 4220 oritur
1067 4183 1101 4219 en
1113 4169 1179 4220 actis
1187 4168 1388 4234 judicialibus:
1401 4182 1448 4220 no.

305 4249 410 4307 toristas
423 4246 493 4311 tacti,
504 4259 564 4311 qun
572 4247 654 4302 oritas
669 4259 703 4301 ex
716 4245 823 4313 pntttco
836 4248 919 4312 fonsa.
