3030 4980
279 457 339 520 att
653 476 829 524 sancrarus
852 477 890 522 na
911 477 1044 522 sualmis.

276 597 387 664 eunias
413 596 586 690 episcopali
608 620 728 667 mensae
751 598 875 667 debitas
899 596 943 689 (id
967 606 1105 690 estquae
1125 597 1257 690 dejure
1276 596 1318 666 ad
1337 596 1419 690 Epi-

275 705 363 796 scopi
389 705 654 774 sustentationem
679 705 768 796 exigi
795 704 942 798 possunt)
970 705 1114 796 recipiat,
1140 713 1359 796 asservatque,
1389 715 1419 772 et

274 820 370 900 prout
378 811 490 904 jussus
502 811 601 880 fuerit
611 813 762 882 exhibeat
773 813 827 882 vel
839 811 1012 904 expendat.
1027 813 1068 881 Et
1083 821 1217 881 vocatur
1227 813 1420 904 episcopalis

274 940 389 986 meua
403 917 632 1009 depositarius.
652 919 756 988 Hodie
770 943 849 988 vero
864 919 974 988 multis
990 920 1024 987 in
1039 919 1116 988 locis
1136 919 1248 988 inutile
1263 919 1348 988 foret
1363 918 1419 988 ai-

272 1024 384 1093 licium
396 1025 571 1117 ejusmodi.

317 1135 347 1200 l.
365 1133 445 1201 Item
461 1133 655 1203 constituere
670 1141 774 1226 potest
790 1134 968 1226 Episcopus
982 1145 1213 1225 computorum
1226 1132 1334 1224 quoad
1348 1133 1420 1200 loca

271 1239 325 1330 pio
336 1239 527 1323 reviserem
544 1240 612 1328 sed,
626 1241 654 1308 si
666 1241 769 1328 malit,
783 1241 980 1310 revisionem
994 1239 1078 1308 hanc
1089 1239 1170 1331 ipse,
1187 1239 1239 1308 sel
1250 1261 1308 1330 per
1319 1237 1420 1308 Vica-

270 1347 359 1416 rium
374 1369 472 1416 suum
485 1348 670 1437 generalem
686 1369 841 1439 peragere
855 1356 970 1440 potest.

320 1459 350 1523 b.
364 1455 545 1523 Baroncelli
557 1463 666 1524 autem
681 1456 837 1542 officium,
850 1455 957 1542 idest,
971 1453 1123 1548 praesidis
1129 1455 1268 1546 [amelia
1277 1465 1421 1522 amata

273 1557 436 1650 Episcopi,
452 1557 521 1650 jam
541 1558 608 1628 lere
628 1558 751 1650 ubique
773 1559 944 1628 obsolevit.
969 1559 1069 1630 Nulla
1090 1559 1210 1628 sedicet
1227 1581 1315 1628 nnnc
1335 1559 1422 1651 Epi-

273 1666 361 1757 scopi
383 1665 507 1733 familia
531 1673 656 1735 armata
680 1673 834 1753 utuntur3
864 1665 921 1735 sed
944 1667 986 1736 ad
1014 1665 1186 1736 efficaciter
1209 1666 1421 1735 obtinendam

273 1773 463 1842 citationum
484 1779 515 1840 et
537 1773 770 1842 sententiarum
792 1797 927 1844 suarum
949 1775 1186 1861 executionem,
1208 1773 1337 1866 supplet
1354 1796 1422 1841 sae-

273 1878 392 1947 cularis
405 1877 543 1964 brachii,
561 1879 596 1946 id
610 1887 670 1966 est,
684 1879 851 1948 saecularis
863 1881 1030 1970 potestatis
1043 1880 1217 1948 auxilium.
1230 1878 1422 1947 Notandum

273 1995 381 2054 autern
397 1986 500 2054 teneri
515 1985 704 2054 saecularem
720 1994 921 2078 potestatem,
939 1987 993 2056 vel
1014 1986 1054 2056 ad
1071 1985 1325 2079 permittendum
1340 1986 1424 2077 Epi-

274 2095 379 2185 scopis
391 2101 427 2160 ut
442 2115 500 2184 per
514 2093 688 2162 nonnullos
704 2093 805 2162 curia
827 2117 895 2162 suae
910 2093 1055 2164 addictos
1067 2093 1229 2188 ejusmodi
1243 2094 1344 2180 viros,
1361 2093 1418 2185 ju-

273 2201 434 2269 diciorum
451 2223 585 2268 suorum
599 2199 723 2268 efficaci
737 2201 921 2270 executioni
938 2202 1120 2290 consulant,
1138 2201 1245 2270 velud
1261 2210 1423 2293 prestan-

275 2308 354 2375 dum
373 2307 488 2375 iisdem
506 2307 541 2373 in
556 2308 643 2375 bunc
659 2306 760 2375 finem
779 2307 907 2380 brachii
922 2309 974 2378 sui
989 2309 1165 2377 auxilium.
1186 2309 1239 2377 Ex
1258 2309 1423 2377 essentiali

274 2417 361 2483 enim
385 2413 534 2482 Ecclesiae
557 2415 785 2482 constitutione
806 2423 929 2483 certum
953 2425 1001 2483 est
1028 2417 1073 2506 (ut
1095 2415 1173 2484 alibi
1197 2415 1423 2505 probavimus)

274 2522 335 2612 ipsi
353 2530 532 2612 competere
551 2521 681 2612 proprie
703 2520 822 2588 dictam
842 2531 873 2590 et
892 2521 1055 2590 efficacem
1072 2522 1259 2614 judicialem
1281 2531 1423 2613 potesta-

275 2639 358 2708 tem;
371 2629 517 2720 hancque
527 2649 593 2696 non
603 2651 662 2720 per
671 2651 759 2696 mere
770 2629 956 2719 spirituales
965 2629 1137 2712 dumtaxat
1146 2651 1257 2722 peenas
1266 2651 1423 2698 exercen-

275 2735 363 2821 dam,
380 2735 435 2802 sed
451 2735 588 2824 pervim
603 2735 701 2802 etiam
716 2735 908 2822 coactivam,
922 2758 979 2804 seu
992 2757 1050 2827 per
1065 2758 1176 2827 paenas
1189 2736 1385 2825 temporales
1393 2745 1425 2802 et

275 2841 469 2932 corporales.
491 2839 587 2908 Unde
607 2840 695 2932 quod
714 2840 819 2910 media
844 2850 937 2910 atate
958 2842 1078 2933 passim
1099 2842 1249 2933 Episcopi
1263 2841 1422 2910 familiam

275 2959 434 3017 armatam
447 2947 632 3035 habuerint,
645 2971 711 3016 non
722 2948 783 3017 luit
793 2949 959 3018 saecularis
972 2951 1136 3041 potestatis
1142 2949 1269 3041 jurium
1280 2950 1421 3017 invasio.

275 3057 493 3147 Quamquam,
525 3056 657 3123 mutatis
684 3055 803 3123 borum
830 3065 1014 3148 temporum
1040 3055 1304 3141 circumstantiis,
1330 3065 1424 3123 extra

276 3163 529 3231 controversiam
550 3170 599 3230 est
613 3161 727 3230 decere
741 3163 847 3252 magis
860 3171 898 3231 ut
918 3162 1015 3231 hocce
1030 3163 1222 3254 praesidium
1238 3185 1257 3228 a
1273 3161 1425 3230 saeculari

275 3279 429 3361 potestate
453 3277 613 3336 mutuent.
637 3268 776 3349 Quando
799 3291 877 3337 vero
901 3278 1011 3360 postea
1031 3291 1157 3360 coepcre
1179 3269 1341 3358 gubernio
1363 3269 1425 3336 boc

276 3377 373 3444 etiam
392 3376 556 3443 secularis
571 3375 696 3444 brachii
716 3375 880 3444 auxilium
899 3376 1067 3469 Episcopis
1083 3397 1244 3463 recusare,
1265 3377 1425 3468 patienter

280 3484 427 3552 toleravit
443 3482 597 3551 Ecclesia.
616 3482 787 3573 Ejusmodi
801 3483 889 3551 enim
900 3483 977 3574 jura
990 3505 1062 3572 sua,
1081 3507 1156 3574 qua
1172 3483 1239 3552 vini
1254 3490 1423 3551 externam

277 3599 309 3658 et
327 3590 503 3658 coactivam
526 3589 714 3680 respiciunt,
734 3612 801 3657 non
816 3589 897 3658 solet
915 3589 977 3658 nisi
993 3589 1034 3656 ab
1048 3591 1135 3658 ultro
1149 3589 1425 3658 consentientibus

278 3707 310 3766 et
328 3697 566 3788 postulantibus
585 3697 716 3788 populis
736 3695 1014 3788 saecularibusque
1033 3695 1243 3787 potestatibus
1260 3705 1422 3787 repetere;

279 3827 318 3872 ne
335 3804 454 3871 scilicet
471 3803 550 3870 alias
565 3802 599 3870 in
618 3803 795 3894 perniciem
815 3804 924 3894 potius
939 3825 1039 3894 quam
1053 3803 1088 3869 in
1105 3803 1277 3871 utilitatem
1293 3803 1425 3871 anima-

280 3935 353 3979 rum
373 3933 441 3979 rem
461 3911 573 3978 cedere
588 3910 768 3999 contingat.
792 3911 879 3978 Dum
903 3932 982 3978 vero
1002 3909 1063 3978 hoc
1082 3909 1343 3978 mansuetudinis
1360 3911 1426 4001 spi·

281 4022 347 4087 ritu
368 4016 511 4086 Ecclesia
529 4027 685 4107 perpetuo
705 4017 848 4105 ducitur,
872 4017 1024 4086 intactam
1047 4039 1152 4108 usque
1174 4025 1283 4086 servat
1298 4017 1424 4108 jurium

278 4147 414 4195 suorum
437 4123 672 4213 integritatem3
694 4125 772 4216 quia
794 4124 883 4216 quod
904 4125 1012 4215 posuit
1027 4124 1178 4193 Christus
1197 4125 1290 4193 nulla
1309 4125 1424 4216 poterit

277 4253 421 4325 unquam
439 4230 582 4299 humana
595 4239 735 4324 potestas
749 4232 944 4302 convellere.
