3046 4962
577 469 651 516 rsns
676 470 779 516 rarus.
1206 445 1242 514 n

153 585 250 678 Ergo,
264 587 383 657 iatsnta
398 589 537 677 Morino,
551 611 646 681 prena
657 589 853 682 paenitentia
866 589 1005 682 publicae
1019 589 1246 682 imponebatur

110 693 202 762 stiam
229 694 353 782 invitis,
376 719 433 764 seu
456 719 527 766 eam
551 697 638 766 ultro
662 719 728 766 non
755 697 958 789 petentibus;
977 697 1045 789 jam
1069 719 1148 766 vcro
1172 698 1247 790 quis

113 801 245 869 aesbmet
261 825 333 870 eam
354 825 485 896 poenam
499 805 540 872 ab
554 805 743 874 auctoritate
758 803 969 873 ecclesiastica
984 803 1048 872 reis
1062 803 1247 896 impositam

111 907 208 978 tuisse
223 909 294 979 sine
317 911 385 980 ullo
405 912 541 1004 judicio,
558 919 590 982 et
615 919 789 1005 artaquam
805 912 979 1004 probatum
995 911 1108 980 inisset
1122 909 1247 980 crimen

111 1016 149 1084 de
162 1039 228 1108 quo
241 1019 497 1088 accusabantur?

152 1122 215 1192 Sed
238 1133 270 1192 et
289 1125 323 1194 S.
343 1127 548 1218 Augustinus
572 1150 631 1198 nos
656 1128 760 1216 docet,
776 1151 846 1198 eam
869 1127 968 1196 tuisse
992 1125 1194 1218 disciptinam
1212 1131 1248 1194 ut

110 1231 219 1301 uultus
233 1241 341 1324 posset
352 1258 371 1303 a
381 1235 609 1304 communione
624 1235 802 1329 prohiberi,
813 1236 877 1305 nisi
887 1243 944 1304 aut
954 1242 1068 1328 sponte
1082 1233 1248 1304 confessus

110 1347 187 1407 osset
201 1361 300 1408 sirum
317 1339 481 1430 delictum,
497 1349 553 1410 aut
564 1341 604 1412 de
616 1365 654 1411 eo
667 1341 842 1436 injudicio
856 1342 1023 1411 convictus
1039 1342 1163 1410 inisset.
1179 1344 1247 1412 Nos

110 1469 191 1528 asro,
203 1447 323 1540 inquit,
337 1449 597 1518 ceommunions
602 1449 779 1542 probibere
789 1473 987 1542 quemquam
998 1471 1064 1518 aon
1076 1470 1248 1542 posssimus

110 1553 272 1645 (qumvis
286 1554 354 1624 baec
368 1556 549 1648 probibitio
564 1557 710 1625 nondum
726 1557 769 1626 sit
783 1557 934 1628 mortalis
947 1555 1003 1625 sed
1016 1555 1246 1644 medicinalis),

108 1661 172 1729 nisi
197 1675 258 1730 aut
282 1673 396 1755 sponte
423 1665 614 1756 consessum,
640 1677 699 1733 aut
723 1665 759 1734 ia
783 1665 895 1756 aliquo
916 1665 982 1733 sive
1003 1663 1165 1746 seculari,
1182 1663 1249 1732 siue

108 1769 318 1839 eclesiastica
335 1770 465 1862 judicio
487 1772 697 1841 nominatum
719 1785 818 1864 atque
840 1773 1033 1841 conuictum.
1051 1771 1133 1852 Quas
1149 1770 1249 1839 verba

109 1877 286 1967 Augustini
300 1877 373 1946 lucc
395 1878 573 1947 meridiana
593 1879 713 1948 clarius
735 1878 910 1948 ostendunt
932 1879 1074 1948 extitisse
1090 1902 1149 1948 suo
1165 1887 1250 1947 tem-

108 2006 185 2075 pore
217 1984 326 2054 iorum
355 1985 507 2055 Ecclesia
535 1987 784 2075 contentiosum,
809 2009 866 2055 seu
887 1985 1013 2078 judicia
1038 1985 1249 2055 ecclesiastica

108 2091 239 2184 proprie
254 2090 351 2160 dicta.

153 2197 202 2266 Ex
223 2198 259 2267 S.
276 2199 434 2290 Gregorio
450 2199 569 2290 Magno
584 2223 700 2289 unum,
718 2202 804 2270 inter
827 2201 1013 2286 innumera,
1028 2199 1248 2269 testimonium

109 2327 310 2394 promamus.
326 2306 405 2375 Haec
419 2307 459 2375 ad
472 2307 666 2376 ianuarium
680 2307 901 2378 calaritanum
914 2307 1109 2399 Episcopum
1126 2306 1249 2374 scrihe-

109 2413 163 2479 hat
176 2411 328 2481 laudatus
342 2414 490 2506 pontiiex
509 2443 516 2483 :
533 2416 629 2486 Nosti
641 2416 779 2484 lotorem
792 2415 1004 2508 presentium
1017 2414 1248 2507 Epiphaniam

104 2517 343 2610 presbyterum,
356 2521 577 2613 quorumdam
592 2521 778 2592 Sardamm
792 2522 910 2590 litteris
923 2522 1139 2590 criminaliter
1152 2543 1248 2590 accu-
1352 2567 1364 2596 ,κ
1475 2489 1510 2614 κ’,

108 2639 230 2696 satum.
257 2629 361 2720 Cujus
383 2653 451 2712 nos,
471 2641 508 2698 ut
527 2631 703 2712 valuimus,
721 2629 923 2698 disctrtientes
938 2651 1084 2710 causam,
1102 2627 1249 2720 nihilque

109 2733 142 2800 in
164 2755 201 2801 ec
221 2733 423 2826 objectorum
441 2738 645 2828 reperientes,
663 2749 702 2805 ut
715 2735 762 2804 ad
775 2736 882 2805 locum
905 2757 1002 2804 suum
1021 2729 1244 2816 reuerteriitir,

108 2841 315 2910 absolvimus.
338 2843 494 2912 Criminis
508 2865 584 2934 erqo
599 2841 643 2934 (id
657 2851 705 2913 ost
724 2843 949 2932 accusationis)
966 2842 1037 2932 ejus
1056 2853 1202 2908 auctores
1217 2851 1248 2905 te

11 2949 12 2970 ¹
109 2948 258 3018 uolumus
279 2951 643 3041 perscrutatusque·
663 2951 722 3043 qui
742 2949 871 3019 casdem
890 2947 1071 3017 transmisit
1097 2944 1248 3037 epistolas

101 3067 246 3145 paratus
264 3055 366 3146 suerit
380 3055 441 3124 boc
461 3055 550 3146 quod
567 3056 686 3148 objecit
700 3055 863 3124 canonicis
878 3066 976 3144 atque
999 3051 1245 3121 districtissimis

105 3162 355 3252 probationibus
377 3163 515 3246 edoces,
532 3163 718 3232 nullatenus
743 3162 791 3232 ad
810 3174 929 3230 sancta
947 3159 1140 3254 mysterium
1154 3181 1247 3227 com-

108 3270 275 3338 munionis
299 3271 442 3340 accedat.
464 3270 694 3363 (Epistularum
714 3269 772 3339 lib.
797 3273 830 3355 t,
847 3267 941 3362 epist.
967 3271 1022 3354 27,
1037 3267 1114 3336 edit.
1142 3265 1249 3334 Bene-

107 3375 319 3464 dictinorum,
337 3385 413 3446 tom.
437 3382 471 3465 2,
488 3400 563 3469 pag.
582 3379 672 3469 706.)

152 3483 375 3554 Traditionem
391 3493 421 3553 et
444 3486 573 3576 praxim
595 3507 654 3553 sex
674 3485 823 3577 priorum
846 3483 1040 3552 seculorum
1055 3481 1246 3574 pandimus3

108 3613 182 3682 quae
198 3611 265 3658 non
281 3591 394 3681 pausis
409 3598 466 3659 aut
480 3590 643 3682 ambiguis
657 3591 781 3684 aliquot
795 3589 1008 3677 documentis,
1024 3590 1080 3658 sed
1097 3595 1162 3656 tota
1178 3609 1248 3655 mo-

108 3705 341 3766 numentorum
356 3721 431 3789 qua
448 3705 674 3767 remanserunt
690 3698 790 3767 veluti
814 3697 910 3785 mole,
928 3697 990 3765 alte
1006 3707 1037 3766 ct
1053 3697 1171 3764 invicte
1187 3695 1248 3762 de·-

108 3811 303 3889 monstrant‚
320 3811 513 3895 perpetuum
528 3805 562 3871 in
578 3803 719 3873 Ecclesia
734 3804 833 3873 fuisse
848 3803 1038 3872 contentiosi
1060 3803 1122 3871 iori
1138 3823 1245 3870 usum.

108 3909 394 4002 Supervacaneum
404 3917 512 3984 autem
525 3920 607 3980 esset
620 3911 875 4004 explorationem
887 3911 928 3979 ad
941 3911 1119 3980 recentiora
1129 3909 1249 3977 saecula

108 4016 313 4108 protrahere;
331 4027 441 4110 utpote
452 4017 492 4086 de
503 4019 623 4112 quibus
635 4041 675 4086 ne
688 4019 822 4086 minima
834 4017 965 4110 quidem
979 4017 1154 4087 difficultas
1168 4016 1248 4085 oriri

108 4131 225 4214 potest,
241 4133 314 4215 post
329 4125 581 4193 demonstratam
596 4125 630 4193 in
650 4132 716 4193 toto
739 4124 935 4218 precedenti
957 4147 1029 4193 sevo
1048 4123 1166 4193 dictam
1187 4125 1249 4193 fori

109 4231 300 4300 contentiosi
315 4230 532 4326 disciplinam.
544 4231 585 4302 Et
599 4232 794 4328 ceteroquin
810 4232 836 4302 si
853 4231 904 4304 vel
920 4230 1075 4328 tantisper
1090 4231 1250 4304 collectio-
