3030 4980
288 457 350 522 434
660 477 836 526 rmcrsras
858 479 895 524 nr
918 477 1051 525 runicus.

288 625 306 663 a
328 605 364 667 ut
377 595 431 667 det
447 597 496 666 iili
506 598 676 690 specialem
688 598 729 666 ad
744 599 804 668 hoc
822 599 1006 668 facultatem
1027 599 1214 692 inscriptis.
1240 625 1256 664 u
1284 599 1431 688 (Leuce-

282 706 369 789 niuS,
385 704 455 773 loco
470 705 590 795 citato.)

325 815 425 883 Nota.
441 813 593 882 visitatio
608 812 753 882 diocesis
766 822 815 882 est
829 825 916 883 certo
931 813 972 883 de
987 813 1052 894 his,
1067 837 1142 906 quae
1158 815 1270 904 nequit
1287 814 1433 905 explere

280 919 430 990 Vicarius
443 919 604 1009 generalis
620 921 743 1012 absque
758 921 888 1012 speciali
908 920 1079 1006 mandato3
1094 922 1172 1014 quia
1193 921 1233 988 ob
1249 921 1295 988 rei
1308 923 1435 1010 gravi-

278 1036 389 1116 tatem,
409 1051 475 1096 non
495 1036 643 1097 censetur
661 1030 841 1122 Episcopus
862 1052 933 1098 cam
955 1028 1132 1100 concedere
1154 1052 1213 1120 par
1236 1029 1432 1118 generalem

277 1137 452 1205 vicariatus
466 1137 740 1204 commissionem.

319 1243 463 1323 Qansmo
489 1245 557 1309 23².
581 1281 626 1294 -
644 1244 692 1310 Aa
713 1242 816 1334 possit
834 1242 956 1333 absque
977 1241 1113 1334 speciali
1136 1241 1306 1323 mandata,
1334 1243 1435 1311 circa

274 1371 468 1418 concursum
477 1372 539 1442 pro
547 1350 795 1441 parochialibus
806 1349 941 1420 ecclesiis
953 1350 1156 1430 vacantibus,
1172 1349 1332 1440 alfaeus,
1350 1373 1435 1440 quar

269 1469 376 1549 potest
391 1457 649 1549 Episcopusl—
663 1483 681 1522 a
695 1456 888 1550 Respondeo
907 1461 957 1525 1⁰:
976 1465 1080 1548 potest
1095 1457 1248 1528 Vicariua
1263 1479 1303 1524 ex
1316 1479 1433 1546 gene-

277 1590 295 1631 a
318 1565 379 1633 rali
392 1564 618 1633 commissione
634 1565 820 1651 vicariatus,
848 1565 918 1632 sina
940 1562 1071 1656 speciali
1090 1563 1255 1649 mandato,
1276 1585 1433 1634 concur-

276 1697 294 1738 «
316 1695 390 1740 sum
406 1671 561 1759 indicere,
579 1694 759 1763 proponere
771 1672 886 1759 edicta,
901 1693 1126 1763 eumquecum
1142 1673 1433 1741 examinatoribus

276 1779 489 1867 «celebrare,
514 1802 551 1846 ec
580 1779 759 1848 successive
795 1802 837 1848 ex
869 1778 1056 1870 approbatis
1078 1777 1198 1866 eligere
1220 1777 1428 1868 digniorem.

275 1913 291 1950 a
313 1887 518 1974 Regulariter
533 1885 621 1953 enim
636 1886 902 1977 potestVicarius
918 1907 958 1953 ex
972 1883 1114 1974 generali
1125 1885 1371 1970 commissione,
1392 1911 1433 1955 ea

273 2017 290 2058 a
309 2013 383 2082 quea
400 2000 475 2058 sunt
484 1990 734 2082 jurisdictionis,
750 1991 812 2058 nisi
830 1990 1018 2083 specialiter
1035 1990 1252 2082 excipiantur,
1276 1991 1433 2081 qualiter

274 2125 290 2163 a
314 2121 380 2168 non
396 2099 557 2191 excipitur
571 2120 760 2166 concursus.
776 2098 888 2188 Neque
904 2098 955 2166 his
970 2098 1099 2166 obstant
1119 2097 1220 2166 verba
1235 2097 1433 2168 Tridentini

275 2233 291 2270 a
319 2207 407 2297 (sess.
424 2210 478 2292 24,
488 2229 517 2272 o.
534 2208 600 2295 18),
611 2205 653 2274 al
663 2204 837 2297 Episcopo,
850 2227 907 2272 scu
918 2227 954 2272 ea
967 2203 1135 2296 impedito,
1147 2204 1191 2272 ab
1203 2206 1276 2295 ejus
1290 2205 1430 2274 Vicario

274 2339 290 2378 c
313 2312 469 2404 pancrati,
495 2323 570 2400 etc,
592 2312 715 2404 quibus
739 2312 821 2380 velle
844 2311 977 2380 videtur
999 2311 1186 2396 concilium,
1213 2313 1256 2379 ita
1282 2311 1430 2382 demum

273 2447 289 2485 a
313 2443 406 2512 posse
421 2419 589 2488 Vicarium
609 2419 771 2487 celebrare
787 2441 923 2488 examen
937 2441 995 2510 per
1010 2441 1219 2502 concursum,
1235 2419 1262 2486 si
1283 2419 1429 2510 Episco-

273 2555 289 2592 «
312 2550 375 2618 pas
387 2527 428 2594 sit
439 2525 626 2617 impeditus.
639 2525 1199 2617 Respondetnamqcharcias...et
1210 2525 1427 2612 Barbosa...,

272 2663 289 2700 a
313 2657 370 2725 per
385 2633 441 2700 illa
455 2633 634 2702 verbanno
651 2632 731 2720 tolli,
747 2633 828 2724 quin
844 2655 953 2700 coram
968 2634 1102 2702 Vinaria
1123 2633 1224 2723 possit
1245 2633 1317 2700 fieri
1337 2657 1429 2704 exa-

272 2769 288 2806 a
313 2763 400 2826 men,
417 2740 515 2808 etiam
528 2740 688 2831 Episcopo
700 2763 766 2808 non
781 2739 937 2831 impedito
955 2766 965 2826 3
979 2741 1034 2810 sed
1050 2744 1154 2832 posita
1169 2763 1238 2810 csse
1259 2739 1301 2808 ad
1313 2740 1428 2811 deno-

271 2877 287 2914 «
313 2848 463 2933 tandum,
486 2847 660 2916 convenire
686 2855 722 2915 ut
746 2848 787 2914 ab
811 2847 881 2938 ipso
904 2847 1074 2940 Episcopo,
1103 2856 1246 2917 cessante
1275 2847 1427 2938 impedi-

270 2984 286 3022 a
312 2964 431 3041 mento,
455 2953 511 3021 fiat
534 2976 682 3021 examen.
712 2953 831 3045 Nequit
858 2963 1008 3024 amena
1034 2955 1167 3025 Vicario
1192 2955 1261 3024 sine
1284 2957 1426 3047 speciali

271 3089 288 3130 a
312 3063 464 3132 mandato
481 3061 551 3129 fieri
565 3062 636 3152 ipsa
650 3060 778 3130 collatio
792 3062 985 3152 parochialis
1007 3063 1151 3133 indicato
1170 3073 1202 3130 et
1223 3062 1324 3131 electo
1345 3085 1426 3132 ma·

272 3197 289 3236 a
312 3172 361 3261 gis
377 3170 506 3236 idoneo.
526 3193 543 3232 u

315 3304 332 3342 c
344 3274 536 3366 Respondeo
551 3279 585 3342 2⁰
603 3273 820 3365 :praesidente
836 3276 870 3342 in
886 3297 1047 3345 concursu
1062 3275 1223 3367 Episcopo
1235 3297 1313 3343 cum
1333 3299 1424 3346 exa-

270 3412 287 3449 a
311 3380 537 3468 minatoribus,
555 3391 592 3448 ut
612 3381 807 3449 interveniet
827 3383 924 3450 etiam
944 3382 1099 3453 Vicarius
1124 3382 1301 3472 generalis,
1321 3381 1423 3476 isque

269 3517 286 3557 a
309 3491 406 3559 etiam
420 3489 610 3576 interroget,
628 3488 750 3579 absque
773 3496 881 3556 tamen
902 3497 990 3576 vato,
1013 3497 1172 3581 tanquam
1195 3511 1337 3558 assessor
1361 3515 1423 3559 so-

270 3625 286 3664 a
309 3597 378 3666 lam
392 3617 451 3664 seu
464 3594 617 3662 assistens
633 3595 806 3687 Episcopo,
823 3595 863 3664 de
878 3596 975 3685 praxi
989 3598 1156 3664 communi
1169 3605 1335 3689 receptum
1351 3609 1416 3666 est.

269 3731 286 3770 a
312 3701 502 3794 (Cardinalis
517 3701 557 3768 de
572 3701 673 3787 Luca,
688 3699 727 3768 dc
742 3701 898 3782 Parock„
917 3701 1067 3770 discursu
1084 3706 1138 3787 37,
1155 3726 1188 3772 a.
1210 3706 1264 3782 13;
1285 3701 1419 3790 Pigne-

270 3811 391 3897 «telli,
424 3817 502 3876 tom.
532 3811 562 3894 1,
590 3807 727 3875 consult.
753 3809 882 3898 liliis
911 3809 960 3876 Ita
987 3809 1169 3878 Leurenius
1195 3808 1248 3898 (de
1277 3809 1417 3878 Vicariis

265 3919 390 4008 Episc,
406 3939 435 3983 c.
456 3918 488 4000 3,
502 3938 535 4007 q.
558 3913 648 4005 169).

309 4026 452 4105 Qunsrro
466 4027 534 4090 24².
547 4061 591 4074 -
605 4025 698 4093 Num
712 4023 834 4115 absque
845 4023 978 4115 speciali
994 4023 1153 4094 mandato
1167 4025 1268 4115 possit
1291 4027 1419 4115 confir-

265 4154 358 4201 mare
367 4141 497 4198 statuta
508 4129 665 4221 capituli·
679 4141 709 4196 ct
718 4153 801 4198 aum
814 4131 881 4199 loco
892 4131 1047 4222 Episcopi
1056 4154 1246 4200 carmenum
1252 4145 1419 4222 prestare

262 4238 395 4314 statutis
408 4237 671 4330 capitularibus?
686 4277 730 4290 -
744 4239 959 4306 Communius
976 4247 1084 4306 tenent
1099 4240 1275 4309 canonistas
1297 4239 1329 4308 id
1347 4265 1416 4310 uon
