3032 4976
575 527 651 574 raas
672 523 779 574 rama.
1183 509 1244 575 tut

100 671 120 714 e
146 646 252 717 litatis
269 646 421 741 danique,
441 645 573 741 quando
594 657 732 740 negatur
747 647 857 742 aliqua
870 649 1009 742 qualitas
1024 651 1058 718 in
1072 650 1216 741 subjecto
1235 680 1242 720 :

100 781 120 820 a
145 777 223 848 quar
238 755 377 848 duplicis
390 755 520 846 generis
535 773 604 824 esse
619 763 725 848 potest
742 782 750 823 ε
767 777 846 825 nam
857 755 977 850 aliquae
990 757 1104 826 insunt
1118 755 1247 826 homini

100 887 120 927 u
145 861 368 930 communiter
390 873 421 930 et
442 861 634 932 naturaliter
654 859 758 954 (verbi
772 861 889 952 gratia,
912 863 1055 956 aliquem
1070 885 1139 933 esse
1154 887 1247 932 oom-

100 995 119 1034 ι
146 979 257 1061 potem
274 970 404 1057 mentis,
420 970 575 1062 probum,
593 970 688 1060 eta.);
703 969 777 1038 alias
792 970 900 1041 solum
915 971 1028 1041 insunt
1041 970 1247 1041 accidentali-

100 1103 120 1142 a
144 1084 195 1144 ter
209 1083 241 1145 et
254 1098 320 1146 uon
335 1077 557 1146 communiter
578 1077 682 1169 (verbi
697 1077 814 1168 gratia,
831 1076 976 1171 aliquem
995 1101 1064 1148 esse
1079 1078 1246 1149 doctorem

99 1209 121 1250 a
144 1183 332 1274 theologiae,
348 1185 436 1276 stol.
455 1211 471 1250 r
491 1183 554 1254 His
567 1184 758 1276 suppositis,

150 1317 167 1357 a
193 1292 330 1360 Certum
349 1303 395 1360 est
422 1295 467 1378 1·,
495 1292 525 1359 si
547 1291 724 1383 propositio
749 1292 791 1360 sit
812 1293 966 1383 negativa
987 1293 1150 1387 qualitatis
1172 1317 1246 1386 quae

100 1425 120 1464 a
144 1398 366 1468 communiter
386 1407 418 1469 et
438 1398 629 1468 naturaliter
649 1398 733 1468 inest
752 1399 918 1482 omuibus,
943 1425 1016 1470 eam
1038 1401 1169 1495 probari
1188 1401 1247 1472 tle-

100 1533 119 1571 a
142 1505 222 1574 bere
244 1527 264 1573 a
284 1513 424 1596 negante
444 1505 536 1574 illam
560 1505 793 1598 qualitatem...
818 1505 916 1576 Ratio
938 1515 986 1576 est
1008 1511 1086 1601 quis
1106 1509 1245 1601 qualitas

100 1640 120 1680 a
144 1635 221 1705 quaa
241 1613 463 1682 communiter
485 1620 517 1681 et
539 1613 732 1682 naturaliter
747 1613 831 1683 inest
853 1613 993 1704 homini,
1016 1615 1127 1685 adesse
1140 1618 1245 1708 ajuro

100 1747 120 1786 a
145 1741 275 1812 semper
286 1720 513 1812 praesumitur.

149 1829 226 1898 «at
247 1827 274 1896 si
294 1835 432 1918 uagetur
456 1827 607 1922 qualitas,
631 1851 706 1922 quse
727 1829 834 1898 solum
858 1829 1100 1900 reoidentaliter
1123 1837 1155 1900 et
1180 1855 1245 1902 nou

101 1963 121 2003 α
144 1936 366 2006 cummuniter
388 1937 484 2024 inest,
507 1934 775 2026 distinguendum
799 1945 858 2020 est,
881 1960 924 2005 an
938 1945 1055 2027 agatur
1077 1934 1117 2008 de
1137 1938 1246 2032 aliquo

100 2069 120 2109 u
144 2041 370 2134 promovendo
385 2043 438 2112 vel
453 2041 656 2113 admittendo
667 2042 707 2112 ud
722 2042 928 2134 dignitatem,
944 2042 1154 2132 beneficium,
1167 2053 1244 2132 eto,

100 2175 120 2215 u
143 2150 179 2216 in
194 2169 261 2241 quo
274 2148 413 2242 qualitas
435 2149 491 2218 illa
504 2149 701 2242 requiritur3
719 2171 762 2218 an
777 2170 856 2219 varo
871 2148 911 2219 de
929 2172 980 2238 eo,
998 2147 1056 2241 qui
1074 2158 1246 2241 promotus

100 2281 119 2323 a
143 2255 196 2324 vel
206 2255 371 2325 admissus
381 2263 442 2345 est,
457 2255 499 2325 ob
512 2258 691 2325 carentiam
703 2255 806 2348 ipsius
817 2253 1029 2326 removendo.
1044 2256 1245 2348 Siprimum

100 2389 119 2430 o
143 2361 342 2432 affirmativa
366 2363 546 2456 propositio
569 2363 737 2456 probanda
760 2374 808 2432 est
828 2363 871 2432 ab
890 2362 1052 2454 allegante
1069 2364 1131 2454 (l);
1161 2371 1193 2432 et
1216 2365 1246 2433 si

98 2497 118 2537 a
141 2493 208 2540 non
223 2471 392 2562 probetur,
409 2492 476 2540 uon
490 2471 707 2562 presumitur
720 2469 872 2539 adosse...
895 2471 937 2539 Si
951 2469 1142 2554 seeundum,
1161 2493 1245 2540 onus

98 2577 302 2671 «probandi
328 2577 492 2648 delectum
519 2577 592 2648 talis
614 2577 777 2671 qualitatis
803 2577 935 2668 neganti
959 2578 1139 2665 incumbit3
1166 2601 1244 2648 oum

98 2713 116 2751 r
140 2685 348 2756 adversarius
360 2685 431 2777 ejus
444 2707 503 2778 per
516 2684 754 2777 possessiouem
767 2684 927 2773 muneris,
942 2685 1031 2775 quud
1046 2685 1146 2754 talem
1161 2708 1243 2777 qua·

98 2821 117 2860 a
139 2794 265 2863 litatem
295 2793 445 2886 requirit,
485 2792 700 2862 constituatur
728 2791 826 2860 etiam
857 2791 892 2860 in
917 2793 1010 2884 quasi
1043 2793 1242 2885 possessione

97 2927 115 2966 u
140 2900 245 2992 ipsius
258 2900 435 2991 qualitatis.

144 3009 314 3077 «Certum
335 3019 382 3076 est
398 3011 443 3094 2⁶,
464 3006 491 3075 si
511 3005 688 3098 propositio
703 3005 744 3074 sit
763 3005 915 3096 negativa
930 3005 1027 3098 juris,
1050 3013 1082 3074 et
1103 3005 1135 3074 id
1152 3007 1240 3099 quod

98 3143 115 3180 a
139 3122 280 3205 negatur
300 3113 341 3182 sit
360 3113 400 3182 de
415 3113 786 3206 qenerepermissorum,
806 3135 879 3182 eam
890 3112 1149 3205 propositionem
1161 3137 1239 3206 pro·

97 3249 114 3288 a
138 3217 284 3289 bandum
297 3243 317 3288 a
332 3229 470 3310 negante
493 3219 576 3310 (lege
592 3217 639 3288 Ab
655 3241 694 3287 eo
703 3231 813 3310 purte,
838 3217 873 3286 ll.
896 3219 936 3287 de
955 3217 1238 3312 Probationitos);

96 3355 113 3394 a
138 3327 218 3420 quia
240 3327 351 3396 omnia
373 3329 624 3419 praesumuntur
643 3325 683 3394 da
698 3327 773 3417 jure
786 3325 876 3394 licita
890 3347 972 3415 asse,
993 3326 1057 3393 uisi
1075 3325 1240 3418 prohibita

96 3463 112 3500 a
137 3457 210 3504 esse
228 3435 419 3527 probentur.
442 3437 487 3502 At
504 3433 636 3525 quaudo
651 3441 813 3524 negantur
826 3453 864 3501 ea
879 3453 954 3525 quae
973 3439 1051 3500 sunt
1066 3431 1106 3500 de
1124 3453 1240 3524 perere

96 3569 113 3608 a
135 3541 384 3634 prohibitorum
396 3541 552 3633 (exempli
564 3542 680 3632 gratia,
698 3538 830 3633 quando
844 3549 983 3630 negatur
995 3537 1165 3608 hominem
1178 3541 1239 3610 ali—

97 3677 114 3716 «
138 3671 239 3742 quem
251 3650 326 3742 jure
337 3649 443 3717 occidi
459 3649 628 3740 potuisse),
642 3669 709 3716 nou
723 3668 846 3737 negans
857 3669 951 3716 suam
965 3647 1165 3736 negativam,
1182 3647 1238 3716 sed

97 3783 114 3820 a
138 3755 307 3825 affirmans
323 3755 557 3824 affirmativam
574 3755 711 3847 probare
726 3753 831 3822 debet.
845 3753 931 3822 Nam
944 3753 977 3821 iu
992 3753 1128 3822 materia
1143 3775 1237 3822 eom-

98 3891 117 3929 «
141 3865 286 3932 munitor
306 3863 469 3954 prohibita
489 3861 653 3930 observari
676 3860 924 3952 debetregula:
947 3859 1044 3945 Quod
1055 3883 1237 3931 conoessum

100 3997 117 4034 a
139 3993 203 4039 uun
215 3969 388 4062 reperitur,
407 3991 443 4038 eo
458 3970 528 4060 apto
535 3967 746 4061 prohibitum
758 3969 877 4036 cereserr'
889 3965 991 4037 debet.

143 4104 160 4144 o
175 4078 405 4147 Controversia
418 4075 525 4145 solum
541 4084 589 4144 est
604 4075 644 4143 de
660 4075 879 4166 propositione
894 4076 1048 4166 nepetino
1060 4079 1154 4168 facti.
1172 4080 1237 4150 Sed

128 4325 160 4384 tl)
173 4323 201 4372 ld
215 4325 266 4384 ast,
277 4323 321 4387 qul
337 4323 431 4386 allegat
444 4335 470 4370 so
483 4321 631 4386 requisitam
645 4320 793 4386 qualitatem
804 4319 908 4382 habore,
923 4319 974 4369 hoo
984 4321 1096 4384 probare
1108 4321 1193 4373 debat.
