3046 4962
567 535 641 584 rsus
663 535 769 584 enm.
1192 519 1233 584 35

97 660 157 750 qui
171 660 279 728 alieno
297 657 378 728 bono
397 673 575 752 oriqnntur,
592 659 651 751 qui
674 658 819 728 aliorum
843 658 942 727 malis
963 657 1176 743 delectantur,
1192 685 1233 731 ne

93 767 192 858 fidem
206 767 251 834 cis
265 767 413 836 tanaus
429 794 440 833 :
454 767 533 858 quin
542 767 655 858 potitis
669 766 835 834 obseruate
849 787 900 834 cos
915 789 989 835 cum
1003 765 1085 858 quid
1095 768 1139 836 ab
1154 769 1232 860 ipsis

95 889 207 958 contra
225 877 347 966 fratres
368 873 509 956 auditis,·
524 874 604 966 quio
626 893 733 940 necem
750 895 814 964 pro
830 873 934 941 nihilo
954 873 1097 956 labeum
1122 887 1153 942 ct
1176 876 1234 945 uli

94 1005 186 1050 nemo
215 981 400 1072 ucspicatur
420 992 633 1072 prosternunt
660 979 839 1048 hominem.
870 982 916 1047 Tu
941 979 1044 1070 iqitur
1066 981 1232 1051 considera

94 1113 164 1157 eum
184 1089 244 1181 qui
258 1101 427 1157 accusatus
446 1098 504 1169 est,
520 1087 684 1180 sapienter
699 1085 964 1156 animadvertens
988 1107 1061 1178 quae
1076 1089 1148 1178 ejus
1162 1089 1232 1158 vita

93 1197 133 1263 sit
147 1209 178 1263 et
193 1195 319 1288 qualis,-
335 1195 414 1264 etsi
435 1195 589 1286 repereris
608 1205 830 1262 accusatorem
849 1193 954 1262 dicere
979 1215 1103 1276 vuum,
1118 1196 1175 1284 sac
1193 1209 1233 1265 ut
1301 1199 1302 1202 ’

93 1303 251 1371 Dominus
268 1300 458 1392 sonuimus
479 1323 543 1370 esse
563 1300 673 1370 domit
686 1327 698 1367 .·
710 1301 843 1370 conveni
865 1313 1055 1369 accusatum
1075 1323 1230 1386 seorsum,

93 1422 122 1476 et
139 1431 245 1502 arque
262 1431 337 1477 eum
356 1409 484 1476 nemine
500 1419 728 1499 presentent
750 1429 825 1476 eum
842 1408 1004 1498 peniteat
1021 1433 1032 1475 .·
1046 1407 1096 1476 sin
1120 1423 1231 1482 autem

92 1537 156 1584 non
175 1515 344 1608 panterit,
367 1513 516 1583 adltilito
541 1537 607 1583 uno
632 1525 693 1582 aut
720 1513 835 1596 altero,
854 1513 963 1583 indica
989 1514 1020 1582 ei
1043 1527 1230 1584 erratum...

92 1623 153 1690 Sin
182 1621 305 1714 aliquis
337 1621 439 1690 durus
472 1619 716 1714 obstinatusque
743 1621 816 1702 crit,
849 1619 900 1690 dic
928 1620 1080 1690 Ecclesia
1107 1649 1118 1689 .·
1147 1624 1234 1692 nanc

90 1731 117 1795 si
141 1729 382 1820 contempserit,
408 1749 509 1820 neque
533 1727 649 1797 audire
675 1727 826 1810 volucrit,
850 1727 893 1796 sit
924 1727 985 1796 tibi
1014 1741 1053 1796 ut
1087 1729 1233 1800 etlmicus

91 1849 119 1902 et
140 1835 352 1927 publicanus,
379 1847 410 1904 ct
436 1857 477 1903 ne
510 1858 585 1903 eum
608 1834 655 1904 ad
680 1833 860 1903 Ecclesiam
889 1846 1051 1926 tanquam
1080 1836 1233 1908 clertstia-

89 1967 171 2012 num
185 1943 357 2026 admittas,
374 1943 477 2012 immo
499 1955 660 2035 tanquam
678 1941 893 2034 publicanum
912 1940 1021 2012 devita
1034 1943 1071 2034 (1.
1091 1947 1124 2032 2,
1142 1968 1170 2014 c.
1191 1949 1230 2014 37

89 2061 118 2120 et
134 2051 204 2143 38).

135 2157 274 2245 Quodsi
288 2157 409 2228 delatio
422 2159 509 2249 salsa
522 2157 576 2240 sit,
592 2171 624 2227 et
643 2181 698 2227 vos
714 2172 864 2251 pastores
879 2181 954 2227 cum
975 2156 1123 2228 diaconis
1140 2183 1234 2230 men·

89 2267 223 2336 daciam
251 2279 413 2358 tanquam
440 2265 613 2334 ueritatem
647 2266 794 2357 amplexi
818 2267 948 2357 ficeritis
966 2316 1019 2350 ...,
1050 2277 1149 2358 atque
1184 2269 1233 2338 ita

90 2387 281 2445 accusamm
301 2373 444 2466 quidem,
460 2373 551 2444 seda
571 2373 708 2442 crimine
722 2373 868 2442 alienum
884 2396 925 2441 ea
938 2372 1083 2442 Ecclesia
1098 2377 1233 2467 expule-

88 2482 172 2564 ritis,
191 2482 356 2549 rotionem
376 2479 515 2550 reddetis
530 2481 564 2547 in
577 2478 630 2549 die
645 2480 819 2548 Domini...
835 2482 927 2570 Erqo
942 2479 972 2547 si
991 2479 1232 2574 obsqueperso·

87 2611 210 2658 narum
223 2589 406 2680 acceptione
412 2586 655 2680 judicaveritis,
674 2586 866 2678 coquoscctis
881 2607 956 2655 eum
972 2587 1031 2678 qui
1039 2589 1233 2678 prozimum

88 2719 185 2764 suum
197 2719 260 2787 per
274 2695 477 2764 calumniam
498 2693 663 2764 mendacis
683 2693 861 2762 testimonii
881 2694 1057 2776 accccsaoit,
1076 2708 1106 2764 ct
1121 2708 1232 2766 osten-

88 2803 170 2872 detis
192 2825 268 2872 eum
295 2826 358 2871 esse
384 2803 669 2883 calumniatorem,
685 2801 848 2885 invidum,
870 2801 1119 2894 interjectorun,
1138 2803 1232 2875 dictis

8 2971 9 2982 ,
87 2913 153 2978 suis
174 2911 392 2992 contrarium,
411 2921 442 2978 et
468 2910 534 2977 oris
560 2909 612 2977 sui
634 2907 738 2978 verbis
759 2921 935 3000 captum...
957 2911 1061 2992 Quem
1076 2922 1124 2994 tu,
1136 2927 1231 3004 post·

88 3039 189 3110 quam
209 3018 341 3109 falsitas
357 3017 536 3086 testimonii
553 3017 625 3108 ejus
640 3015 787 3083 convicta
798 3017 912 3106 fiterit,
924 3013 1045 3106 judica
1067 3017 1182 3108 riqide,
1200 3034 1231 3089 et

86 3123 199 3222 qladio
220 3125 304 3215 iqnis
324 3124 427 3207 trade,
444 3125 561 3215 facque
581 3123 611 3190 ei
632 3120 721 3213 quod
738 3123 807 3213 ipse
827 3121 983 3216 proaimo
1002 3145 1062 3191 suo
1079 3124 1231 3194 scelerate

88 3231 297 3298 machmatus
311 3242 357 3298 est
373 3231 405 3321 (l.
425 3233 457 3317 2,
474 3253 503 3298 c.
523 3229 591 3321 42).
610 3232 725 3320 ltaque
747 3229 828 3319 ejice
843 3251 918 3298 eum
934 3251 974 3298 ec
992 3230 1136 3299 Ecclesia
1152 3246 1231 3302 tan-

87 3361 188 3430 quam
211 3339 329 3429 jratris
357 3339 593 3429 interfectorem
620 3334 768 3404 :deinde
790 3337 964 3405 interuallo
994 3340 1150 3429 temporis
1179 3342 1229 3409 in-

87 3448 232 3536 terjecto,
248 3445 416 3532 sidiaerit
436 3445 593 3538 poenitere
612 3467 655 3526 se,
669 3443 811 3538 premite
826 3466 901 3513 eum
916 3443 1101 3535 jejuniis...
1118 3447 1226 3539 (ibid,

85 3577 154 3646 cap.
176 3553 244 3644 ⁴3).
264 3557 313 3624 Ne
335 3555 438 3645 iqitur
452 3553 697 3644 disceptationes
722 3564 845 3619 vestras
869 3551 1002 3643 qmtiles
1022 3570 1224 3646 coquoscont,

85 3685 187 3752 neque
202 3660 249 3728 ad
260 3659 434 3730 dicundum
449 3673 562 3728 contra
577 3681 632 3728 oos
647 3659 870 3727 testimonium
885 3658 1117 3744 adhibeantur,
1128 3685 1228 3753 ucque

84 3769 125 3835 ab
149 3769 195 3836 eis
215 3766 456 3859 judicemini...
484 3768 524 3835 Si
549 3789 623 3834 vero
644 3767 766 3857 [ratres
789 3765 965 3834 habuerint
989 3765 1120 3858 aliquid
1142 3769 1227 3838 alius

83 3875 238 3944 moerucs
260 3875 364 3945 alium
378 3925 432 3958 ...,
445 3875 504 3966 qui
524 3875 687 3943 conuictus
706 3873 819 3965 fuerit,
836 3872 1041 3964 objurqctur,
1059 3875 1224 3966 ejiciatur,

83 3996 113 4051 ct
121 4005 243 4076 poenus
254 3981 324 4051 odii
333 3983 476 4073 fraterni
489 3983 561 4051 luat
567 4007 581 4065 ,·
597 3981 712 4050 deinde
730 3981 760 4048 si
777 4001 852 4048 eum
869 3981 1000 4072 peccati
1017 3983 1224 4072 poenituerit,

82 4091 284 4181 recipiatur,·
313 4104 411 4184 atquc
438 4090 487 4158 ita
515 4089 669 4180 costiqati
696 4088 845 4156 tribunal
869 4099 1012 4156 oestrum
1040 4089 1228 4163 admodum

82 4197 193 4286 (ibid,
209 4221 240 4266 c.
258 4197 327 4287 46).
350 4200 447 4266 Fiant
467 4195 601 4288 judicia
621 4208 728 4264 vestra
751 4193 890 4263 secunda
911 4194 1009 4284 seria,
1026 4208 1064 4264 ut
1078 4197 1108 4265 si
1124 4202 1226 4290 ficerit

81 4303 255 4374 discessm
269 4327 291 4372 a
304 4305 475 4388 sententia,
486 4303 618 4396 possitis
639 4303 737 4371 libere
755 4323 856 4392 usque
870 4299 917 4368 ad
927 4302 1102 4373 sabbatum
1116 4308 1229 4378 sedare
