3030 4980
542 511 617 558 raas
640 511 783 559 sacerna.
1167 491 1228 554 505

135 629 287 700 Diximus
312 631 346 699 iu
367 632 450 702 thesi
470 633 666 726 repuleriter
682 662 692 700 :
708 634 785 725 quia
805 632 1006 724 excipienda
1029 639 1105 700 sunt
1123 654 1229 700 causae

90 737 385 825 canonizationem
404 739 443 808 de
455 763 521 832 qus
534 741 721 833 exceptione
738 741 784 808 sic
797 738 969 830 Piguutclli
983 767 991 806 ε

139 869 157 908 a
179 845 233 912 Aa
248 845 282 913 ia
298 847 403 914 causis
426 847 706 916 canonizationem
732 847 864 939 probari
890 846 1004 914 debeat
1026 843 1113 937 qnod
1134 843 1232 912 tuerit

95 951 299 1022 «adhibitus
321 954 477 1041 notarius,
502 962 627 1022 creatus
652 954 840 1024 auctoritate
863 952 1056 1046 apostolica?
1080 952 1230 1042 Respon-

95 1084 112 1123 ι(
136 1058 196 1127 deo
221 1059 433 1148 affirmative3
461 1061 507 1130 ita
526 1067 561 1129 ut
587 1061 777 1153 hujusmodi
799 1061 936 1153 qualitas
959 1067 1032 1152 post
1054 1059 1231 1128 novissima

95 1191 113 1230 e
136 1164 262 1235 decreta
279 1168 404 1238 Urbani
424 1169 502 1239 VIII
524 1169 657 1238 omuino
677 1169 874 1260 requiratur.
900 1167 994 1250 Quod
1017 1166 1112 1234 etiem
1138 1173 1231 1233 antea

94 1299 111 1337 u
137 1275 339 1361 servabatur,
357 1299 395 1343 ea
419 1266 541 1346 ratione
563 1278 640 1368 quia
661 1299 766 1345 causae
786 1275 1067 1344 canonizationnm
1089 1281 1166 1341 sunt
1189 1274 1230 1340 de

94 1405 112 1445 a
135 1380 311 1473 majoribus
334 1383 499 1472 Ecclesiae,
515 1406 581 1451 non
604 1391 712 1451 autem
733 1383 773 1452 de
796 1382 1042 1475 respicientibus
1068 1389 1230 1471 tempora-

95 1515 112 1554 «
135 1489 190 1578 Iia,
208 1490 242 1557 in
256 1491 374 1582 quibus
386 1492 491 1560 solum
506 1515 599 1584 posse
614 1492 761 1562 adhiberi
775 1493 939 1562 notarium
955 1498 1099 1560 creatum
1114 1496 1229 1559 aucto-

95 1622 112 1662 α
135 1596 228 1666 ritate
242 1597 334 1685 laica,
350 1599 456 1691 inquit
476 1599 696 1669 Hostiensis...

139 1706 215 1773 «In
246 1705 318 1774 aliis
347 1729 425 1775 vero
460 1707 565 1779 causis
599 1707 821 1777 ecclesiasticis
858 1707 898 1776 de
928 1707 1003 1799 jure
1040 1707 1148 1775 verior
1177 1706 1228 1774 vi-

95 1839 112 1878 «
135 1814 231 1881 detur
256 1813 365 1906 opinio
393 1813 480 1906 quod
510 1815 628 1884 notariI
658 1816 755 1884 creati
789 1815 977 1885 anctoritate
1013 1815 1120 1883 laicali
1148 1837 1228 1906 pos-

95 1945 111 1984 u
135 1918 200 1988 sint
226 1919 386 1989 adbiberi.
409 1923 457 1990 Ite
476 1921 586 1990 Abbas
606 1923 653 2014 (iu
677 1930 774 2014 caput
797 1923 891 1991 Sicut
915 1935 957 2005 te,
975 1922 1024 1991 tit.
1050 1925 1100 1993 Ne
1124 1921 1231 1990 cleriei

94 2027 187 2094 uvel
213 2026 391 2118 mortario),
415 2028 554 2097 reddens
580 2030 751 2118 rationem,
779 2031 858 2122 quia
887 2030 920 2100 id
949 2029 1077 2123 respicit
1104 2030 1230 2098 nudum

95 2137 366 2224 «ministerium,
397 2139 484 2231 quod
522 2140 611 2208 laicis
640 2163 706 2208 non
737 2140 939 2233 prohibetur.
969 2139 1010 2206 Et
1037 2139 1120 2224 hanc
1157 2139 1229 2229 opi-

94 2271 111 2310 a
136 2245 266 2314 aionem
293 2248 418 2315 servari
447 2246 487 2315 de
516 2247 765 2335 consuetudine,
794 2245 956 2340 quidquid
985 2246 1026 2314 sit
1041 2245 1093 2314 'de
1121 2246 1229 2335 rigore

95 2354 228 2446 «juris,
250 2361 386 2424 testatur
411 2355 496 2424 idem
526 2355 681 2426 Abbas.»
707 2355 905 2448 (Piguatelli,
929 2362 1008 2424 tom.
1039 2357 1071 2444 3,
1096 2353 1230 2424 oonsul-

91 2462 169 2531 tatio
187 2463 253 2552 II.)

134 2569 319 2639 Psorosrrro
339 2569 412 2639 ΙΨ.
433 2573 567 2641 -Norr
588 2569 717 2638 videtur
730 2568 827 2638 lodie
849 2570 886 2638 in
914 2567 1027 2638 Gallio
1049 2581 1144 2661 aptos
1166 2591 1230 2638 esse

89 2676 237 2745 notarios
250 2699 272 2744 a
285 2676 354 2746 sola
364 2689 526 2769 potestate
540 2677 692 2746 saeculari
705 2688 839 2757 creatos,
854 2676 901 2745 ad
912 2675 1019 2744 valide
1033 2677 1230 2766 conficienda

90 2784 309 2852 instrumenta
325 2785 548 2854 ecelesiastica.
561 2823 606 2836 -
616 2785 698 2853 Nam
711 2805 752 2852 ex
766 2782 1021 2875 precedentibus
1037 2785 1230 2876 propositio·

91 2891 201 2978 nibus,
218 2892 378 2984 scriptura
399 2892 516 2960 notarii
530 2915 551 2959 a
565 2891 633 2960 sola
653 2899 808 2983 potestate
828 2891 977 2960 seculari
999 2891 1110 2979 creati,
1123 2915 1184 2981 per
1197 2916 1230 2962 se

90 3010 122 3065 et
136 2997 176 3066 de
188 2998 296 3090 ripere
310 2999 402 3089 juris
417 2996 515 3066 tidem
530 3021 597 3066 non
613 2997 688 3066 facit
707 2998 815 3090 quoad
834 2997 943 3066 forum
958 2997 1226 3086 ecclesiasticum

88 3115 186 3198 atque
211 3105 244 3172 id
266 3105 362 3176 habet
387 3105 557 3174 dumtaxat
570 3128 611 3173 ex
627 3118 754 3197 recepta
778 3105 974 3197 qeneraliter
987 3107 1227 3176 consuetudine.

88 3211 154 3280 Ista
176 3220 284 3279 autem
309 3209 507 3279 consuetudo
532 3210 628 3278 hodie
649 3211 757 3302 quoad
777 3211 914 3279 Galliam
934 3211 1002 3278 vira
1022 3235 1088 3279 non
1112 3211 1231 3282 habere

88 3319 199 3409 potius
224 3317 384 3388 censenda
398 3325 456 3385 est.
474 3317 557 3386 Nam
578 3317 652 3386 ideo
673 3317 868 3408 generaliter
882 3317 960 3385 olim
978 3325 1105 3408 recepta
1129 3319 1230 3388 fuisse

88 3423 288 3494 consuetudo
310 3424 381 3493 baec
404 3423 545 3512 videtur,
562 3424 651 3515 quia,
673 3447 747 3494 cum
772 3423 933 3516 ejusmodi
958 3425 1073 3493 notarii
1101 3425 1231 3494 nonffisi

87 3556 109 3600 a
130 3531 295 3601 catholicis
310 3530 511 3625 principibus
526 3540 726 3620 crearentur,
744 3539 775 3599 et
792 3532 833 3599 ub
856 3555 894 3600 eo
920 3554 1054 3601 munere
1079 3554 1232 3602 arceren-

89 3647 144 3706 tur
166 3637 324 3723 haeretiei,
341 3636 515 3724 increduli,
530 3661 568 3706 ac
585 3637 702 3730 judaei,
720 3661 786 3705 non
808 3645 878 3706 erat
900 3661 959 3707 cur
973 3639 1115 3708 Ecclesia
1133 3639 1230 3709 dede·

87 3766 165 3812 cens
180 3753 235 3813 aut
249 3745 404 3814 nocivum
421 3744 483 3813 sibi
498 3753 662 3835 reputaret
676 3767 791 3815 eorum
804 3765 902 3836 opera
916 3747 950 3812 in
971 3769 1031 3814 suo
1046 3748 1144 3815 etiam
1160 3746 1230 3816 toro

89 3853 148 3921 uti.
166 3852 251 3920 Sunt
266 3859 375 3920 autem
389 3851 468 3920 adeo
485 3860 617 3920 mutatos
634 3874 682 3920 eae
696 3852 947 3922 circumstantiae
963 3853 998 3920 in
1016 3853 1121 3922 Gallia
1140 3854 1231 3923 aliis-

87 3979 152 4051 que
167 3959 366 4048 regionibus,
377 3967 414 4027 ut
427 3958 550 4028 bebraei
566 3957 675 4046 etiam,
693 3968 725 4028 ct
740 3981 869 4028 omnem
888 3981 1023 4050 prorsus
1040 3960 1230 4030 catholicam

89 4066 189 4133 fidem
209 4075 376 4156 negantes,
391 4065 432 4133 ad
456 4066 633 4134 notariatus
653 4065 795 4134 officium
818 4067 1001 4135 indistincte
1021 4068 1229 4160 recipiantur.

89 4173 162 4255 Quo
178 4181 281 4240 stante
298 4195 407 4242 rerum
429 4180 527 4258 statu,
542 4173 668 4240 censeri
687 4174 801 4265 nequit
828 4173 968 4242 Ecclesia
993 4185 1158 4243 servatum
1174 4199 1232 4244 vo-

88 4279 189 4350 luisse
216 4279 378 4374 ejusmodi
402 4279 565 4350 saecularis
592 4279 763 4352 creationis
785 4281 920 4352 notoriis
946 4281 1067 4352 dictum
1094 4281 1232 4373 privile-
