3022 4978
548 492 623 541 rans
645 493 751 541 inrui.
1074 433 1079 444 Ι
1159 474 1225 538 tto

81 635 225 706 cumque
239 612 310 705 ipso
329 612 467 682 habitet.
482 613 616 684 Constat
635 637 675 685 cx
701 613 773 704 lego
790 613 992 683 lustiuionca
1006 612 1085 682 Filii
1101 613 1168 704 (22,
1187 615 1222 683 ff.

80 720 135 789 At
152 720 338 811 municip),
355 721 390 788 in
409 719 483 810 June
506 719 661 788 canonico
679 720 800 812 (utpote
825 719 860 788 in
880 719 942 788 hoc
963 742 1028 790 uon
1049 721 1222 812 contrario)

80 827 152 895 vim
174 827 350 896 obtinente.
370 831 404 894 2⁰
419 828 544 914 norm,
563 827 592 894 si
606 827 820 898 conueniatur
838 850 879 896 ox
901 849 1040 919 persona
1064 827 1223 913 defuncti,

80 942 115 1001 st
129 956 187 1025 per
202 932 391 1002 defunctum
413 935 524 1024 ipsum
546 931 707 1024 judicium
727 933 827 1004 fuerit
845 933 914 1025 jam
933 935 1098 1025 inceptum
1122 943 1226 1002 :tunc

81 1043 171 1108 enim
192 1040 299 1109 haercs
321 1039 565 1109 conveniendus
585 1049 633 1108 ost
658 1038 693 1108 in
716 1061 755 1108 co
773 1039 845 1110 loco
866 1040 924 1108 ubi
950 1039 1122 1110 defunctus
1147 1063 1225 1110 con-

80 1156 201 1216 ventus
215 1156 275 1234 est,
293 1147 419 1216 etiamsi
445 1147 514 1240 ipso
532 1145 753 1238 jurisdictioni
777 1146 840 1215 loci
862 1147 951 1216 illius
974 1144 1137 1238 subjectus
1158 1170 1225 1217 non

80 1255 136 1324 sit.
166 1256 300 1324 Constat
328 1277 371 1324 cx
395 1255 468 1345 logo
495 1253 696 1322 Justinianoa
725 1255 842 1346 loqui
876 1257 991 1324 Romae
1019 1255 1086 1346 (34,
1118 1251 1152 1322 ff.
1186 1254 1226 1322 de

78 1360 216 1453 ludio).

123 1469 185 1538 lv.
202 1467 374 1553 Quomodo
387 1468 619 1551 constituatur,
630 1481 660 1536 et
671 1469 739 1559 sori
752 1467 1005 1560 competentiam
1017 1466 1220 1550 deterruisset,

77 1575 411 1668 quasi-domicilium.
428 1613 473 1628 -
496 1575 700 1666 Frequenter
723 1575 883 1664 contingit
902 1585 940 1643 ut
963 1573 998 1641 in
1023 1573 1133 1666 aliquo
1154 1573 1225 1646 loco

77 1682 247 1772 degentes,
272 1680 475 1750 domicilium
499 1681 630 1772 proprie
655 1679 778 1748 dictum
801 1680 847 1748 ibi
873 1703 938 1749 non
964 1681 1144 1772 acquirant,
1167 1681 1223 1749 sed

76 1783 251 1856 dumtaxat
275 1784 602 1877 quusi-domicilium.
623 1785 671 1852 Bo
691 1807 758 1876 qua
778 1784 936 1856 domicilii
960 1786 1065 1876 specie
1085 1788 1224 1877 quaetio

76 1891 203 1982 pariter
230 1890 385 1980 occurrit,
407 1890 573 1983 quomodo
602 1899 819 1983 comparetur,
848 1900 882 1961 ot
905 1913 1065 1984 quosnam
1093 1892 1224 1962 effectus

76 1998 189 2088 quood
201 1998 265 2068 tori
280 1999 529 2090 competentiam
545 2021 656 2070 secum
673 1998 791 2070 trabat,

126 2109 157 2173 1.
190 2105 360 2188 Quomodo
387 2113 594 2197 comparetur
623 2105 953 2197 quusi-domicilium.
983 2145 1028 2162 -
1062 2109 1225 2190 «Quoni-

78 2236 98 2278 α
123 2211 326 2284 domicilium
354 2213 489 2284 sortitur
506 2212 624 2304 uliquis
645 2213 679 2280 in
704 2213 775 2282 loco
789 2212 858 2300 illo,
874 2213 909 2282 in
929 2236 994 2304 quo
1018 2213 1141 2300 animo,
1158 2237 1224 2284 non

77 2342 97 2384 α
122 2327 294 2409 perpetuo,
312 2317 369 2390 ssd
389 2341 599 2412 perannum,
616 2319 668 2388 rel
696 2319 864 2410 majorem,
880 2319 933 2388 vel
958 2319 1072 2388 saltam
1094 2321 1225 2390 notabi-

76 2451 96 2490 α
120 2425 188 2494 lom
210 2425 289 2494 enni
304 2432 443 2516 partem,
460 2425 684 2494 commorandi
711 2425 811 2514 dogit.
830 2425 908 2495 Tale
922 2425 1042 2494 babent
1055 2427 1091 2494 in
1106 2427 1224 2496 acade-

75 2558 96 2600 α
122 2534 219 2604 micis
234 2533 386 2618 studiosi,
403 2533 438 2602 in
454 2533 524 2601 loco
539 2532 709 2622 legationis
735 2533 846 2622 legati,
861 2533 896 2602 in
920 2533 1046 2624 oppidis
1065 2533 1180 2603 tumuli
1194 2543 1225 2604 ot

75 2665 95 2705 a
120 2640 261 2726 ancillor,
280 2640 314 2708 in
330 2639 517 2708 civitatibus
531 2639 746 2730 nogotiatores
761 2641 789 2708 si
805 2638 968 2713 officinam
983 2647 1040 2708 aut
1058 2640 1225 2710 tabernam

74 2773 93 2814 a
119 2746 245 2816 ibidem
261 2747 499 2818 constituerunt
513 2745 566 2814 vol
586 2744 828 2834 conduxerunt,
845 2745 954 2816 animo
977 2769 1035 2838 por
1050 2747 1224 2817 notabilem

73 2881 94 2922 a
118 2855 203 2924 anni
227 2861 352 2946 partem
377 2853 423 2924 ibi
447 2853 718 2926 commorandi.»
739 2851 1105 2943 (Sohmalzgrnobcr,in
1126 2857 1175 2922 tit.
1204 2860 1223 2924 2

66 2961 220 3048 Decret,
238 2983 274 3028 u.
295 2961 361 3050 to.)

117 3075 154 3139 2.
173 3069 330 3151 Quaeusm
347 3065 388 3136 sit
406 3065 674 3159 qussi-domicilii
689 3068 741 3136 vis
757 3067 800 3136 ad
826 3065 1110 3136 consonandum
1132 3090 1225 3137 com·

64 3186 239 3272 petentem
268 3177 389 3246 forum.
419 3213 465 3228 ·-
494 3175 620 3258 Primo,
657 3202 673 3240 o
702 3174 833 3246 effectus
860 3175 1133 3266 quasi-domicilii
1162 3161 1222 3266 cst,

69 3313 89 3354 α
116 3285 211 3378 quod
230 3284 291 3354 boc
311 3282 477 3369 habentos,
494 3282 642 3372 quandiu
665 3281 785 3350 ibidem
811 3283 968 3370 existunt,
985 3291 1154 3354 teneantur
1173 3287 1223 3354 le-

68 3423 90 3463 a
116 3394 233 3484 gibus,
248 3392 375 3460 statutis
389 3401 420 3458 et
434 3389 728 3458 consuctudinibus
749 3388 838 3458 illius
852 3389 931 3469 looi;
948 3389 981 3456 id
997 3390 1084 3458 enim
1101 3392 1223 3460 bonum

68 3531 88 3568 c
115 3499 291 3593 publicum
314 3498 378 3565 loci
401 3497 635 3588 cujuscumque
662 3497 778 3586 exigit,
800 3518 841 3566 ne
862 3496 943 3564 olias
967 3497 1061 3585 ordo,
1078 3497 1170 3589 quies
1192 3509 1223 3566 ot
1289 3551 1291 3556 .

67 3636 87 3674 a
114 3606 267 3700 partium
292 3603 503 3673 consonantia
528 3601 711 3672 tollatur.»
743 3600 1060 3692 (Schmalagruebor,
1082 3603 1152 3672 loco
1178 3606 1223 3672 oi-

62 3727 154 3786 tato.

112 3716 285 3900 Sdconto,
308 3844 325 3886 o
351 3816 525 3908 acquirunt
549 3815 604 3905 jus
630 3813 793 3906 parochiae
821 3823 853 3882 ot
880 3813 1003 3884 subditi
1027 3815 1056 3882 ei
1083 3817 1167 3884 liunt
1189 3819 1223 3888 in

63 3961 85 4000 s
112 3931 194 4000 loro
217 3933 372 4005 extern03
390 3924 436 3992 ita
451 3933 487 3992 ut
508 3930 709 3992 sacramenta
723 3943 790 3990 non
811 3920 917 3990 solum
938 3921 1149 4012 poenitentis,
1166 3929 1222 3996 sed

61 4069 82 4108 c
111 4037 219 4108 etiam
241 4034 351 4104 omnia
367 4031 432 4102 alia
453 4031 595 4122 recipere
623 4029 746 4122 possint
770 4029 812 4096 ab
837 4029 996 4120 Episcopo
1011 4031 1064 4099 vel
1083 4033 1224 4122 parocho

63 4178 84 4218 u
110 4147 210 4216 illius
233 4142 309 4231 loci,
325 4149 460 4232 cxoopto
484 4147 686 4209 sacramento
710 4135 862 4206 ordinis:
883 4159 987 4228 neque
1010 4159 1092 4228 opus
1113 4151 1160 4209 est
1182 4145 1223 4211 li-

64 4287 84 4328 «
112 4251 229 4325 centio
249 4251 343 4318 tacita
357 4248 410 4316 vol
432 4269 587 4338 expressa
611 4243 745 4335 parochi
759 4243 811 4312 vel
834 4243 984 4335 Episcopi
998 4241 1154 4317 domicilii
1169 4279 1220 4342 ...3
