3056 4972
565 505 639 550 rans
662 505 767 550 rurus.
1177 489 1237 552 179

114 651 128 688 ιι
148 623 183 692 ad
207 624 385 696 Praelatum
415 635 446 696 et
476 626 655 716 capitulum
685 625 843 716 pertineat
866 627 1113 716 communiter),
1139 630 1238 698 etiam

114 757 128 795 ι
149 731 210 798 sine
231 755 391 803 consensu
411 733 545 824 capituli
562 733 611 800 vel
626 739 805 802 conventus
819 732 853 799 iu
872 731 998 824 judicio
1014 757 1110 824 agere
1126 744 1158 806 et
1173 759 1241 804 res·

114 866 127 900 ι
150 839 284 928 pondere
301 843 439 932 possit...
459 841 554 910 Ratio
569 848 617 906 est
638 839 725 929 quia
743 839 801 931 qui
822 838 959 908 liberam
984 841 1242 911 administratio·

114 975 127 1010 ι
148 969 255 1016 uerna
277 948 347 1035 lege
370 949 417 1014 vel
434 948 509 1038 jure
529 948 593 1014 sibi
607 969 792 1015 concessam
809 945 941 1034 babent,
960 948 1130 1038 injudicio
1145 971 1241 1038 agere

114 1083 127 1116 ι
148 1061 177 1120 et
196 1055 362 1122 conveniri
383 1065 559 1146 possunt...
578 1055 679 1144 Atqui
698 1053 858 1122 Praelatus
873 1054 969 1122 babet
982 1054 1242 1124 administratio·

111 1187 126 1224 ι
149 1182 216 1228 neru
231 1184 342 1230 rerum
354 1161 581 1232 communium
595 1160 747 1228 Ecclesiae
757 1160 809 1230 vel
822 1161 1010 1231 monasterii
1021 1161 1170 1248 liberam,
1185 1185 1242 1231 seu

112 1294 126 1332 ι
148 1267 415 1360 independentem
431 1293 451 1336 a
466 1277 628 1338 conventu
644 1289 701 1335 seu
715 1267 868 1358 capitulo,
885 1267 947 1336 sibi
961 1291 981 1336 a
994 1269 1093 1337 saeris
1109 1271 1243 1344 canoni-

110 1403 126 1440 ι
146 1375 205 1444 bns
225 1399 429 1463 concessam;
448 1397 566 1464 ergo...
587 1374 662 1444 Dixi
681 1379 712 1442 1⁰
728 1378 838 1465 Super
854 1375 944 1444 donis
960 1388 990 1444 et
1001 1377 1134 1466 juribus
1152 1399 1243 1446 eom-

109 1511 124 1548 ι
147 1482 296 1552 monitus
313 1511 324 1548 :
340 1482 429 1551 uliud
445 1491 494 1549 est
507 1483 535 1550 si
549 1491 665 1572 agatur
679 1483 719 1550 de
731 1482 827 1550 bouis
840 1489 872 1550 ot
883 1483 1013 1573 juribus
1027 1506 1102 1575 quae
1120 1485 1242 1552 nPrae·

110 1619 125 1654 ιι
146 1590 258 1659 lature
268 1589 361 1656 bonis
374 1610 507 1680 prorsus
519 1598 678 1680 separatu,
692 1598 723 1656 ct
734 1588 875 1681 capitulo
884 1588 1066 1680 specialiter
1074 1591 1240 1679 attributa,

108 1727 123 1762 ι
146 1697 244 1765 etiam
269 1694 377 1787 quoad
400 1694 728 1780 administrationem,
752 1704 828 1762 sunt
848 1722 855 1762 :
873 1694 908 1764 in
926 1693 977 1766 bis
992 1697 1080 1765 enim
1100 1719 1196 1787 agere
1211 1707 1242 1765 ct

109 1803 314 1872 «conveniri
340 1802 434 1870 debet
463 1802 656 1893 capitulum,
684 1823 788 1893 neque
817 1823 899 1892 opus
925 1823 1083 1870 consensu
1111 1803 1242 1872 Praelati

108 1940 123 1976 ι
147 1911 281 1980 babet...
305 1911 381 1979 Dixi
401 1914 435 1977 2⁰
455 1910 528 1982 Nisi
549 1909 649 1978 ardui
668 1921 699 1976 et
720 1905 860 1999 majoris
880 1911 1040 1980 momenti
1053 1931 1152 1978 causa
1172 1913 1241 1980 sit:

106 2047 121 2084 ιι
145 2019 249 2112 Super
261 2017 451 2110 hujusmodi
466 2019 558 2086 enirn
574 2018 678 2088 censis
690 2040 749 2084 nee
763 2017 922 2085 Praelatus
934 2018 1004 2085 sine
1015 2018 1169 2109 capitulo,
1184 2043 1242 2088 nec

105 2155 121 2192 ιι
144 2127 325 2218 capitulum
346 2126 414 2193 sine
437 2124 574 2194 Praelato
590 2124 783 2192 contendere
802 2137 833 2192 et
852 2124 1048 2216 respondere
1067 2125 1102 2192 in
1119 2126 1242 2216 judicio

105 2263 121 2302 ι
146 2243 289 2326 potest...
308 2233 385 2301 Dixi
407 2237 438 2299 3·
459 2233 532 2302 Nisi
551 2231 796 2300 odntinistratio
815 2231 850 2298 in
876 2231 987 2322 aliquo
1011 2254 1088 2300 casas
1111 2234 1233 2324 special
1240 2237 1245 2248 '

104 2370 120 2406 ιι
143 2341 361 2410 communiter
372 2340 537 2430 pertineat
553 2338 599 2407 ad
619 2338 803 2406 Prelatum
822 2349 852 2404 et
868 2337 1050 2428 capitulum
1067 2365 1077 2404 :
1093 2362 1170 2406 nam
1188 2341 1245 2408 tali

104 2477 120 2512 ιι
143 2472 220 2516 casu
237 2449 356 2516 iterum
374 2445 533 2514 Praelalus
549 2445 710 2534 indigeret
726 2467 885 2513 consensu
901 2444 1044 2535 capituli.
1063 2471 1079 2510 r

143 2555 191 2624 Ex
224 2555 393 2645 utriusque
422 2552 590 2621 sententiae
618 2553 820 2642 expositione
849 2552 926 2620 satis
954 2559 1041 2642 patet
1062 2575 1129 2621 non
1151 2576 1244 2645 posse

100 2664 215 2754 regula
231 2662 374 2752 generali
392 2661 614 2748 determinari,
627 2661 747 2752 quibus
762 2661 796 2728 in
812 2660 941 2728 casibus
955 2661 1056 2751 possit
1070 2660 1241 2749 Praelatus‚

98 2773 220 2864 absque
236 2792 395 2838 consensu
411 2769 556 2859 capituli,
574 2768 609 2836 in
626 2769 749 2859 judicio
771 2791 831 2859 pro
854 2769 1052 2836 monasterio
1067 2768 1119 2836 vel
1135 2769 1244 2838 Eccle-

96 2880 146 2947 sia
160 2878 305 2967 litigare;
324 2876 380 2946 sed
396 2897 456 2968 pro
472 2876 611 2964 singulis
626 2875 833 2944 monasteriis
846 2883 878 2943 et
898 2874 1048 2943 Ecclesiis
1062 2875 1244 2946 videndum

96 2995 159 3072 est,
188 2995 300 3053 uuum
319 2984 380 3071 rei,
404 2984 444 3053 dc
460 3007 525 3075 qua
547 2983 745 3073 litigandum
769 2991 829 3070 est,
848 2982 1099 3071 administratio,
1117 3008 1158 3052 ex
1180 2995 1246 3052 sta*

95 3095 178 3160 tutis
200 3101 257 3160 ant
278 3091 425 3180 legitima
444 3091 646 3182 possessione
663 3089 833 3181 pertineat,
850 3089 902 3157 vel
918 3089 1083 3158 exclusive
1096 3090 1138 3159 ad
1154 3091 1246 3160 Prae-

95 3200 218 3286 latum,
234 3199 286 3268 vel
302 3199 466 3266 exclusivo
480 3197 520 3264 ad
534 3197 727 3288 capitulum,
745 3196 851 3266 velud
869 3205 1047 3287 utrumque
1063 3198 1164 3266 simul
1184 3227 1190 3266 :
1210 3199 1244 3268 Si

95 3306 266 3376 exclusive
289 3305 330 3374 sd
354 3302 547 3389 Praelatum‚
569 3305 686 3395 poterit
711 3303 870 3372 Praelatus
893 3304 926 3370 in
947 3303 1075 3392 judicio
1096 3327 1191 3394 agere
1215 3319 1247 3374 et

95 3412 297 3504 respondere
308 3412 429 3502 absque
441 3435 599 3480 consensu
611 3411 742 3502 capituli
757 3439 763 3476 :
776 3411 803 3477 si
815 3409 981 3478 exclusive
998 3410 1037 3478 ad
1052 3413 1245 3501 capitulum,

95 3521 219 3609 poterit
228 3517 410 3611 capitulum
424 3539 482 3608 per
494 3527 738 3608 procuratorem
752 3515 785 3584 iu
795 3514 853 3606 jud
859 3517 922 3584 icio
935 3523 1031 3604 stare,
1044 3519 1124 3607 quin
1136 3521 1247 3608 requi-

94 3635 190 3694 retur
212 3647 390 3696 consensus
411 3623 542 3692 Praelati
563 3624 617 3692 :si
632 3623 672 3691 ad
689 3631 868 3715 utrumque
884 3622 998 3708 simul,
1018 3645 1075 3692 nec
1090 3625 1248 3692 Praelutus

94 3733 222 3825 absque
236 3755 397 3812 consensu
408 3730 553 3821 capituli,
572 3753 630 3798 nec
646 3729 828 3821 capitulum
843 3730 965 3820 absque
982 3752 1141 3798 consensu
1155 3731 1247 3799 Prae-

93 3839 153 3908 lati
170 3841 301 3930 litigare
317 3839 445 3930 poterit.

141 3947 234 4016 Dum
249 3955 360 4016 autem
375 3945 428 4012 hie
442 3945 611 4036 loquimur
627 3941 666 4010 de
682 3944 846 4026 Pralatis,
863 3942 1076 4030 intelligimus
1091 3943 1248 4014 Praelatos

94 4056 303 4146 praecipuos:
318 4053 351 4122 id
364 4061 413 4120 est
430 4056 483 4118 :1⁰
495 4051 694 4143 Episcopum
707 4051 840 4118 relative
852 4049 893 4116 ad
905 4048 1124 4118 cathedralem
1139 4053 1250 4122 Eccle-

95 4161 186 4230 siam
201 4170 235 4230 et
253 4160 435 4230 cathedrale
454 4159 653 4252 capitulum;
672 4162 706 4225 2ο
720 4157 899 4226 Praelatum
920 4158 975 4246 qui
988 4157 1247 4246 jurisdictionem

95 4267 436 4362 quusi-episcopalem
459 4267 555 4336 habet
571 4267 604 4332 in
625 4265 734 4356 aliqua
749 4265 902 4349 Ecclesia,
921 4263 954 4330 io
973 4285 1038 4356 qun
1058 4274 1105 4332 est
1125 4271 1252 4369 capitu3
