3030 4980
536 509 611 554 runs
638 483 783 556 sircurana.¹
1166 493 1227 558 379

78 627 243 715 generalis
259 627 418 719 impedire
438 651 479 696 ne
500 629 666 719 delegatus
688 631 729 698 ab
754 631 912 723 Episcopo
937 653 1066 700 causam
1087 632 1210 724 judicet
1217 658 1226 720 ;

78 757 201 825 neque,
221 735 300 803 dum
323 759 453 804 causam
478 738 642 827 cognoscit
665 737 750 806 idem
775 737 953 828 delegatus,
977 739 1011 806 in
1035 761 1073 807 ec
1090 762 1159 808 sese
1175 740 1230 808 in-

79 843 274 909 tromittere.
300 843 423 912 Alvero
443 851 613 936 postquam
635 868 655 912 s
672 844 819 933 delegato
841 847 1051 938 pronuntiata
1071 848 1230 914 sententia

80 947 158 1034 fuit,
181 947 209 1015 si
232 949 273 1016 ab
296 949 355 1018 hac
376 951 568 1042 appelletur,
597 951 714 1042 poterit
740 951 893 1020 Vicarius
920 954 1090 1042 generalis,
1117 961 1228 1044 utpote

80 1077 182 1123 verus
205 1057 411 1146 Ordinarius,
434 1060 681 1151 appellationem
702 1061 856 1151 recipere.
881 1061 994 1152 Neque
1015 1061 1082 1131 ulla
1102 1069 1151 1130 est
1173 1084 1228 1130 ra-

82 1164 129 1229 tio
149 1187 209 1231 cur
221 1166 401 1234 censendus
423 1165 463 1233 sit
481 1167 659 1258 Episcopus
680 1167 764 1235 hanc
781 1168 1029 1260 appellationem
1046 1169 1107 1236 sibi
1122 1191 1229 1238 reser-

81 1293 196 1356 vasse3
217 1295 292 1340 cum
316 1273 408 1341 nullo
430 1275 527 1342 modo
545 1283 705 1366 repugnet
728 1275 811 1343 velle
834 1275 1030 1367 Episcopum
1056 1284 1093 1344 ut
1119 1277 1229 1368 aliqua

79 1399 191 1465 causa,
210 1401 277 1447 non
292 1381 455 1450 aVicurio
471 1383 628 1471 generali,
646 1381 702 1450 sed
716 1382 757 1448 ab
770 1381 881 1473 aliquo
893 1383 1038 1472 delegato
1048 1383 1225 1475 judicetur,

79 1493 112 1552 et
128 1486 341 1554 nihilominus
355 1489 452 1556 simul
466 1488 550 1557 velle
569 1495 617 1576 ut,
637 1489 665 1556 si
679 1487 735 1556 fiat
753 1488 937 1580 appellatio,
956 1490 1108 1558 Vioarius
1122 1513 1226 1580 gene-

78 1593 161 1659 ralis
182 1592 223 1661 de
243 1617 281 1660 ee
301 1603 483 1684 cognoscat.
511 1595 599 1685 Ergo
618 1597 681 1662 nisi
705 1617 857 1687 expresse
880 1597 1058 1688 Episcopus
1082 1597 1227 1666 inhibeat

79 1699 215 1768 Vicsrio
238 1723 297 1768 suo
319 1702 462 1790 generali
486 1725 526 1770 nc
546 1702 793 1794 appellationem
810 1701 969 1793 ejusmodi
992 1704 1137 1796 recipiat,
1154 1727 1226 1773 eam

79 1807 225 1898 recipere
240 1811 368 1900 poterit.

126 1913 270 1994 Qussrro
294 1919 360 1983 12⁸.
379 1955 423 1968 -—
443 1919 534 1986 Num
560 1918 704 1986 Vicom'us
719 1919 890 2008 pecoralis,
908 1920 1069 2010 Episcopo
1092 1941 1226 1986 excom-

80 2021 262 2103 municato,
277 2045 440 2113 scuposso,
457 2025 509 2092 vel
519 2023 702 2105 interdicto,
713 2025 981 2117 jurisdictionem
995 2048 1140 2094 coercere
1147 2049 1224 2117 pos-

78 2130 145 2196 sit?
159 2167 203 2180 -
219 2130 492 2221 Respondendum
508 2133 671 2220 negative,
692 2155 767 2201 cum
782 2133 949 2200 communi
965 2132 1134 2202 doctorum
1149 2155 1224 2200 sen-

80 2237 194 2302 tentie.
216 2263 231 2300 «
247 2239 341 2306 Ratio
358 2241 497 2330 estquis
513 2263 616 2308 unum
631 2239 782 2332 idemque
798 2248 846 2308 est
861 2240 1004 2308 tribuual
1026 2240 1176 2332 Episcopi
1195 2249 1227 2309 el

83 2369 101 2407 <r
126 2343 249 2412 Vicarii
261 2347 363 2431 illius;
377 2348 521 2439 adeoque
533 2349 615 2416 sicut
626 2371 685 2439 per
695 2349 1074 2432 excommunicationem,
1089 2371 1227 2440 suspen·

83 2479 101 2518 o
127 2455 264 2540 sionem,
281 2463 340 2522 etc.
358 2455 508 2546 Episcopi
523 2455 733 2547 suspenditur
745 2454 940 2547 jurisdicti0,
954 2455 1000 2524 ite
1014 2455 1110 2524 etiam
1123 2456 1226 2526 Vice-

84 2585 101 2622 «
126 2559 167 2626 rii
191 2560 319 2628 illins...
345 2559 541 2629 Extenditur
561 2562 743 2652 responsio,
770 2562 815 2629 ita
838 2569 874 2629 ut
899 2560 1019 2629 Vicarii
1043 2561 1226 2652 jurisdictio

85 2693 102 2730 u
127 2668 344 2758 suspendatur
368 2670 466 2736 etiam
492 2669 600 2758 quood
626 2668 756 2756 negotia
775 2668 842 2759 jem
866 2669 1004 2759 incepta.
1029 2667 1226 2735 Extenditur

84 2800 102 2838 u
126 2797 256 2864 quoque
271 2775 311 2842 ad
328 2775 548 2842 subvicarinm
563 2797 618 2842 seu
636 2775 848 2842 substitutum
862 2775 1025 2842 Vicarii...
1043 2775 1091 2840 lta
1103 2781 1140 2842 nt
1154 2797 1226 2842 sus·

85 2908 102 2945 ι(
127 2903 228 2971 pensa
246 2903 375 2973 quoque
394 2883 435 2948 sit
451 2883 544 2950 istius
563 2883 739 2949 subvicarii
755 2881 951 2973 jurisdictio.
977 2907 993 2946 o
1018 2882 1224 2973 (Leurenius,

84 3017 101 3053 u
126 2987 166 3056 de
187 2989 321 3056 Viooriis
335 2989 460 3079 Epicu,
477 3011 547 3080 cop.
567 2993 600 3074 2,
614 3012 647 3080 q.
667 2989 734 3078 89.)
754 2989 958 3080 Supponitur
972 2998 1081 3057 sutem
1092 2989 1227 3079 Episco-

82 3117 163 3186 pum
191 3095 290 3164 fuisss
320 3097 513 3164 nominatim
539 3099 857 3164 excommunicatum
886 3123 893 3163 :
920 3097 947 3162 si
976 3096 1064 3163 enim
1091 3119 1157 3164 uon
1185 3096 1227 3164 sit

81 3203 383 3271 excommunicatus
395 3203 560 3288 vitandus,
572 3203 627 3270 scd
640 3203 808 3289 toleratus,
820 3202 1077 3294 jurisdictionem
1091 3203 1223 3288 retinet;

81 3333 118 3378 ec
145 3309 282 3401 proinde
308 3332 379 3377 eam
403 3310 502 3377 etiam
525 3311 640 3378 retinet
662 3311 732 3402 ejus
754 3309 906 3378 Vicarius
931 3309 1103 3398 generalis.
1130 3310 1228 3400 (Vide

83 3417 295 3502 Leurenium,
313 3417 384 3486 loco
399 3417 521 3508 citato.)

126 3525 271 3606 Qnsssrro
289 3529 356 3593 1³².
378 3565 423 3578 -
439 3529 489 3594 An
510 3525 655 3594 remorari
670 3528 773 3616 possit
803 3524 948 3594 Victorius
970 3526 1131 3617 pecoralis
1152 3538 1228 3593 ton-

83 3655 184 3724 quam
195 3645 370 3723 susspectus,
387 3657 428 3701 er
439 3656 474 3701 eo
487 3633 576 3724 quod
591 3633 679 3700 adsit
696 3633 782 3701 ratio
795 3633 942 3725 lepitimo
959 3633 1134 3702 recusandi
1143 3635 1227 3723 Epi-

82 3761 217 3830 scopum
239 3752 404 3830 tonquom
425 3744 632 3832 asspectum?
646 3777 691 3791 -
708 3765 725 3804 o
747 3739 938 3830 Respondeo
961 3739 1019 3829 (ait
1032 3739 1225 3828 [euronius,

87 3873 103 3912 u
126 3847 199 3914 loco
212 3847 319 3933 citato,
334 3871 367 3937 q.
383 3848 450 3935 90),
467 3847 500 3913 in
513 3847 573 3914 hoc
591 3869 657 3914 uon
676 3847 850 3915 convenire
861 3854 1020 3915 auctores.
1033 3871 1049 3910 >r
1066 3846 1136 3935 Ego
1150 3869 1228 3916 vero

84 3976 150 4022 non
165 3953 275 4039 video,
292 3952 456 4044 quomodo
469 3953 619 4022 Vioarius
633 3953 805 4041 generalis,
820 3975 861 4022 ex
875 3976 914 4022 ea
925 3953 993 4024 sola
1003 3955 1128 4022 ratione
1140 3955 1228 4046 quod

85 4063 124 4129 sit
150 4063 192 4130 ad
221 4070 336 4130 nutum
363 4062 511 4152 Episcopi
536 4063 740 4148 revocabilis,
764 4086 830 4131 non
853 4063 896 4130 sit
919 4063 1035 4131 merito
1061 4070 1229 4154 suspectus

86 4170 218 4262 quando
235 4169 304 4260 ipse
322 4169 501 4260 Episcopus
524 4176 691 4260 suspectus
708 4179 766 4236 est.
797 4169 911 4238 Merito
934 4169 1022 4236 enim
1046 4169 1227 4238 timendum

87 4287 196 4346 estne
220 4276 372 4345 Vicarius
392 4275 562 4368 generalis,
592 4275 776 4368 previdens
800 4275 944 4371 alioquin
970 4275 1032 4348 sibi
1058 4277 1228 4354 imminere
