3030 4980
651 469 827 518 notemus
848 471 888 518 DE
909 472 1043 520 tuntum.

439 847 586 913 ouoruprex
597 851 718 903 coustitui
733 852 815 917 pouit
825 857 872 904 tut
884 853 980 906 debut
990 855 1108 906 vicarius
1117 855 1256 920 generalis.

322 1019 592 1090 Prmotmrdrou.
609 1059 655 1074 -
666 1023 762 1106 Quod
776 1024 811 1094 in
827 1047 893 1094 uua
905 1025 1047 1114 diecesi,
1061 1024 1272 1118 quantumvis
1290 1023 1407 1115 ampla,

278 1126 379 1216 possit
398 1126 577 1219 Episoopus
599 1130 734 1199 unicum
755 1131 927 1202 dumtaxat
944 1132 1113 1204 Viearium
1132 1131 1317 1223 generalem
1335 1153 1410 1198 con-

279 1233 424 1320 stituere,
440 1243 534 1304 extra
547 1239 798 1308 controversiam
814 1247 874 1326 est,
890 1247 923 1308 et
935 1239 1094 1332 sequitur,
1111 1261 1132 1307 a
1151 1237 1293 1324 fortiori,
1316 1259 1359 1306 ex
1375 1261 1411 1304 eo

280 1339 367 1429 quod
382 1349 500 1431 posset,
517 1351 553 1410 ut
567 1343 789 1433 probavimus,
806 1345 933 1416 nullum
948 1369 1124 1416 amumere.
1149 1345 1321 1436 Excipitur
1341 1351 1413 1411 tan-

280 1454 350 1514 tum
365 1447 551 1517 rarissimus
563 1472 669 1538 mens,
685 1475 751 1542 quo
765 1457 913 1521 extarent
930 1453 965 1521 in
983 1453 1114 1523 dicecesi
1132 1453 1271 1522 diversae
1289 1450 1411 1538 lingua
1494 1497 1495 1502 .

278 1551 461 1646 diversique
476 1556 558 1626 ritus
570 1558 698 1649 populi5
715 1560 797 1650 quia
814 1569 903 1646 tunc,
918 1561 960 1630 oh
974 1581 1162 1652 expressam
1178 1559 1263 1650 juris
1278 1557 1412 1649 disposi-

280 1659 399 1728 tionem
414 1674 748 1754 supramemoratam,
772 1675 901 1736 tenetur
917 1667 1097 1759 Episcopus
1113 1689 1174 1758 pro
1195 1665 1268 1734 istis
1288 1663 1414 1755 populis

280 1767 472 1838 constituere
487 1770 656 1841 Viearinm
675 1773 873 1862 generalem,
894 1773 1076 1866 etquidem
1099 1774 1307 1864 Episcopum.
1334 1770 1414 1838 Eine

280 1893 355 1963 quae
365 1872 568 1943 solummodo
578 1886 746 1945 remanent
755 1877 809 1946 hic
819 1878 1204 1970 solvendaeqocestiones:
1223 1876 1416 1967 l⁰anpomit

281 1977 459 2072 Episcopus
472 1981 582 2072 plures
595 1984 744 2053 Vicarios
756 1985 924 2074 generales
942 1985 1155 2072 constituam
1173 1989 1206 2052 2·
1222 2006 1266 2050 an
1284 1983 1320 2050 in
1341 2003 1415 2049 casu
1496 2021 1497 2056 i

281 2083 419 2152 duarum
436 2085 614 2156 dioeceseon
628 2089 847 2181 principaliter
860 2092 1039 2177 unitarum,
1062 2113 1165 2160 unum
1188 2088 1361 2162 Viearinm
1383 2088 1415 2154 in

282 2211 476 2283 unaquaque
491 2195 690 2264 constiterere
703 2205 860 2266 teneatur.

325 2298 470 2380 ansrro
484 2304 528 2368 1¹.
542 2339 587 2352 -
600 2303 650 2372 Aa
658 2304 761 2394 possit
775 2303 955 2396 Episcopus
967 2305 1081 2396 plures
1100 2304 1241 2372 Vicon'os
1255 2302 1417 2393 pennata

281 2405 317 2472 in
331 2429 399 2476 rme
420 2405 547 2478 diecei
564 2410 773 2480 constituere?
785 2449 830 2464 -
849 2414 880 2478 l⁰
900 2412 1033 2481 Certum
1054 2421 1104 2480 est
1125 2409 1302 2479 concordes
1325 2409 1361 2476 in
1383 2431 1417 2474 ea

283 2535 318 2580 re
333 2513 479 2584 doctores
495 2539 559 2584 nou
581 2516 695 2604 inisse,
717 2527 815 2608 prout
835 2528 969 2588 tertatm
989 2516 1186 2588 Monaeellns
1208 2516 1261 2585 his
1284 2517 1413 2584 uerbis:

287 2645 304 2684 c
330 2625 381 2688 An
396 2622 506 2712 plures
519 2623 645 2694 vicarii
666 2625 833 2714 generales
853 2627 887 2694 iu
911 2625 1022 2694 eadem
1045 2623 1177 2693 diaecesi
1195 2624 1238 2691 ab
1261 2622 1417 2713 Episcopo
1498 2659 1499 2668 ¹

287 2753 303 2790 c
326 2729 478 2797 constitui
490 2731 635 2820 possint?
646 2731 820 2800 Affirmant
831 2733 1151 2819 Zocchius‚Riecius,
1162 2730 1319 2816 Barbam,
1334 2729 1417 2796 Pex-

287 2857 304 2896 c
326 2832 500 2920 londanus,
518 2835 684 2925 Pirrhing.
698 2836 825 2925 Negant
846 2837 914 2922 alii,
933 2861 1016 2928 quos
1037 2837 1184 2927 sequitur
1201 2833 1348 2904 Nicolius
1362 2859 1416 2909 ...t

288 2964 305 3003 a
331 2938 392 3006 nisi
406 2939 531 3009 adesset
544 2941 577 3008 in
594 2941 664 3010 loeo
683 2943 895 3029 comnenus,
911 2942 962 3010 vel
984 2950 1101 3032 agatur
1120 2941 1160 3010 de
1185 2940 1346 3031 Episeopo
1365 2937 1418 3029 qui

289 3074 305 3110 a
328 3047 444 3115 habeat
459 3047 564 3116 unitas
580 3048 662 3117 duas
676 3049 841 3120 dioeeeses.
866 3051 911 3118 At
933 3071 1048 3118 omnes
1069 3049 1105 3116 io
1128 3048 1188 3116 hoc
1210 3045 1419 3132 conveniunt,

288 3181 305 3218 a
328 3153 415 3246 quod
430 3155 607 3246 Episcopus
622 3179 687 3224 non
703 3157 803 3248 possit
815 3156 934 3226 habere
950 3155 1060 3248 plures
1074 3153 1223 3224 Viearios
1244 3152 1297 3222 vel
1318 3151 1420 3220 tribu-

289 3287 306 3326 e
331 3261 417 3330 oalia
428 3261 524 3352 juxta
537 3285 711 3334 numerum
725 3264 932 3332 dominorum
944 3261 1182 3354 temporalium,
1199 3259 1240 3328 ad
1253 3281 1328 3350 quer
1339 3259 1421 3327 dite-

290 3397 307 3432 «
331 3370 411 3438 cesis
424 3393 459 3438 se
473 3369 628 3440 exlendit.
648 3397 664 3436 s
686 3371 790 3461 (Parte
806 3375 836 3457 l,
853 3371 901 3438 tit.
920 3374 951 3455 l,
967 3368 1110 3437 formula
1125 3372 1156 3454 1,
1174 3391 1206 3436 u.
1226 3366 1294 3456 ot.)

329 3475 418 3545 Idem
431 3477 477 3546 sic
488 3476 659 3546 adnotatur
671 3478 811 3544 incausa
821 3476 1024 3546 Fero-ariensi
1036 3479 1053 3544 3
1069 3474 1143 3565 julii
1159 3477 1242 3542 1734
1256 3471 1424 3564 (rosacei

287 3592 373 3653 tomo
396 3587 429 3670 6,
446 3607 521 3675 pag.
548 3585 622 3674 328)
644 3611 652 3652 ι
675 3582 902 3674 «Episcopum
926 3605 1019 3674 posse
1039 3581 1136 3650 etiam
1156 3580 1250 3648 binos
1273 3579 1423 3648 Vicarios

290 3690 496 3780 «generales
522 3711 614 3782 eque
640 3689 833 3781 principales
857 3712 915 3757 seu
942 3689 976 3757 in
1003 3688 1144 3756 solidum
1172 3687 1368 3755 constituere
1389 3683 1423 3750 in

290 3822 307 3860 c
330 3796 442 3866 eadem
462 3796 604 3879 dioeoeai,
628 3808 664 3864 ut
680 3817 852 3865 musarum
872 3794 1072 3886 expeditioni
1095 3793 1221 3862 facilins
1239 3789 1424 3860 censuum

289 3929 306 3966 a
329 3905 382 3991 sit,
392 3903 573 3972 desumitur
587 3926 628 3971 ex
645 3911 736 3971 textu
749 3903 785 3970 in
799 3902 901 3995 eapite
919 3901 1084 3985 Quoniam
1102 3898 1323 3990 14,deofficio
1337 3894 1425 3966 ordi-

292 4035 308 4073 c
331 4009 431 4090 narii,
447 4009 494 4078 ibi
513 4037 520 4076 ι
534 4007 730 4100 provideant
745 4009 829 4076 viros
844 4008 987 4077 idoneos.
1005 4008 1045 4076 Et
1061 4005 1194 4076 tradunt
1206 4002 1364 4094 Pirrhing
1378 4001 1424 4093 [in

292 4146 308 4182 a
330 4117 384 4208 jus
398 4117 601 4203 canonicum,
617 4117 640 4183 1.
658 4120 688 4202 1,
707 4114 758 4182 tit.
774 4118 830 4202 28,
847 4138 879 4206 p.
897 4115 965 4205 29),
983 4109 1327 4201 Reiffenstnelleodem
1341 4109 1421 4188 loeo,

291 4253 308 4292 c
326 4215 1421 4318 §3,n.67),Riccius...,Pellegrini...‚Leureuius...,Veutriglia..
