3032 4976
276 513 337 579 nst
650 533 828 580 rnnemrus
851 535 889 579 nr
911 533 1044 580 runicus.

317 657 396 722 Item
411 654 597 722 extenditur
611 652 698 722 dicta
712 653 873 745 generalis
890 654 1002 746 regula
1014 655 1056 724 ad
1065 654 1230 748 quodlibet
1245 655 1405 741 delictum,

274 762 341 829 sive
363 783 463 852 grave
490 761 531 829 sit
553 761 621 829 sive
645 761 735 851 leve3
762 770 795 830 et
817 762 888 830 sive
908 769 1019 830 contra
1040 762 1186 832 divinam
1208 762 1327 853 legem,
1346 762 1407 830 sire

273 879 384 938 contra
413 867 657 936 ecclesiasticam
689 877 865 960 patratum.
895 872 974 938 Item
997 870 1127 960 attingit
1152 893 1206 940 eos
1233 870 1330 939 etism
1356 869 1408 962 qni

272 975 481 1067 privilegium
507 974 627 1043 habent
646 997 712 1043 non
728 974 947 1068 respondendi
968 975 1033 1043 nisi
1054 999 1162 1044 coram
1184 984 1270 1045 certo
1291 975 1407 1068 judice,

274 1081 339 1150 nisi
354 1083 387 1149 iu
404 1082 460 1150 tali
475 1082 647 1173 privilegio
661 1105 815 1174 expressa
831 1083 950 1152 mentio
967 1086 1022 1151 liat
1038 1083 1078 1152 de
1093 1105 1170 1152 casn
1184 1083 1302 1170 delicti,
1318 1091 1410 1175 pront

274 1193 453 1258 constater
469 1188 572 1280 capite
594 1189 722 1256 Veiente
739 1190 783 1280 (t,
800 1189 839 1256 de
861 1190 1054 1282 Prioileqiis,
1072 1191 1106 1258 in
1124 1191 1169 1279 6).

317 1295 532 1387 Exceptiones
561 1295 608 1364 od
629 1296 838 1387 praemissam
872 1297 1032 1386 requiem.
1065 1335 1109 1348 -
1138 1301 1170 1363 1⁰
1196 1295 1411 1388 Excipiuntur

272 1404 434 1497 Episcopi,
446 1425 585 1495 quorum
600 1402 767 1492 graviores
782 1401 969 1470 criminales
984 1425 1096 1472 causus
1112 1403 1189 1471 Sedi
1205 1403 1408 1494 Apostolicae,

271 1511 409 1578 leviores
429 1531 506 1577 vero
527 1508 718 1600 provinciali
740 1509 864 1600 synodo
887 1508 1080 1602 judicandas
1103 1508 1282 1577 reservavit
1305 1508 1410 1577 conoi-

274 1617 356 1686 linm
372 1615 612 1685 Tridentinum.
627 1615 711 1682 Hine
723 1615 749 1682 si
766 1615 839 1708 quis
855 1639 1001 1708 unquam
1019 1616 1201 1710 Episcopus
1216 1615 1313 1708 (quod
1328 1617 1410 1683 Dens

273 1724 406 1815 evertet)
426 1724 460 1790 in
484 1723 588 1791 aliena
604 1721 733 1791 dioeccsi
756 1722 970 1815 delinqueret,
985 1746 1050 1791 non
1067 1732 1174 1816 posset
1195 1723 1236 1791 ab
1254 1723 1411 1814 Episcopo

274 1833 360 1900 illius
388 1831 449 1899 loci
475 1829 634 1922 jndiesri3
667 1829 768 1922 quod,
801 1831 842 1900 ob
872 1837 968 1899 tsntae
997 1831 1163 1921 dignitatis
1191 1829 1409 1914 eminentiam,

276 1939 379 2028 magis
400 1937 511 2005 decere
527 1937 634 2005 visum
652 1943 710 2004 est.

320 2050 353 2111 2⁰
369 2043 623 2134 Excipiebsntnr
638 2043 735 2110 etium
754 2043 831 2112 olim
852 2043 1014 2133 religiosi;
1031 2044 1118 2136 quod
1139 2042 1339 2134 regularium
1361 2065 1412 2112 or-

275 2151 388 2219 dinum
422 2149 628 2242 privilegium
659 2150 823 2241 quomodo
848 2173 867 2218 a
889 2150 1082 2218 Tridentino
1110 2149 1234 2242 synodo
1264 2153 1354 2242 (sess.
1382 2155 1411 2236 t,

275 2283 302 2327 c.
333 2261 365 2345 3,
385 2266 416 2325 et
441 2277 518 2331 sess.
548 2261 604 2342 25,
621 2279 650 2326 c.
680 2261 734 2344 tt,
758 2257 797 2325 de
823 2257 989 2349 Requlor.)
1014 2257 1214 2327 moderatum
1239 2266 1411 2345 remanent,

276 2367 400 2434 dicetur
415 2364 451 2432 in
465 2370 600 2431 tractatu
613 2364 652 2432 dc
671 2363 845 2432 Ordinibus
859 2365 1028 2456 reliqiosis.

322 2477 354 2540 3⁶
367 2471 536 2563 Excipitur
551 2471 700 2539 infractio
713 2472 823 2561 legum
839 2471 990 2542 localium
1005 2471 1125 2564 quibus
1143 2472 1336 2564 peregrinus
1351 2495 1413 2540 non

275 2581 406 2670 ligatur.
423 2577 486 2660 Qui
501 2577 587 2646 enim
609 2578 643 2644 in
663 2577 767 2645 aliena
790 2577 920 2646 dioecesi
935 2578 1095 2670 ejusmodi
1114 2578 1201 2669 leges
1218 2578 1413 2670 transgredi-

272 2696 339 2773 tur,
351 2709 424 2754 cum
435 2687 530 2777 juxta
546 2684 803 2752 communiorem
817 2685 1007 2752 sententiam
1023 2707 1087 2754 nou
1099 2695 1219 2777 peccet,
1232 2707 1298 2754 non
1313 2692 1414 2777 potest

275 2793 400 2862 ratione
416 2791 522 2860 delicti
537 2789 575 2858 nd
595 2789 736 2857 tribunal
752 2790 918 2858 Ordinarii
932 2791 995 2858 loci
1007 2793 1161 2884 pertrahi.

322 2907 355 2968 t⁰
368 2899 562 2969 Ordinarius
576 2897 651 2984 loci,
665 2897 698 2964 in
714 2921 779 2988 quo
793 2900 866 2988 quis
880 2897 1016 2990 deliquit
1031 2907 1146 2991 potest,
1161 2897 1294 2990 quidem
1306 2897 1346 2966 de
1360 2899 1412 2966 de·

276 3010 353 3078 licto
369 3007 416 3075 ibi
436 3006 608 3074 commisso
627 3027 820 3094 cognoscere
841 3013 872 3073 et
895 3005 1090 3074 sententiam
1104 3006 1200 3092 ferre,
1220 3028 1285 3074 non
1309 3015 1412 3074 antem

277 3117 317 3184 de
332 3113 510 3182 commissis
530 3111 608 3180 alibi
629 3110 749 3180 delicti.
774 3113 822 3180 lta
842 3113 1047 3182 communior
1068 3112 1225 3182 sententia
1242 3111 1328 3204 (vide
1344 3112 1412 3181 Pir-

275 3224 388 3312 rhing,
405 3222 440 3288 in
460 3220 508 3287 tit.
528 3223 559 3304 2,
576 3218 631 3286 lib.
651 3223 669 3285 2
695 3220 834 3306 Deerat,
851 3242 884 3287 n.
904 3222 970 3312 27).

323 3336 354 3398 5⁰
369 3325 506 3411 Quando
527 3324 718 3418 delinquens
736 3349 754 3393 e
770 3326 944 3413 territorio,
959 3327 1105 3395 nondum
1125 3327 1252 3413 citatus,
1267 3349 1411 3417 egressus

276 3448 336 3524 est,
355 3442 494 3528 potestas
507 3431 675 3500 Ordiuarii
689 3432 777 3500 illius
793 3433 854 3501 loci
868 3434 1028 3503 limitatur
1040 3434 1137 3524 juxta
1152 3433 1185 3500 id
1201 3433 1288 3525 quod
1303 3434 1412 3502 statui-

277 3556 329 3614 tnr
344 3541 441 3627 infra,
458 3539 519 3607 sub
536 3542 570 3605 3ει
586 3547 617 3604 et
632 3544 667 3606 ta
681 3540 805 3630 regula.

320 3652 449 3719 Rnoucr
473 3650 518 3712 2⁸.
536 3684 580 3696 -
596 3646 636 3713 Si
651 3644 836 3738 delinquens
850 3647 885 3714 in
906 3647 1015 3716 olzene
1036 3648 1173 3728 dioecesi,
1191 3647 1310 3717 ididem
1325 3671 1413 3740 repe-

277 3759 394 3838 riatur,
410 3754 502 3824 celsi
523 3764 601 3820 onte
619 3753 690 3842 ejus
706 3775 867 3844 opressum
883 3755 1037 3822 citatione
1057 3755 1120 3846 ipsi
1143 3755 1314 3823 insinuata
1327 3778 1413 3847 pre-

275 3877 388 3934 ventus
401 3861 479 3954 ficit,
494 3871 601 3951 potest
623 3859 665 3926 ob
684 3859 861 3928 Ordinorio
878 3860 967 3928 illius
984 3861 1047 3929 loci
1062 3861 1190 3954 pristini,
1206 3863 1272 3929 sine
1287 3885 1415 3931 encom-

274 3969 503 4047 municatione‚
530 3967 596 4034 siue
615 3965 803 4058 priuatione
832 3968 931 4060 officii
959 3981 1019 4036 ortt
1049 3968 1201 4060 beneficii,
1229 3970 1295 4037 sive
1317 3993 1416 4061 poeno

267 4075 475 4174 pecuniaria,
494 4074 612 4154 aliane,
634 4096 697 4164 pro
723 4075 853 4142 ratione
873 4074 993 4143 delicti.
1011 4114 1056 4128 -
1069 4074 1207 4158 Quando
1227 4075 1416 4168 delinquens

272 4189 308 4257 in
336 4183 405 4252 loco
430 4181 537 4248 delicti
563 4180 735 4270 reperitur,
759 4207 775 4245 c
799 4204 850 4248 res
877 4184 954 4249 satis
981 4190 1028 4249 est
1050 4181 1200 4274 expedita
1217 4209 1224 4250 :
1242 4181 1416 4251 dicendum

277 4321 294 4360 o
318 4291 418 4378 enim,
433 4310 471 4358 co
487 4309 563 4356 casn
577 4287 831 4380 delinquentem,
849 4290 907 4358 etsi
930 4289 1009 4358 alias
1031 4308 1096 4360 non
1121 4289 1202 4359 toret
1218 4289 1381 4378 subditus
1399 4315 1418 4359 a
