3032 4976
250 468 312 534 tto
620 487 797 536 moereres
819 489 858 536 nr
879 487 1012 537 torreris.

248 611 382 678 omnino
401 608 597 701 profitentur
619 610 809 698 catholicos,
833 611 928 680 dictis
948 621 979 679 et
999 610 1126 704 scriptis
1147 609 1290 704 quotidie
1309 633 1392 701 pro-

245 724 447 808 pugnantur.
470 715 595 808 Ecquid
616 716 748 785 tandem
769 717 925 786 libertatis
948 719 984 786 in
1001 717 1172 786 scribendo
1193 717 1389 801 remanebit,

247 823 274 890 si
290 825 438 914 privatus
451 824 485 892 in
501 825 631 914 privato
646 822 768 916 scripto
788 831 901 894 auctor
915 824 948 892 id
963 823 1059 892 hodie
1077 824 1222 916 prolerre
1236 833 1389 916 nequeat,

247 931 334 1023 quod
361 932 528 1000 communi
553 954 630 1002 voce
654 931 801 1001 doctores
825 932 977 1001 catholici
1003 940 1187 1001 constanter
1213 930 1389 1020 tradidere,

245 1039 280 1105 in
307 1062 373 1130 qno
401 1047 432 1108 et
460 1037 613 1128 genuina
642 1038 798 1108 doctrinae
827 1041 1000 1130 puritatem
1029 1039 1083 1109 vel
1115 1039 1164 1108 illi
1194 1047 1389 1129 agnoscunt,

248 1145 304 1236 qui
328 1145 367 1214 de
390 1167 428 1214 ea
453 1146 618 1213 silentium
641 1146 868 1236 expostulent?
886 1147 973 1215 Dum
995 1146 1137 1215 effraenis
1158 1145 1277 1238 ubique
1299 1145 1392 1214 loco-

247 1274 323 1321 rum
344 1274 478 1320 erronea
505 1251 668 1321 scribendi
691 1253 834 1338 libertas,
854 1253 934 1344 quid
956 1253 1036 1321 tanti
1058 1245 1392 1346 periculiimminere

248 1359 441 1446 somniatur,
469 1360 497 1427 si
527 1359 602 1451 quis
629 1359 756 1452 privato
786 1361 918 1429 nomine
946 1382 1044 1452 quam
1075 1361 1234 1428 sinceram
1262 1367 1391 1452 reputat

248 1465 431 1535 doctrinam
456 1465 659 1554 catholicam,
681 1467 716 1534 in
736 1466 881 1535 medium
903 1467 1048 1558 proferre
1070 1467 1205 1536 audeat?
1218 1467 1291 1536 Non
1309 1489 1390 1558 pru·

248 1572 368 1642 dentiae
384 1573 413 1642 is
433 1581 538 1642 metus
557 1582 616 1662 est,
632 1574 688 1642 sed
707 1575 771 1666 qui·
783 1574 978 1643 malesanam
998 1575 1106 1667 potins
1124 1575 1240 1666 sapiat,
1260 1583 1330 1644 tum
1349 1575 1392 1643 de
1511 1589 1512 1602 ²

213 1761 216 1768 .
247 1702 282 1747 re
308 1680 377 1771 ipse
399 1679 568 1768 catholica,
596 1689 666 1748 tum
690 1679 730 1748 de
758 1679 990 1750 hodiernorum
1015 1682 1111 1750 etiam
1137 1690 1318 1774 temporum
1336 1702 1392 1749 ra-

248 1788 334 1856 tione
358 1788 616 1856 estimationem.
637 1789 745 1878 Atque
766 1789 893 1856 utinam
918 1788 1048 1876 multos,
1072 1789 1130 1881 qui
1152 1811 1185 1856 ec
1206 1787 1394 1856 istiusmodi

247 1895 431 1984 prudentiae
446 1901 609 1986 praetextu
622 1902 654 1962 et
669 1893 760 1962 larva
774 1895 960 1985 involvunt,
977 1896 1158 1988 proditores
1169 1895 1311 1966 Ecclesia
1323 1918 1394 1964 non

248 2009 331 2068 esset
344 2001 438 2070 toties
449 2006 602 2093 experta!
