3030 4980
542 513 616 558 nnus
643 513 789 560 succum.
1171 489 1233 556 375

87 633 361 724 dispositionibus
376 633 578 720 inherendo,
594 633 713 703 dictam
727 633 916 704 restituendi
933 642 1119 726 potestatem
1135 633 1236 703 Ordi-

88 741 193 808 nariis
214 741 442 810 vindicamus:
461 764 503 810 ex
523 742 655 811 inducta
675 749 783 810 autem
804 743 965 812 contraria
983 741 1232 828 consuetudine,

83 849 156 939 jam
179 871 246 916 non
270 856 407 940 possunt
427 847 595 918 Ordinurii
621 849 801 940 (inferiores
822 849 920 940 Papa)
943 849 1177 918 restitutionem
1199 851 1235 918 in

87 956 269 1044 integrum,
286 963 399 1024 eontra
409 957 601 1024 seutentiam
614 955 815 1024 definitivam
826 979 847 1024 a
858 955 972 1045 seipsis
984 955 1143 1047 prolatam
1155 978 1235 1024 cou-

87 1061 219 1148 cedera3
232 1061 287 1132 sed
300 1062 458 1132 restitutio
470 1062 542 1132 haec
553 1086 573 1131 a
580 1062 689 1154 judice
700 1063 939 1154 appellationis,
955 1062 1006 1131 val
1017 1086 1038 1131 a
1048 1062 1131 1132 Sede
1143 1066 1236 1154 Apo-

89 1170 205 1238 stolica
218 1170 395 1266 obtinenda
408 1179 467 1240 est.

137 1276 210 1358 Ouo
232 1287 426 1369 praenotato,
450 1279 491 1348 ad
516 1301 661 1371 praesens
684 1279 860 1371 quaesitum
879 1277 1096 1366 deveniendo,
1116 1278 1238 1370 pariter

90 1384 360 1474 distinguendum
376 1395 424 1455 cst
444 1413 451 1454 ι

141 1495 172 1558 1·
185 1494 315 1560 Attente
326 1501 515 1584 praeasserta
526 1493 771 1580 cousuetudine,
782 1492 957 1562 dicendum
970 1492 1165 1585 Episcopum
1178 1515 1237 1562 nec

91 1607 206 1668 contra
226 1601 390 1691 propriam
406 1601 597 1669 seutentiam
617 1623 710 1692 posse
727 1602 906 1688 restituere,
930 1623 988 1670 uec
1008 1601 1105 1669 etiarn
1125 1608 1238 1670 contra

92 1708 285 1776 sententiam
309 1707 432 1776 Vicarii
450 1709 501 1776 sui
521 1708 694 1797 generalis,
719 1715 829 1798 utpote
849 1729 924 1798 quae
947 1709 987 1775 de
1005 1708 1080 1798 jure
1100 1707 1237 1776 habetur

92 1839 154 1906 pro
171 1816 307 1906 ipsamet
319 1815 477 1883 sententia
490 1815 653 1906 Episcopi.

139 1925 232 2011 ltem,
250 1947 268 1990 a
283 1923 424 2010 fortiori,
441 1923 592 1992 Vicarius
605 1922 765 2013 generalis
776 1944 834 1990 nec
848 1929 959 1990 conus
970 1944 1077 2008 suam,
1091 1944 1150 1990 nec
1161 1945 1239 1991 con·

93 2043 146 2100 tra
160 2031 311 2122 Episcopi
325 2030 517 2098 seutentiam
533 2030 701 2098 restituere
715 2029 847 2098 valebit.

140 2143 175 2205 2⁰
206 2137 434 2206 Abstraheudo
461 2145 570 2206 eutem
599 2160 619 2205 a
648 2136 804 2229 praedicta
832 2136 1077 2224 cousuetudine,
1107 2146 1140 2205 et
1169 2137 1239 2206 hae-

93 2245 197 2315 rendo
227 2245 393 2313 communi
417 2244 484 2336 juri
513 2244 633 2335 scripto
660 2243 753 2311 aliter
782 2242 937 2312 solvenda
964 2243 1047 2312 forat
1072 2243 1235 2334 quaestio:

94 2373 226 2442 nempe,

140 2459 266 2541 Primo,
284 2458 462 2549 Episcopus
476 2467 582 2548 posset
600 2465 631 2524 et
653 2463 766 2524 contra
784 2477 889 2541 suam,
908 2463 940 2522 et
952 2478 972 2523 a
986 2456 1113 2523 fortiori
1128 2463 1241 2524 contra

94 2566 218 2636 Vicarii
232 2567 282 2633 sui
297 2564 487 2634 sententiam
504 2565 684 2632 restituere.
700 2563 758 2631 Est
771 2563 858 2630 enirn
874 2561 1068 2630 Ordinarius
1082 2562 1240 2631 adminis-

93 2672 266 2740 trationem
282 2670 405 2738 habeus
423 2697 430 2735 :
448 2693 546 2761 porro
565 2667 733 2737 decretalis
756 2671 863 2737 Causa
883 2669 928 2757 (9,
947 2666 1032 2734 tituli
1055 2671 1109 2755 41,
1127 2667 1202 2734 libri
1222 2672 1235 2735 t

93 2780 324 2868 Decretalium)
348 2777 533 2846 Ordinariis
546 2777 867 2846 administrationem
882 2775 1075 2845 habentibus
1088 2798 1240 2867 expresso

94 2888 210 2957 tribuit
237 2894 425 2980 potestatem
453 2908 566 2953 causas
594 2884 805 2953 restitutionis
833 2885 867 2950 in
891 2884 1056 2972 integrum
1080 2883 1239 2952 tractandi

94 3005 193 3086 atque
209 2992 360 3062 finiendi.

137 3100 301 3184 Secundo,
318 3100 468 3170 Vicarius
483 3101 562 3168 item
576 3098 737 3188 generalis
751 3107 863 3166 contra
875 3119 968 3166 suam
980 3097 1174 3165 sententiam
1185 3121 1240 3166 re-

95 3210 230 3278 stituere
244 3215 366 3300 posset;
383 3229 457 3276 cum
473 3208 525 3298 (ex
542 3228 641 3297 supra
652 3204 806 3296 probatis)
823 3205 893 3294 ejus
904 3202 1086 3292 junisdiotio
1100 3205 1142 3273 sit
1153 3205 1242 3272 ordi·

97 3319 203 3404 naria,
224 3339 260 3384 ac
278 3314 416 3407 proinde
435 3315 520 3382 inter
543 3312 736 3381 Ordinarios
756 3310 1076 3380 administrationem
1091 3311 1242 3381 balantes

96 3434 127 3494 et
144 3425 212 3515 ipse
228 3420 452 3492 numerandus
469 3421 524 3488 sit.

145 3531 262 3613 Tertio,
279 3539 391 3598 contra
405 3529 599 3597 seutentiam
613 3529 710 3596 etiam
726 3526 877 3618 Episcopi
892 3536 999 3618 posset
1016 3525 1168 3595 Vicarius
1182 3549 1243 3616 ge-

98 3639 219 3707 neralis
239 3637 474 3706 restitutionem
490 3637 524 3703 in
543 3636 707 3724 integrum
723 3634 915 3713 concedere;
936 3642 1032 3725 prout
1046 3657 1121 3702 cum
1138 3634 1243 3705 Sbro-

97 3749 147 3816 zio
164 3745 234 3836 (lib.
253 3749 285 3832 3,
303 3767 336 3834 q.
355 3747 408 3830 13,
426 3767 459 3810 n.
481 3743 512 3832 5)
527 3741 661 3810 tradunt
677 3742 771 3810 multi
786 3740 960 3810 canonista
983 3749 1094 3810 contra
1109 3763 1242 3832 paucos.

143 3851 220 3940 Sed,
237 3860 274 3920 ut
289 3850 411 3917 dictum
426 3857 487 3936 est,
502 3848 663 3940 generalis
675 3848 745 3940 jam
759 3871 838 3916 usus
861 3847 1013 3934 obtinuit,
1031 3857 1078 3934 ut,
1095 3847 1136 3915 ad
1153 3849 1244 3917 obti-

99 3960 240 4030 nendam
258 3959 375 4026 dictam
392 3957 643 4043 restitutionem,
660 3954 744 4022 adiri
762 3955 888 4040 debeat,
908 3975 973 4020 non
988 3954 1166 4044 ipsummet
1182 3957 1245 4024 tri-

99 4067 201 4136 bunal
216 4089 235 4133 a
248 4088 314 4156 quo
327 4065 485 4133 sententia
501 4063 656 4150 manavit,
676 4061 732 4131 sed
743 4061 845 4153 judex
861 4061 1009 4152 superior
1025 4083 1081 4130 seu
1100 4062 1245 4155 appella-

100 4176 209 4243 tionis.

143 4282 290 4364 Quusrro
306 4284 352 4347 9⁸.
374 4319 419 4334 -
434 4282 484 4352 dn
499 4304 521 4349 a
539 4278 699 4348 sententia
726 4277 849 4347 Vicarii
870 4276 1030 4368 pancratis
1044 4277 1161 4367 possit,
1180 4299 1246 4347 non
