3030 4980
548 487 623 532 ruas
646 487 791 534 saturos.
1179 469 1239 532 437

96 609 230 678 stitutus
245 607 392 678 eamdem
412 606 527 676 habeat
546 606 805 700 jurisdictionem
828 629 865 676 ac
888 606 956 699 ipse
975 607 1127 676 Vicarius
1147 631 1246 696 gene-

97 715 189 802 ralis,
213 714 320 786 valide
341 714 474 806 quidem
498 715 554 783 liet
580 739 599 784 a
621 714 757 785 Vicario
779 715 924 804 generali
949 713 1020 782 talis
1047 713 1245 783 substitutio.

97 823 165 890 Sed
186 832 263 891 tunc
279 822 412 914 proprie
434 823 476 890 ab
497 822 658 915 Episcopo
678 821 886 891 constituitur
908 821 1123 907 substitutus;
1147 821 1245 891 Vica-

97 929 170 998 rius
184 936 292 998 cutem
308 929 469 1019 generalis
482 930 574 1018 eligit
595 928 767 998 dumtaxat
780 951 952 1020 porsonam
977 937 1008 996 et
1030 929 1185 998 nominat.
1209 929 1246 995 lu

95 1059 199 1126 quam
221 1035 413 1103 seutentiam
433 1035 607 1104 convenire
629 1035 727 1105 etiam
745 1035 905 1122 doctores,
931 1034 1005 1105 vide
1024 1034 1112 1126 apud
1132 1032 1246 1103 lauda-

97 1153 171 1210 tum
183 1142 383 1210 Leurenium
402 1143 482 1232 (loco
496 1143 618 1234 citato).

146 1255 177 1318 3.
195 1253 248 1318 Au
265 1251 364 1342 possit
387 1250 500 1318 saltem
520 1251 672 1321 Vicarius
696 1252 868 1342 generalis,
889 1251 931 1320 ob
952 1270 1083 1319 causam
1106 1249 1248 1316 necessi·
1367 1247 1370 1258 '

99 1357 175 1426 tatis
207 1355 309 1446 (verbi
337 1356 454 1444 gratia,
486 1367 617 1448 propter
645 1359 824 1427 absentiam
850 1357 903 1426 vel
937 1354 1170 1446 infirmitatem)
1202 1352 1249 1422 ud

99 1465 194 1532 breve
223 1477 350 1554 tempus
377 1463 576 1550 sibialiam,
605 1466 727 1557 absque
751 1465 884 1557 speciali
911 1464 1062 1534 facultate
1083 1461 1245 1554 Episcopi,

98 1572 312 1658 substituere,
328 1571 386 1663 qui
401 1571 524 1640 Vicarii
549 1595 683 1642 munere
702 1596 778 1642 cum
799 1572 898 1641 simili
918 1571 1144 1663 jurisdictione
1164 1571 1249 1638 inte-

99 1680 165 1748 rim
193 1679 362 1768 tungatur,
393 1679 478 1747 iuter
502 1688 649 1748 auctores
679 1681 942 1750 controvertitur.
968 1678 1064 1748 Multi
1090 1678 1178 1745 euim
1201 1685 1249 1744 te-

99 1794 194 1872 nent,
225 1787 324 1854 etiam
355 1785 463 1877 quoad
490 1787 588 1856 talem
617 1789 893 1876 substitutionem,
928 1785 1147 1856 necessarium
1180 1807 1248 1854 esse

99 1893 240 1986 speciale
253 1893 444 1962 mandatum
460 1893 622 1987 Episcopi.
1065 1965 1069 1976 ,

149 2002 294 2084 Quaene
309 2006 377 2070 32³.
392 2041 436 2054 -
450 2005 499 2072 An
508 2004 611 2094 possit
634 2002 780 2072 Vicarias
792 2003 964 2095 pecoralis,
982 2002 1102 2093 absque
1116 2002 1239 2093 special
1244 2001 1250 2015 '

101 2110 274 2192 mandato,
299 2110 362 2178 sibi
384 2111 576 2178 constituere
596 2109 805 2201 delapsarum?
823 2149 868 2162 -
888 2110 1012 2179 Tenent
1034 2109 1251 2178 communiter

103 2215 276 2283 doctores:
307 2218 339 2282 1ο
362 2237 439 2282 eum
461 2237 565 2306 posse,
592 2216 714 2306 absque
740 2216 873 2308 speciali
900 2214 1052 2284 mandato
1083 2215 1247 2308 Episcopi,
1366 2271 1368 2280 ,

104 2343 205 2392 unam
234 2322 285 2390 vel
311 2322 422 2414 plures
439 2345 551 2391 causas
577 2322 745 2413 delegare3
775 2328 808 2391 2ο
833 2346 899 2391 non
924 2331 1032 2391 autem
1055 2322 1250 2392 constituere

103 2430 289 2520 delegatum
303 2427 343 2498 ad
359 2452 530 2498 causarum
550 2430 807 2500 universitatem.
833 2429 929 2521 (Vide
945 2431 1157 2517 Leurenium,
1180 2430 1250 2498 loco

103 2539 176 2623 cit,
204 2562 237 2629 q.
270 2538 358 2626 199.)
384 2536 507 2605 Similis
533 2547 641 2606 autem
667 2537 827 2606 censenda
849 2546 897 2606 est
919 2545 1058 2628 potestas
1080 2535 1250 2626 delegandi

103 2647 140 2713 in
165 2645 339 2714 substituto
355 2644 481 2714 Vicarii
495 2645 655 2735 generalis
677 2645 812 2737 proprie
834 2645 939 2732 dict03
962 2645 1019 2736 qui
1042 2666 1159 2736 nempe
1175 2668 1249 2712 oum

104 2762 174 2822 tota
185 2753 308 2822 Vicarii
328 2752 488 2841 generalis
506 2752 745 2843 jurisdictione,
775 2754 811 2822 vi
840 2752 987 2844 specialis
1008 2751 1150 2820 mandati
1173 2752 1253 2843 Epi-

105 2860 209 2952 scopi,
226 2859 419 2928 substitutus
437 2867 496 2927 est.

150 2969 295 3050 Qunsmo
322 2971 389 3036 332.
413 3005 457 3020 -
481 2967 700 3050 Quaadouam
726 2968 918 3037 substitutus
948 2967 1069 3037 Vicurii
1096 2967 1240 3056 penerul'

104 3089 237 3148 vocetur
251 3077 459 3167 Vicesperaas,
473 3089 504 3144 et
518 3076 727 3168 quandonam
742 3080 1013 3146 Locum-teneas:
1025 3088 1057 3144 et
1071 3097 1115 3143 aa
1129 3076 1171 3144 ab
1183 3077 1253 3167 ipso

105 3185 153 3255 ud
177 3185 343 3255 Vicarium
371 3183 554 3276 pecoralem
580 3183 676 3252 datar
698 3184 904 3276 appellatio?
930 3186 1029 3250 -1ο
1053 3183 1255 3253 Substitutus

106 3292 230 3366 Vicarii
242 3291 401 3382 generalis
411 3291 529 3382 injure
542 3301 675 3361 vocatur
693 3293 903 3382 Viccspereas,
918 3289 1051 3381 quando
1068 3289 1255 3358 immediate

104 3402 147 3472 ab
167 3399 327 3491 Episcopo
342 3397 534 3467 constitutus
553 3397 626 3466 tuit.
649 3398 847 3468 avocatur
871 3405 980 3466 autem
1001 3399 1255 3466 Locum-tenens

105 3507 327 3602 quandoenm
343 3505 407 3572 sibi
426 3527 467 3572 ex
490 3504 622 3594 speciali
642 3504 682 3572 de
702 3528 769 3596 qua
791 3505 982 3574 dictumest
1004 3505 1168 3591 facultate,
1191 3505 1256 3574 Vi-

106 3617 215 3686 carius
225 3613 386 3704 generalis
399 3612 575 3680 substituit.
591 3611 689 3702 (Vide
699 3612 914 3698 Leurenium,
928 3610 968 3679 de
984 3610 1117 3680 Vicariis
1128 3612 1254 3702 Epicu,

106 3747 181 3814 cap.
199 3728 232 3808 1,
248 3746 280 3813 q.
301 3721 346 3812 3.)
364 3723 396 3786 3ο
414 3719 626 3810 Quocumque
645 3728 753 3787 autem
773 3719 904 3787 nominc
929 3717 1068 3805 dicatur,
1093 3718 1122 3784 si
1143 3719 1184 3786 sit
1203 3743 1257 3788 ve-

110 3853 167 3899 rus
182 3829 389 3914 substitutus,
403 3835 435 3894 et
449 3848 515 3894 non
531 3848 641 3894 merus
657 3826 835 3916 delegatus,
861 3823 1011 3893 eumdem
1032 3825 1178 3892 tribunal
1200 3825 1258 3894 ha-

109 3940 166 4007 bet
185 3959 260 4005 cum
281 3934 415 4005 Vicario
440 3933 597 4024 generali,
624 3956 661 4000 sc
687 3932 825 4024 proinde
850 3932 946 4000 etiam
972 3954 1048 3999 cum
1072 3931 1257 4024 Episcopo:

110 4051 347 4134 consequenter
358 4042 399 4110 ab
413 4064 450 4109 ec
467 4063 532 4108 non
549 4040 656 4126 datur,
672 4063 778 4132 neque
798 4039 840 4108 ad
865 4038 1037 4109 Vicarium
1061 4041 1258 4129 generalem,

113 4175 220 4245 neque
234 4150 275 4219 ad
289 4149 486 4241 Episcopum
501 4146 686 4239 appellatio.

159 4260 305 4343 Quacum
322 4261 388 4326 tlt.
404 4257 508 4323 -Au
525 4265 556 4322 et
576 4252 737 4345 quomodo
758 4265 854 4324 cesset
868 4251 1062 4344 jurisdictio
1081 4254 1260 4338 substituti,
