3046 4968
289 429 349 494 llll
661 453 837 498 raacrmus
861 455 899 499 nn
921 455 1053 502 runrcns.

287 573 328 638 tis
352 585 443 640 testes
467 575 604 665 eequeles
625 577 762 665 suerint,
783 599 846 666 pro
870 577 1019 644 libertate
1044 577 1201 644 sententie
1227 577 1424 666 proferetur.

285 677 445 748 Probatur
472 687 505 748 2ο
530 683 632 772 capite
657 683 789 751 Duobus
807 683 977 773 judicibus
1002 689 1057 770 26,
1079 683 1118 751 de
1145 683 1316 751 Sententia
1339 695 1370 750 et
1394 705 1429 750 re

279 786 447 875 judicate,
467 791 500 856 in
516 813 581 879 quo
597 789 643 856 sie
657 789 840 880 disponitur
860 818 867 858 :
888 794 982 860 Tenet
1000 815 1063 883 pro
1086 813 1140 859 reo
1161 814 1226 858 non
1240 814 1304 882 pro
1320 803 1430 857 ectore

286 895 456 976 sententie,
473 895 537 963 nisi
551 896 585 963 in
599 920 698 964 ceusu
718 897 908 988 fauorabili,
923 911 1008 990 pute
1023 897 1246 978 matrimonio,
1265 895 1426 978 libertate,

288 999 372 1082 dote,
387 1024 442 1069 seu
459 1015 662 1071 testamento.
682 1003 815 1073 Probari
833 1016 940 1097 posset
957 1009 989 1072 3⁰
1002 1029 1042 1073 ex
1057 1006 1130 1097 jure
1146 1004 1298 1092 naturali,
1313 1005 1431 1072 merito

287 1107 388 1176 dictes
408 1132 520 1178 causas
542 1111 603 1178 hoc
624 1111 796 1202 privilegio
824 1113 945 1180 muniri
958 1141 966 1193 ;
987 1113 1064 1204 quia
1089 1135 1205 1204 nempe
1232 1112 1264 1180 id
1291 1111 1433 1203 requirit
1514 1139 1515 1192 t

286 1213 411 1282 bonum
427 1217 578 1304 generale
603 1218 763 1285 societatis
780 1219 951 1308 religiosae,
967 1228 1004 1287 ut
1024 1229 1111 1287 recta
1130 1219 1211 1286 ratio
1229 1219 1344 1309 cuique
1359 1240 1430 1286 rem

288 1321 482 1413 expendenti
497 1323 589 1392 facile
599 1322 708 1392 dictat.
724 1325 840 1394 Valere
855 1335 963 1393 autern
979 1327 1157 1394 etiamnum
1174 1325 1332 1417 ejusmodi
1344 1323 1432 1415 juris

289 1429 370 1495 sacri
387 1429 645 1520 dispositionem,
665 1443 825 1522 procerte
841 1431 1016 1500 tenendum
1033 1423 1096 1518 est3
1113 1433 1189 1524 quia
1209 1432 1307 1500 etiam
1322 1433 1351 1498 si
1365 1431 1433 1499 nli-

196 1591 198 1608 .
290 1535 364 1604 cubi
383 1536 563 1626 irrepsisset
586 1540 747 1607 contraria
771 1541 983 1626 consuetudo,
1002 1563 1061 1631 pro
1082 1539 1224 1608 invalida
1244 1550 1274 1606 et
1297 1539 1435 1606 abusiva
1514 1591 1515 1616 ,

290 1650 374 1709 esset
390 1641 549 1734 habenda,
569 1655 679 1738 utpote
695 1669 796 1734 grave
812 1655 1044 1716 nocumentum
1061 1647 1203 1714 societati
1224 1645 1385 1734 religiosae
1401 1653 1435 1712 et

288 1747 375 1816 hono
390 1750 574 1819 animarum
594 1753 741 1820 afferens.

842 2013 885 2080 V.

566 2183 603 2231 De
618 2181 778 2246 obltpetione
788 2182 930 2248 judicandi
940 2184 1022 2248 juxte
1039 2184 1162 2248 eliopeto.

340 2402 368 2464 1.
396 2398 514 2482 ludex,
541 2400 736 2489 repuleriter
762 2399 937 2491 loquendo,
962 2398 1109 2490 judicare
1136 2397 1231 2466 debet
1254 2397 1436 2467 secundum

290 2503 428 2594 allegata
448 2515 478 2572 et
502 2508 646 2597 probata.
678 2507 734 2574 Est
760 2506 943 2575 communis
968 2505 1138 2573 doctorum
1163 2507 1336 2590 sementim
1359 2527 1435 2595 qure

291 2633 331 2678 ex
348 2612 485 2703 ipsomet
505 2613 579 2705 jure
596 2613 734 2681 naturali
757 2621 844 2682 certa
863 2621 966 2705 potest
987 2613 1217 2696 demonstrari,
1235 2619 1269 2680 ut
1285 2612 1362 2679 satis
1376 2634 1438 2702 per
1514 2703 1515 2708 ἵ

292 2741 325 2785 se
353 2728 449 2810 patet.
474 2722 625 2790 Diximus
651 2731 760 2790 autem
778 2721 983 2812 repuleriter,
1007 2721 1048 2789 oh
1073 2744 1183 2788 casum
1208 2719 1436 2811 particularem

292 2846 379 2894 nunc
399 2827 650 2914 discutiendnm,
669 2853 785 2921 nempe
804 2857 810 2895 ε

340 2939 371 3000 2.
390 2935 441 3002 An
462 2935 564 3027 judex
587 2937 701 3004 debeat
724 2934 870 3027 judieare
887 2935 1067 3003 secundum
1088 2936 1226 3024 allegata
1242 2943 1273 3003 et
1288 2933 1437 3026 probata,

294 3043 390 3108 etiam
405 3054 517 3112 contra
531 3043 695 3135 propriam
717 3054 836 3112 certam
856 3043 1043 3111 scientiam?
1059 3045 1096 3111 ln
1112 3043 1272 3134 triplicem
1292 3041 1440 3110 doctores

295 3151 487 3218 sententiam
503 3151 611 3219 abiere
623 3179 629 3218 :
636 3151 753 3242 prime
770 3150 930 3218 sententia
943 3149 1088 3218 absolute
1100 3158 1132 3218 et
1146 3149 1325 3218 universim
1337 3155 1437 3234 tenet,

295 3277 388 3344 posse
407 3255 548 3346 judicem
573 3266 605 3325 et
627 3255 756 3344 debere,
774 3279 901 3347 semper
917 3266 948 3324 et
975 3257 1010 3323 in
1029 3279 1235 3348 quacumque
1261 3277 1368 3340 eausa,
1382 3255 1438 3346 ju-

296 3359 403 3428 dicare
425 3363 603 3432 secundum
626 3365 771 3454 eliopeto
795 3377 826 3432 et
848 3363 1120 3456 meleteniam
1143 3371 1255 3432 contra
1274 3361 1439 3452 propriam

297 3469 535 3538 conscientiam.
554 3469 648 3539 Unde
671 3471 700 3537 si
719 3471 821 3562 judex
848 3471 973 3561 privata
994 3470 1127 3538 scientia
1148 3477 1235 3537 certo
1250 3468 1329 3536 sciat
1343 3469 1439 3538 inno-

297 3584 421 3644 centem
443 3597 512 3644 esse
537 3601 625 3664 enm,
646 3578 703 3668 qui
725 3577 820 3668 juxta
841 3576 979 3666 allegata
1004 3583 1035 3643 et
1058 3575 1193 3667 probata
1216 3597 1276 3666 pro
1306 3583 1441 3642 nocente

297 3681 466 3751 habendus
492 3692 551 3770 est,
566 3694 597 3750 et
613 3683 740 3750 nullum
761 3681 901 3773 supersit
929 3679 1072 3748 medium
1098 3679 1250 3748 eumdem
1266 3676 1440 3764 liberandi,

297 3788 427 3857 debebit
452 3813 526 3857 eum
553 3799 707 3880 tanquam
741 3798 909 3856 nocentem
938 3786 1164 3855 condemnare.
1190 3784 1307 3867 luder,
1335 3784 1442 3876 inquit

300 3905 428 3964 sauctus
442 3897 597 3984 Thomas,
615 3897 643 3964 si
657 3897 716 3963 seit
729 3896 872 3986 aliquem
887 3896 1087 3962 irmocentem
1110 3916 1184 3975 esse,
1202 3893 1260 3984 qui
1270 3891 1364 3984 salsis
1380 3907 1445 3960 tes-

301 4003 385 4071 tib-us
397 4006 608 4086 conuincitur,
621 4003 711 4072 debet
723 4002 911 4092 dilipentius
925 4001 1117 4068 meminere
1131 4014 1233 4082 testes,
1249 4015 1285 4066 ut
1297 3999 1443 4067 invemat

301 4113 499 4180 occasionem
521 4110 682 4180 liberandi
707 4109 888 4191 innoxium,
908 4109 991 4177 sieut
1018 4108 1137 4176 Daniel
1156 4108 1244 4199 fecit.
1268 4107 1310 4175 Si
1331 4119 1442 4175 eutem

300 4219 360 4286 lroc
375 4243 439 4286 non
453 4233 567 4312 potest,
588 4219 678 4287 debet
693 4241 767 4286 eum
782 4217 943 4309 superiori
957 4215 1136 4305 relinquere
1152 4214 1385 4306 judicandum.
1406 4217 1446 4282 Si
