<?xml version="1.0" encoding="UTF-8"?>
<!DOCTYPE html PUBLIC "-//W3C//DTD XHTML 1.0 Transitional//EN"
    "http://www.w3.org/TR/xhtml1/DTD/xhtml1-transitional.dtd">
<html xmlns="http://www.w3.org/1999/xhtml" xml:lang="en" lang="en">
 <head>
  <title>
</title>
<meta http-equiv="Content-Type" content="text/html;charset=utf-8" />
  <meta name='ocr-system' content='tesseract 3.04.00' />
  <meta name='ocr-capabilities' content='ocr_page ocr_carea ocr_par ocr_line ocrx_word'/>
</head>
<body>
  <div class='ocr_page' id='page_1' title='image "./tractatusdejudi01goog_0037.png"; bbox 0 0 3046 4962; ppageno 0'>
   <div class='ocr_carea' id='block_1_1' title="bbox 278 395 1036 467">
    <p class='ocr_par' dir='ltr' id='par_1_1' title="bbox 278 395 1036 467">
     <span class='ocr_line' id='line_1_1' title="bbox 278 395 1036 467; baseline 0.007 -6"><span class='ocrx_word' id='word_1_1' title='bbox 278 395 318 462; x_wconf 77' lang='lat'><strong>26</strong></span> <span class='ocrx_word' id='word_1_2' title='bbox 648 420 821 467; x_wconf 75' lang='lat' dir='ltr'><strong>rnacrarns</strong></span> <span class='ocrx_word' id='word_1_3' title='bbox 844 422 881 466; x_wconf 77' lang='lat' dir='ltr'><strong>nn:</strong></span> <span class='ocrx_word' id='word_1_4' title='bbox 904 421 1036 466; x_wconf 81' lang='lat' dir='ltr'><strong>Junrcus.</strong></span> 
     </span>
    </p>
   </div>
   <div class='ocr_carea' id='block_1_2' title="bbox 279 540 1510 1591">
    <p class='ocr_par' dir='ltr' id='par_1_2' title="bbox 279 531 1510 1591">
     <span class='ocr_line' id='line_1_2' title="bbox 281 540 1413 632; baseline 0.007 -30"><span class='ocrx_word' id='word_1_5' title='bbox 281 565 299 601; x_wconf 75' lang='lat' dir='ltr'><strong>c</strong></span> <span class='ocrx_word' id='word_1_6' title='bbox 323 549 387 606; x_wconf 89' lang='lat' dir='ltr'><strong>non</strong></span> <span class='ocrx_word' id='word_1_7' title='bbox 409 540 602 630; x_wconf 85' lang='lat' dir='ltr'><strong>immineat),</strong></span> <span class='ocrx_word' id='word_1_8' title='bbox 618 541 704 631; x_wconf 90' lang='lat' dir='ltr'><strong>quod</strong></span> <span class='ocrx_word' id='word_1_9' title='bbox 729 541 823 610; x_wconf 89' lang='lat' dir='ltr'><strong>detur</strong></span> <span class='ocrx_word' id='word_1_10' title='bbox 839 541 951 610; x_wconf 88' lang='lat' dir='ltr'><strong>saltem</strong></span> <span class='ocrx_word' id='word_1_11' title='bbox 966 563 1041 608; x_wconf 89' lang='lat' dir='ltr'><strong>cnm</strong></span> <span class='ocrx_word' id='word_1_12' title='bbox 1055 541 1208 631; x_wconf 86' lang='lat' dir='ltr'><strong>apostolis</strong></span> <span class='ocrx_word' id='word_1_13' title='bbox 1224 541 1275 630; x_wconf 88' lang='lat' dir='ltr'><strong>(oh</strong></span> <span class='ocrx_word' id='word_1_14' title='bbox 1291 564 1413 632; x_wconf 87' lang='lat' dir='ltr'><strong>propu·</strong></span> 
     </span>
     <span class='ocr_line' id='line_1_3' title="bbox 281 647 1510 738; baseline 0.005 -28"><span class='ocrx_word' id='word_1_15' title='bbox 281 669 299 710; x_wconf 82' lang='lat' dir='ltr'><strong>c</strong></span> <span class='ocrx_word' id='word_1_16' title='bbox 321 654 450 733; x_wconf 82' lang='lat' dir='ltr'><strong>gnatam</strong></span> <span class='ocrx_word' id='word_1_17' title='bbox 472 655 659 738; x_wconf 86' lang='lat' dir='ltr'><strong>potestatem</strong></span> <span class='ocrx_word' id='word_1_18' title='bbox 684 647 888 716; x_wconf 88' lang='lat' dir='ltr'><strong>coercitivam</strong></span> <span class='ocrx_word' id='word_1_19' title='bbox 904 671 1002 738; x_wconf 87' lang='lat' dir='ltr'><strong>quam</strong></span> <span class='ocrx_word' id='word_1_20' title='bbox 1022 648 1089 738; x_wconf 90' lang='lat' dir='ltr'><strong>ipsi</strong></span> <span class='ocrx_word' id='word_1_21' title='bbox 1113 647 1335 738; x_wconf 81' lang='lat' dir='ltr'><strong>possederunt,</strong></span> <span class='ocrx_word' id='word_1_22' title='bbox 1354 649 1413 716; x_wconf 89' lang='lat' dir='ltr'><strong>do·</strong></span> <span class='ocrx_word' id='word_1_23' title='bbox 1509 669 1510 708; x_wconf 75' lang='lat' dir='ltr'><strong>l</strong></span> 
     </span>
     <span class='ocr_line' id='line_1_4' title="bbox 282 754 1510 845; baseline 0.006 -28"><span class='ocrx_word' id='word_1_24' title='bbox 282 775 299 817; x_wconf 79' lang='lat' dir='ltr'><strong>c</strong></span> <span class='ocrx_word' id='word_1_25' title='bbox 322 763 471 838; x_wconf 88' lang='lat' dir='ltr'><strong>cuerunt,</strong></span> <span class='ocrx_word' id='word_1_26' title='bbox 488 755 523 822; x_wconf 90' lang='lat' dir='ltr'><strong>in</strong></span> <span class='ocrx_word' id='word_1_27' title='bbox 546 777 641 823; x_wconf 88' lang='lat' dir='ltr'><strong>usum</strong></span> <span class='ocrx_word' id='word_1_28' title='bbox 665 755 898 845; x_wconf 79' lang='lat' dir='ltr'><strong>deduxerunt),</strong></span> <span class='ocrx_word' id='word_1_29' title='bbox 916 754 1091 822; x_wconf 88' lang='lat' dir='ltr'><strong>solemnem</strong></span> <span class='ocrx_word' id='word_1_30' title='bbox 1116 755 1225 823; x_wconf 88' lang='lat' dir='ltr'><strong>subire</strong></span> <span class='ocrx_word' id='word_1_31' title='bbox 1240 757 1412 824; x_wconf 84' lang='lat' dir='ltr'><strong>verberum</strong></span> <span class='ocrx_word' id='word_1_32' title='bbox 1509 755 1510 836; x_wconf 87' lang='lat'>3</span> 
     </span>
     <span class='ocr_line' id='line_1_5' title="bbox 282 860 1510 960; baseline 0.007 -38"><span class='ocrx_word' id='word_1_33' title='bbox 282 868 354 926; x_wconf 81' lang='lat' dir='ltr'><strong>cet</strong></span> <span class='ocrx_word' id='word_1_34' title='bbox 377 860 597 929; x_wconf 83' lang='lat' dir='ltr'><strong>conviciorum</strong></span> <span class='ocrx_word' id='word_1_35' title='bbox 621 861 853 952; x_wconf 87' lang='lat' dir='ltr'><strong>explosionem.</strong></span> <span class='ocrx_word' id='word_1_36' title='bbox 881 861 1020 930; x_wconf 87' lang='lat' dir='ltr'><strong>Felicem</strong></span> <span class='ocrx_word' id='word_1_37' title='bbox 1043 881 1108 948; x_wconf 86' lang='lat' dir='ltr'><strong>me,</strong></span> <span class='ocrx_word' id='word_1_38' title='bbox 1132 861 1160 930; x_wconf 90' lang='lat' dir='ltr'><strong>si</strong></span> <span class='ocrx_word' id='word_1_39' title='bbox 1184 862 1280 930; x_wconf 87' lang='lat' dir='ltr'><strong>detur</strong></span> <span class='ocrx_word' id='word_1_40' title='bbox 1303 861 1414 953; x_wconf 88' lang='lat' dir='ltr'><strong>aliqua</strong></span> <span class='ocrx_word' id='word_1_41' title='bbox 1509 927 1510 960; x_wconf 62' lang='lat' dir='ltr'><strong>r</strong></span> 
     </span>
     <span class='ocr_line' id='line_1_6' title="bbox 283 965 1510 1062; baseline 0.007 -34"><span class='ocrx_word' id='word_1_42' title='bbox 283 989 300 1028; x_wconf 79' lang='grc' dir='ltr'><strong>κ</strong></span> <span class='ocrx_word' id='word_1_43' title='bbox 323 965 433 1032; x_wconf 85' lang='lat' dir='ltr'><strong>saltem</strong></span> <span class='ocrx_word' id='word_1_44' title='bbox 450 989 491 1034; x_wconf 86' lang='lat' dir='ltr'><strong>ex</strong></span> <span class='ocrx_word' id='word_1_45' title='bbox 508 976 597 1057; x_wconf 85' lang='lat' dir='ltr'><strong>parte</strong></span> <span class='ocrx_word' id='word_1_46' title='bbox 610 968 739 1036; x_wconf 88' lang='lat' dir='ltr'><strong>eosdem</strong></span> <span class='ocrx_word' id='word_1_47' title='bbox 758 968 878 1036; x_wconf 91' lang='lat' dir='ltr'><strong>imitari</strong></span> <span class='ocrx_word' id='word_1_48' title='bbox 891 968 1065 1059; x_wconf 86' lang='lat' dir='ltr'><strong>apostolos,</strong></span> <span class='ocrx_word' id='word_1_49' title='bbox 1081 969 1138 1058; x_wconf 90' lang='lat' dir='ltr'><strong>qni</strong></span> <span class='ocrx_word' id='word_1_50' title='bbox 1161 968 1252 1036; x_wconf 74' lang='lat' dir='ltr'><strong>ibant</strong></span> <span class='ocrx_word' id='word_1_51' title='bbox 1269 967 1415 1058; x_wconf 82' lang='lat' dir='ltr'><strong>pauden-</strong></span> <span class='ocrx_word' id='word_1_52' title='bbox 1509 967 1510 1062; x_wconf 90' lang='lat'>3</span> 
     </span>
     <span class='ocr_line' id='line_1_7' title="bbox 283 1063 1510 1165; baseline 0.005 -28"><span class='ocrx_word' id='word_1_53' title='bbox 283 1095 300 1136; x_wconf 77' lang='lat' dir='ltr'><strong>s</strong></span> <span class='ocrx_word' id='word_1_54' title='bbox 325 1084 369 1138; x_wconf 84' lang='lat' dir='ltr'><strong>tes</strong></span> <span class='ocrx_word' id='word_1_55' title='bbox 383 1094 405 1138; x_wconf 87' lang='lat' dir='ltr'><strong>c</strong></span> <span class='ocrx_word' id='word_1_56' title='bbox 420 1077 588 1164; x_wconf 76' lang='lat' dir='ltr'><strong>conspectu</strong></span> <span class='ocrx_word' id='word_1_57' title='bbox 603 1074 741 1154; x_wconf 81' lang='lat' dir='ltr'><strong>concilii,</strong></span> <span class='ocrx_word' id='word_1_58' title='bbox 763 1075 920 1164; x_wconf 74' lang='lat' dir='ltr'><strong>paeoniam</strong></span> <span class='ocrx_word' id='word_1_59' title='bbox 941 1073 1035 1165; x_wconf 75' lang='lat' dir='ltr'><strong>dipel</strong></span> <span class='ocrx_word' id='word_1_60' title='bbox 1055 1075 1255 1142; x_wconf 71' lang='lat' dir='ltr'><strong>taetricum</strong></span> <span class='ocrx_word' id='word_1_61' title='bbox 1273 1097 1337 1164; x_wconf 83' lang='lat' dir='ltr'><strong>pro</strong></span> <span class='ocrx_word' id='word_1_62' title='bbox 1353 1098 1415 1143; x_wconf 83' lang='lat' dir='ltr'><strong>no·</strong></span> <span class='ocrx_word' id='word_1_63' title='bbox 1509 1063 1510 1152; x_wconf 54' lang='lat' dir='ltr'>s</span> 
     </span>
     <span class='ocr_line' id='line_1_8' title="bbox 283 1179 1510 1272; baseline 0.006 -29"><span class='ocrx_word' id='word_1_64' title='bbox 283 1203 300 1242; x_wconf 78' lang='lat' dir='ltr'><strong>a</strong></span> <span class='ocrx_word' id='word_1_65' title='bbox 324 1179 413 1246; x_wconf 81' lang='lat' dir='ltr'><strong>mine</strong></span> <span class='ocrx_word' id='word_1_66' title='bbox 426 1182 500 1248; x_wconf 75' lang='lat' dir='ltr'><strong>lece</strong></span> <span class='ocrx_word' id='word_1_67' title='bbox 515 1181 745 1248; x_wconf 80' lang='lat' dir='ltr'><strong>contumeliam</strong></span> <span class='ocrx_word' id='word_1_68' title='bbox 761 1181 850 1272; x_wconf 81' lang='lat' dir='ltr'><strong>pati.</strong></span> <span class='ocrx_word' id='word_1_69' title='bbox 872 1181 962 1272; x_wconf 77' lang='lat' dir='ltr'><strong>»3Le</strong></span> <span class='ocrx_word' id='word_1_70' title='bbox 978 1194 1077 1250; x_wconf 85' lang='lat' dir='ltr'><strong>stortc</strong></span> <span class='ocrx_word' id='word_1_71' title='bbox 1092 1180 1160 1250; x_wconf 82' lang='lat' dir='ltr'><strong>idoc</strong></span> <span class='ocrx_word' id='word_1_72' title='bbox 1180 1181 1411 1264; x_wconf 80' lang='lat' dir='ltr'><strong>raddirizsnte,</strong></span> <span class='ocrx_word' id='word_1_73' title='bbox 1509 1221 1510 1264; x_wconf 63' lang='lat'>3</span> 
     </span>
     <span class='ocr_line' id='line_1_9' title="bbox 281 1283 1414 1375; baseline 0.005 -23"><span class='ocrx_word' id='word_1_74' title='bbox 281 1305 351 1374; x_wconf 85' lang='lat' dir='ltr'><strong>cap.</strong></span> <span class='ocrx_word' id='word_1_75' title='bbox 372 1287 415 1372; x_wconf 76' lang='lat'><strong>5.)</strong></span> <span class='ocrx_word' id='word_1_76' title='bbox 434 1283 514 1366; x_wconf 76' lang='lat' dir='ltr'><strong>Qum</strong></span> <span class='ocrx_word' id='word_1_77' title='bbox 531 1286 630 1354; x_wconf 87' lang='lat' dir='ltr'><strong>verba</strong></span> <span class='ocrx_word' id='word_1_78' title='bbox 645 1286 814 1354; x_wconf 82' lang='lat' dir='ltr'><strong>clarissimi</strong></span> <span class='ocrx_word' id='word_1_79' title='bbox 830 1285 1154 1375; x_wconf 82' lang='lat' dir='ltr'><strong>auctoris‚&#39;quautum</strong></span> <span class='ocrx_word' id='word_1_80' title='bbox 1171 1285 1317 1354; x_wconf 87' lang='lat' dir='ltr'><strong>tenuitati</strong></span> <span class='ocrx_word' id='word_1_81' title='bbox 1334 1307 1414 1352; x_wconf 80' lang='lat' dir='ltr'><strong>meae</strong></span> 
     </span>
     <span class='ocr_line' id='line_1_10' title="bbox 279 1383 1510 1484; baseline 0.003 -28"><span class='ocrx_word' id='word_1_82' title='bbox 279 1390 365 1475; x_wconf 88' lang='lat' dir='ltr'><strong>licet,</strong></span> <span class='ocrx_word' id='word_1_83' title='bbox 392 1413 460 1458; x_wconf 85' lang='lat' dir='ltr'><strong>mea</strong></span> <span class='ocrx_word' id='word_1_84' title='bbox 487 1391 607 1460; x_wconf 82' lang='lat' dir='ltr'><strong>faciens</strong></span> <span class='ocrx_word' id='word_1_85' title='bbox 631 1395 716 1484; x_wconf 88' lang='lat' dir='ltr'><strong>(nam</strong></span> <span class='ocrx_word' id='word_1_86' title='bbox 742 1392 882 1462; x_wconf 87' lang='lat' dir='ltr'><strong>etmihi</strong></span> <span class='ocrx_word' id='word_1_87' title='bbox 909 1392 1043 1482; x_wconf 81' lang='lat' dir='ltr'><strong>contigit</strong></span> <span class='ocrx_word' id='word_1_88' title='bbox 1066 1414 1126 1484; x_wconf 90' lang='lat' dir='ltr'><strong>pro</strong></span> <span class='ocrx_word' id='word_1_89' title='bbox 1150 1392 1270 1460; x_wconf 87' lang='lat' dir='ltr'><strong>luenda</strong></span> <span class='ocrx_word' id='word_1_90' title='bbox 1295 1400 1414 1460; x_wconf 68' lang='lat' dir='ltr'><strong>sanctae</strong></span> <span class='ocrx_word' id='word_1_91' title='bbox 1509 1383 1510 1412; x_wconf 61' lang='lat'><strong>³</strong></span> 
     </span>
     <span class='ocr_line' id='line_1_11' title="bbox 281 1493 1414 1591; baseline 0.004 -28"><span class='ocrx_word' id='word_1_92' title='bbox 281 1497 394 1564; x_wconf 87' lang='lat' dir='ltr'><strong>matris</strong></span> <span class='ocrx_word' id='word_1_93' title='bbox 405 1498 554 1568; x_wconf 85' lang='lat' dir='ltr'><strong>Ecclesiae</strong></span> <span class='ocrx_word' id='word_1_94' title='bbox 566 1500 723 1568; x_wconf 75' lang='lat' dir='ltr'><strong>Romanae</strong></span> <span class='ocrx_word' id='word_1_95' title='bbox 733 1500 880 1568; x_wconf 90' lang='lat' dir='ltr'><strong>doctrina</strong></span> <span class='ocrx_word' id='word_1_96' title='bbox 890 1493 1047 1568; x_wconf 84' lang='lat' dir='ltr'><strong>nonnulla</strong></span> <span class='ocrx_word' id='word_1_97' title='bbox 1058 1499 1149 1591; x_wconf 82' lang='lat' dir='ltr'><strong>pati),</strong></span> <span class='ocrx_word' id='word_1_98' title='bbox 1160 1498 1201 1567; x_wconf 89' lang='lat' dir='ltr'><strong>ad</strong></span> <span class='ocrx_word' id='word_1_99' title='bbox 1212 1497 1414 1568; x_wconf 83' lang='lat' dir='ltr'><strong>enodandam</strong></span> 
     </span>
    </p>
   </div>
   <div class='ocr_carea' id='block_1_3' title="bbox 281 1604 634 1696">
    <p class='ocr_par' dir='ltr' id='par_1_3' title="bbox 281 1604 634 1696">
     <span class='ocr_line' id='line_1_12' title="bbox 281 1604 634 1696; baseline 0.008 -23"><span class='ocrx_word' id='word_1_100' title='bbox 281 1604 493 1696; x_wconf 72' lang='lat' dir='ltr'><strong>quaestionem</strong></span> <span class='ocrx_word' id='word_1_101' title='bbox 507 1606 634 1677; x_wconf 83' lang='lat' dir='ltr'><strong>accedo.</strong></span> 
     </span>
    </p>
   </div>
   <div class='ocr_carea' id='block_1_4' title="bbox 753 1849 958 1920">
    <p class='ocr_par' dir='ltr' id='par_1_4' title="bbox 753 1849 958 1920">
     <span class='ocr_line' id='line_1_13' title="bbox 753 1849 958 1920; baseline -0.01 -1"><span class='ocrx_word' id='word_1_102' title='bbox 753 1849 896 1920; x_wconf 81' lang='lat' dir='ltr'><strong>CAPUT</strong></span> <span class='ocrx_word' id='word_1_103' title='bbox 918 1852 958 1918; x_wconf 93' lang='lat' dir='ltr'><strong>ll.</strong></span> 
     </span>
    </p>
   </div>
   <div class='ocr_carea' id='block_1_5' title="bbox 348 2044 1350 2210">
    <p class='ocr_par' dir='ltr' id='par_1_5' title="bbox 348 2044 1350 2210">
     <span class='ocr_line' id='line_1_14' title="bbox 348 2044 1350 2110; baseline 0.002 -23"><span class='ocrx_word' id='word_1_104' title='bbox 348 2044 579 2091; x_wconf 73' lang='lat' dir='ltr'><strong>DETERMINATUR</strong></span> <span class='ocrx_word' id='word_1_105' title='bbox 602 2045 710 2092; x_wconf 80' lang='lat' dir='ltr'>SENSUS</span> <span class='ocrx_word' id='word_1_106' title='bbox 732 2045 855 2110; x_wconf 69' lang='lat' dir='ltr'><strong>mmm,</strong></span> <span class='ocrx_word' id='word_1_107' title='bbox 880 2045 1005 2091; x_wconf 73' lang='lat' dir='ltr'><strong>rnorem</strong></span> <span class='ocrx_word' id='word_1_108' title='bbox 1027 2045 1138 2090; x_wconf 82' lang='lat' dir='ltr'><strong>DlCTllld</strong></span> <span class='ocrx_word' id='word_1_109' title='bbox 1160 2044 1350 2091; x_wconf 73' lang='lat' dir='ltr'><strong>mulctantam</strong></span> 
     </span>
     <span class='ocr_line' id='line_1_15' title="bbox 558 2161 1142 2210; baseline -0.005 -2"><span class='ocrx_word' id='word_1_110' title='bbox 558 2162 753 2208; x_wconf 73' lang='lat' dir='ltr'><strong>Pornsrarnm</strong></span> <span class='ocrx_word' id='word_1_111' title='bbox 775 2161 920 2208; x_wconf 68' lang='lat' dir='ltr'><strong>marusim</strong></span> <span class='ocrx_word' id='word_1_112' title='bbox 941 2161 1142 2210; x_wconf 75' lang='lat' dir='ltr'><strong>VlNDlCANTlS·</strong></span> 
     </span>
    </p>
   </div>
   <div class='ocr_carea' id='block_1_6' title="bbox 220 2350 1510 2978">
    <p class='ocr_par' dir='ltr' id='par_1_6' title="bbox 220 2327 1510 2996">
     <span class='ocr_line' id='line_1_16' title="bbox 327 2350 1418 2444; baseline -0.002 -24"><span class='ocrx_word' id='word_1_113' title='bbox 327 2353 389 2421; x_wconf 89' lang='lat' dir='ltr'><strong>Per</strong></span> <span class='ocrx_word' id='word_1_114' title='bbox 406 2353 611 2444; x_wconf 82' lang='lat' dir='ltr'><strong>judiciariam</strong></span> <span class='ocrx_word' id='word_1_115' title='bbox 638 2354 789 2423; x_wconf 75' lang='lat' dir='ltr'><strong>Ecclesia</strong></span> <span class='ocrx_word' id='word_1_116' title='bbox 818 2359 1006 2444; x_wconf 86' lang='lat' dir='ltr'><strong>potestatem</strong></span> <span class='ocrx_word' id='word_1_117' title='bbox 1037 2352 1088 2420; x_wconf 91' lang='lat' dir='ltr'><strong>hic</strong></span> <span class='ocrx_word' id='word_1_118' title='bbox 1115 2374 1180 2420; x_wconf 91' lang='lat' dir='ltr'><strong>non</strong></span> <span class='ocrx_word' id='word_1_119' title='bbox 1205 2350 1418 2440; x_wconf 77' lang='lat' dir='ltr'><strong>intelligimus</strong></span> 
     </span>
     <span class='ocr_line' id='line_1_17' title="bbox 283 2457 1417 2552; baseline -0.002 -25"><span class='ocrx_word' id='word_1_120' title='bbox 283 2467 471 2550; x_wconf 86' lang='lat' dir='ltr'><strong>potestatem</strong></span> <span class='ocrx_word' id='word_1_121' title='bbox 497 2484 594 2552; x_wconf 88' lang='lat' dir='ltr'><strong>quam</strong></span> <span class='ocrx_word' id='word_1_122' title='bbox 619 2461 714 2530; x_wconf 86' lang='lat' dir='ltr'><strong>habet</strong></span> <span class='ocrx_word' id='word_1_123' title='bbox 742 2461 883 2530; x_wconf 84' lang='lat' dir='ltr'><strong>Ecclesia</strong></span> <span class='ocrx_word' id='word_1_124' title='bbox 911 2458 1073 2528; x_wconf 90' lang='lat' dir='ltr'><strong>condendi</strong></span> <span class='ocrx_word' id='word_1_125' title='bbox 1095 2457 1302 2527; x_wconf 88' lang='lat' dir='ltr'><strong>definitiones</strong></span> <span class='ocrx_word' id='word_1_126' title='bbox 1327 2457 1417 2544; x_wconf 86' lang='lat' dir='ltr'><strong>fidei,</strong></span> 
     </span>
     <span class='ocr_line' id='line_1_18' title="bbox 220 2557 1510 2658; baseline -0.002 -26"><span class='ocrx_word' id='word_1_127' title='bbox 220 2636 224 2644; x_wconf 60' lang='grc'>,</span> <span class='ocrx_word' id='word_1_128' title='bbox 285 2588 342 2633; x_wconf 85' lang='lat' dir='ltr'><strong>sen</strong></span> <span class='ocrx_word' id='word_1_129' title='bbox 363 2566 558 2635; x_wconf 87' lang='lat' dir='ltr'><strong>decernendi</strong></span> <span class='ocrx_word' id='word_1_130' title='bbox 577 2568 655 2658; x_wconf 85' lang='lat' dir='ltr'><strong>quid</strong></span> <span class='ocrx_word' id='word_1_131' title='bbox 680 2567 791 2636; x_wconf 86' lang='lat' dir='ltr'><strong>fideles</strong></span> <span class='ocrx_word' id='word_1_132' title='bbox 816 2567 946 2635; x_wconf 86' lang='lat' dir='ltr'><strong>credere</strong></span> <span class='ocrx_word' id='word_1_133' title='bbox 972 2573 1151 2634; x_wconf 84' lang='lat' dir='ltr'><strong>teneantur.</strong></span> <span class='ocrx_word' id='word_1_134' title='bbox 1181 2565 1261 2632; x_wconf 87' lang='lat' dir='ltr'><strong>Eam</strong></span> <span class='ocrx_word' id='word_1_135' title='bbox 1284 2563 1419 2655; x_wconf 91' lang='lat' dir='ltr'><strong>quidem</strong></span> <span class='ocrx_word' id='word_1_136' title='bbox 1509 2557 1510 2630; x_wconf 67' lang='grc' dir='ltr'>ξ</span> 
     </span>
     <span class='ocr_line' id='line_1_19' title="bbox 283 2651 1510 2762; baseline 0.003 -24"><span class='ocrx_word' id='word_1_137' title='bbox 283 2673 534 2761; x_wconf 80' lang='lat' dir='ltr'><strong>praerogativam</strong></span> <span class='ocrx_word' id='word_1_138' title='bbox 550 2675 646 2742; x_wconf 89' lang='lat' dir='ltr'><strong>simul</strong></span> <span class='ocrx_word' id='word_1_139' title='bbox 663 2696 736 2741; x_wconf 89' lang='lat' dir='ltr'><strong>cum</strong></span> <span class='ocrx_word' id='word_1_140' title='bbox 753 2673 981 2742; x_wconf 75' lang='lat' dir='ltr'><strong>infallibilitate</strong></span> <span class='ocrx_word' id='word_1_141' title='bbox 1000 2695 1020 2740; x_wconf 98' lang='lat' dir='ltr'><strong>a</strong></span> <span class='ocrx_word' id='word_1_142' title='bbox 1034 2672 1164 2741; x_wconf 85' lang='lat' dir='ltr'><strong>Christo</strong></span> <span class='ocrx_word' id='word_1_143' title='bbox 1177 2669 1298 2762; x_wconf 85' lang='lat' dir='ltr'><strong>accepit</strong></span> <span class='ocrx_word' id='word_1_144' title='bbox 1311 2670 1420 2738; x_wconf 86' lang='lat' dir='ltr'><strong>Ecclc-</strong></span> <span class='ocrx_word' id='word_1_145' title='bbox 1509 2651 1510 2742; x_wconf 84' lang='lat' dir='ltr'><strong>l</strong></span> 
     </span>
     <span class='ocr_line' id='line_1_20' title="bbox 285 2759 1510 2869; baseline -0.002 -25"><span class='ocrx_word' id='word_1_146' title='bbox 285 2777 333 2844; x_wconf 87' lang='lat' dir='ltr'><strong>sia</strong></span> <span class='ocrx_word' id='word_1_147' title='bbox 348 2805 356 2845; x_wconf 90' lang='lat'>:</span> <span class='ocrx_word' id='word_1_148' title='bbox 372 2786 403 2844; x_wconf 89' lang='lat' dir='ltr'><strong>at</strong></span> <span class='ocrx_word' id='word_1_149' title='bbox 414 2778 493 2846; x_wconf 92' lang='lat' dir='ltr'><strong>dum</strong></span> <span class='ocrx_word' id='word_1_150' title='bbox 503 2779 558 2869; x_wconf 90' lang='lat' dir='ltr'><strong>jus</strong></span> <span class='ocrx_word' id='word_1_151' title='bbox 569 2779 649 2848; x_wconf 91' lang='lat' dir='ltr'><strong>illud</strong></span> <span class='ocrx_word' id='word_1_152' title='bbox 665 2789 792 2848; x_wconf 80' lang='lat' dir='ltr'><strong>exercet</strong></span> <span class='ocrx_word' id='word_1_153' title='bbox 802 2803 868 2848; x_wconf 91' lang='lat' dir='ltr'><strong>non</strong></span> <span class='ocrx_word' id='word_1_154' title='bbox 884 2781 1003 2848; x_wconf 89' lang='lat' dir='ltr'><strong>dicitur</strong></span> <span class='ocrx_word' id='word_1_155' title='bbox 1011 2777 1220 2869; x_wconf 82' lang='lat' dir='ltr'><strong>judicialiter</strong></span> <span class='ocrx_word' id='word_1_156' title='bbox 1233 2776 1417 2867; x_wconf 87' lang='lat' dir='ltr'><strong>procedere,</strong></span> <span class='ocrx_word' id='word_1_157' title='bbox 1509 2759 1510 2830; x_wconf 87' lang='lat' dir='ltr'><strong>l</strong></span> 
     </span>
     <span class='ocr_line' id='line_1_21' title="bbox 286 2884 1420 2978; baseline 0.001 -25"><span class='ocrx_word' id='word_1_158' title='bbox 286 2907 390 2978; x_wconf 88' lang='lat' dir='ltr'><strong>neque</strong></span> <span class='ocrx_word' id='word_1_159' title='bbox 407 2886 439 2952; x_wconf 93' lang='lat' dir='ltr'><strong>in</strong></span> <span class='ocrx_word' id='word_1_160' title='bbox 456 2886 632 2955; x_wconf 82' lang='lat' dir='ltr'><strong>condendis</strong></span> <span class='ocrx_word' id='word_1_161' title='bbox 647 2887 837 2978; x_wconf 85' lang='lat' dir='ltr'><strong>hujusmodi</strong></span> <span class='ocrx_word' id='word_1_162' title='bbox 857 2888 942 2954; x_wconf 86' lang='lat' dir='ltr'><strong>circa</strong></span> <span class='ocrx_word' id='word_1_163' title='bbox 965 2885 1061 2954; x_wconf 87' lang='lat' dir='ltr'><strong>fidem</strong></span> <span class='ocrx_word' id='word_1_164' title='bbox 1078 2886 1213 2954; x_wconf 87' lang='lat' dir='ltr'><strong>decretis</strong></span> <span class='ocrx_word' id='word_1_165' title='bbox 1232 2884 1420 2976; x_wconf 84' lang='lat' dir='ltr'><strong>reponimus</strong></span> 
     </span>
    </p>
   </div>
   <div class='ocr_carea' id='block_1_7' title="bbox 285 2993 1100 3085">
    <p class='ocr_par' dir='ltr' id='par_1_7' title="bbox 285 2993 1100 3085">
     <span class='ocr_line' id='line_1_22' title="bbox 285 2993 1100 3085; baseline 0.001 -26"><span class='ocrx_word' id='word_1_166' title='bbox 285 2993 415 3082; x_wconf 89' lang='lat' dir='ltr'><strong>proprie</strong></span> <span class='ocrx_word' id='word_1_167' title='bbox 429 2993 547 3062; x_wconf 86' lang='lat' dir='ltr'><strong>dictam</strong></span> <span class='ocrx_word' id='word_1_168' title='bbox 562 2994 664 3085; x_wconf 90' lang='lat' dir='ltr'><strong>ipsius</strong></span> <span class='ocrx_word' id='word_1_169' title='bbox 676 2993 883 3084; x_wconf 87' lang='lat' dir='ltr'><strong>judiciariam</strong></span> <span class='ocrx_word' id='word_1_170' title='bbox 900 3001 1100 3084; x_wconf 88' lang='lat' dir='ltr'><strong>potestatem.</strong></span> 
     </span>
    </p>
   </div>
   <div class='ocr_carea' id='block_1_8' title="bbox 286 3097 1510 3402">
    <p class='ocr_par' dir='ltr' id='par_1_8' title="bbox 286 3061 1510 3402">
     <span class='ocr_line' id='line_1_23' title="bbox 331 3097 1421 3191; baseline 0.001 -26"><span class='ocrx_word' id='word_1_171' title='bbox 331 3099 410 3167; x_wconf 91' lang='lat' dir='ltr'><strong>ltem</strong></span> <span class='ocrx_word' id='word_1_172' title='bbox 425 3099 544 3189; x_wconf 83' lang='lat' dir='ltr'><strong>dogma</strong></span> <span class='ocrx_word' id='word_1_173' title='bbox 558 3100 750 3169; x_wconf 86' lang='lat' dir='ltr'><strong>catholicum</strong></span> <span class='ocrx_word' id='word_1_174' title='bbox 766 3109 825 3185; x_wconf 89' lang='lat' dir='ltr'><strong>est,</strong></span> <span class='ocrx_word' id='word_1_175' title='bbox 845 3122 938 3191; x_wconf 89' lang='lat' dir='ltr'><strong>posse</strong></span> <span class='ocrx_word' id='word_1_176' title='bbox 959 3099 1134 3167; x_wconf 85' lang='lat' dir='ltr'><strong>Ecclesiam</strong></span> <span class='ocrx_word' id='word_1_177' title='bbox 1153 3099 1240 3188; x_wconf 85' lang='lat' dir='ltr'><strong>leges</strong></span> <span class='ocrx_word' id='word_1_178' title='bbox 1255 3099 1340 3166; x_wconf 86' lang='lat' dir='ltr'><strong>circa</strong></span> <span class='ocrx_word' id='word_1_179' title='bbox 1352 3097 1421 3166; x_wconf 89' lang='lat' dir='ltr'><strong>dis-</strong></span> 
     </span>
     <span class='ocr_line' id='line_1_24' title="bbox 286 3205 1421 3299; baseline -0.002 -26"><span class='ocrx_word' id='word_1_180' title='bbox 286 3205 438 3295; x_wconf 87' lang='lat' dir='ltr'><strong>ciplinam</strong></span> <span class='ocrx_word' id='word_1_181' title='bbox 455 3207 590 3292; x_wconf 87' lang='lat' dir='ltr'><strong>edicere,</strong></span> <span class='ocrx_word' id='word_1_182' title='bbox 606 3231 680 3299; x_wconf 72' lang='lat' dir='ltr'><strong>qnae</strong></span> <span class='ocrx_word' id='word_1_183' title='bbox 696 3206 841 3276; x_wconf 89' lang='lat' dir='ltr'><strong>fidelium</strong></span> <span class='ocrx_word' id='word_1_184' title='bbox 856 3206 1003 3274; x_wconf 89' lang='lat' dir='ltr'><strong>omnium</strong></span> <span class='ocrx_word' id='word_1_185' title='bbox 1017 3206 1244 3274; x_wconf 87' lang='lat' dir='ltr'><strong>conscientiam</strong></span> <span class='ocrx_word' id='word_1_186' title='bbox 1261 3207 1421 3294; x_wconf 80' lang='lat' dir='ltr'><strong>attingant</strong></span> 
     </span>
     <span class='ocr_line' id='line_1_25' title="bbox 287 3303 1510 3402; baseline 0 -22"><span class='ocrx_word' id='word_1_187' title='bbox 287 3323 319 3380; x_wconf 89' lang='lat' dir='ltr'><strong>et</strong></span> <span class='ocrx_word' id='word_1_188' title='bbox 341 3313 483 3402; x_wconf 80' lang='lat' dir='ltr'><strong>obligent</strong></span> <span class='ocrx_word' id='word_1_189' title='bbox 502 3341 509 3380; x_wconf 91' lang='lat'><strong>:</strong></span> <span class='ocrx_word' id='word_1_190' title='bbox 528 3321 576 3382; x_wconf 87' lang='lat' dir='ltr'><strong>ast</strong></span> <span class='ocrx_word' id='word_1_191' title='bbox 599 3313 640 3380; x_wconf 88' lang='lat' dir='ltr'><strong>ab</strong></span> <span class='ocrx_word' id='word_1_192' title='bbox 666 3313 721 3382; x_wconf 86' lang='lat' dir='ltr'><strong>illa</strong></span> <span class='ocrx_word' id='word_1_193' title='bbox 747 3315 842 3381; x_wconf 90' lang='lat' dir='ltr'><strong>etiarn</strong></span> <span class='ocrx_word' id='word_1_194' title='bbox 866 3313 994 3380; x_wconf 89' lang='lat' dir='ltr'><strong>diversa</strong></span> <span class='ocrx_word' id='word_1_195' title='bbox 1018 3319 1066 3380; x_wconf 89' lang='lat' dir='ltr'><strong>est</strong></span> <span class='ocrx_word' id='word_1_196' title='bbox 1090 3319 1228 3402; x_wconf 89' lang='lat' dir='ltr'><strong>potestas</strong></span> <span class='ocrx_word' id='word_1_197' title='bbox 1250 3335 1348 3402; x_wconf 88' lang='lat' dir='ltr'><strong>quam</strong></span> <span class='ocrx_word' id='word_1_198' title='bbox 1369 3313 1422 3380; x_wconf 89' lang='lat' dir='ltr'><strong>hic</strong></span> <span class='ocrx_word' id='word_1_199' title='bbox 1509 3303 1510 3372; x_wconf 65' lang='grc' dir='ltr'><strong><em>ἶ</em></strong></span> 
     </span>
    </p>
   </div>
   <div class='ocr_carea' id='block_1_9' title="bbox 287 3419 978 3511">
    <p class='ocr_par' dir='ltr' id='par_1_9' title="bbox 287 3419 978 3511">
     <span class='ocr_line' id='line_1_26' title="bbox 287 3419 978 3511; baseline 0 -25"><span class='ocrx_word' id='word_1_200' title='bbox 287 3422 418 3488; x_wconf 88' lang='lat' dir='ltr'><strong>nomine</strong></span> <span class='ocrx_word' id='word_1_201' title='bbox 434 3421 565 3511; x_wconf 89' lang='lat' dir='ltr'><strong>proprio</strong></span> <span class='ocrx_word' id='word_1_202' title='bbox 579 3419 800 3510; x_wconf 79' lang='lat' dir='ltr'><strong>judiciariam</strong></span> <span class='ocrx_word' id='word_1_203' title='bbox 814 3442 978 3488; x_wconf 88' lang='lat' dir='ltr'><strong>vocamus.</strong></span> 
     </span>
    </p>
   </div>
   <div class='ocr_carea' id='block_1_10' title="bbox 287 3524 1423 3726">
    <p class='ocr_par' dir='ltr' id='par_1_10' title="bbox 287 3513 1510 3728">
     <span class='ocr_line' id='line_1_27' title="bbox 332 3524 1423 3618; baseline 0 -24"><span class='ocrx_word' id='word_1_204' title='bbox 332 3528 413 3594; x_wconf 89' lang='lat' dir='ltr'><strong>ltem</strong></span> <span class='ocrx_word' id='word_1_205' title='bbox 437 3536 559 3595; x_wconf 87' lang='lat' dir='ltr'><strong>certum</strong></span> <span class='ocrx_word' id='word_1_206' title='bbox 585 3535 633 3596; x_wconf 88' lang='lat' dir='ltr'><strong>est</strong></span> <span class='ocrx_word' id='word_1_207' title='bbox 655 3528 696 3595; x_wconf 86' lang='lat' dir='ltr'><strong>ab</strong></span> <span class='ocrx_word' id='word_1_208' title='bbox 719 3527 860 3596; x_wconf 84' lang='lat' dir='ltr'><strong>Ecclesia</strong></span> <span class='ocrx_word' id='word_1_209' title='bbox 885 3524 1014 3594; x_wconf 89' lang='lat' dir='ltr'><strong>decerni</strong></span> <span class='ocrx_word' id='word_1_210' title='bbox 1035 3548 1128 3618; x_wconf 87' lang='lat' dir='ltr'><strong>posse</strong></span> <span class='ocrx_word' id='word_1_211' title='bbox 1153 3547 1318 3614; x_wconf 86' lang='lat' dir='ltr'><strong>censuras,</strong></span> <span class='ocrx_word' id='word_1_212' title='bbox 1342 3549 1423 3618; x_wconf 83' lang='lat' dir='ltr'><strong>quas</strong></span> 
     </span>
     <span class='ocr_line' id='line_1_28' title="bbox 287 3631 1422 3726; baseline 0 -26"><span class='ocrx_word' id='word_1_213' title='bbox 287 3634 358 3724; x_wconf 89' lang='lat' dir='ltr'><strong>ipso</strong></span> <span class='ocrx_word' id='word_1_214' title='bbox 373 3633 457 3702; x_wconf 85' lang='lat' dir='ltr'><strong>lacto</strong></span> <span class='ocrx_word' id='word_1_215' title='bbox 472 3633 638 3702; x_wconf 86' lang='lat' dir='ltr'><strong>incurrant</strong></span> <span class='ocrx_word' id='word_1_216' title='bbox 660 3634 717 3726; x_wconf 89' lang='lat' dir='ltr'><strong>qui</strong></span> <span class='ocrx_word' id='word_1_217' title='bbox 737 3632 949 3701; x_wconf 87' lang='lat' dir='ltr'><strong>determinata</strong></span> <span class='ocrx_word' id='word_1_218' title='bbox 966 3631 1118 3724; x_wconf 82' lang='lat' dir='ltr'><strong>quaedam</strong></span> <span class='ocrx_word' id='word_1_219' title='bbox 1137 3633 1258 3722; x_wconf 86' lang='lat' dir='ltr'><strong>flagitia</strong></span> <span class='ocrx_word' id='word_1_220' title='bbox 1276 3641 1422 3724; x_wconf 87' lang='lat' dir='ltr'><strong>patrant;</strong></span> 
     </span>
    </p>
   </div>
   <div class='ocr_carea' id='block_1_11' title="bbox 287 3739 1421 3831">
    <p class='ocr_par' dir='ltr' id='par_1_11' title="bbox 287 3739 1421 3831">
     <span class='ocr_line' id='line_1_29' title="bbox 287 3739 1421 3831; baseline -0.001 -22"><span class='ocrx_word' id='word_1_221' title='bbox 287 3763 426 3831; x_wconf 87' lang='lat' dir='ltr'><strong>quarum</strong></span> <span class='ocrx_word' id='word_1_222' title='bbox 441 3764 650 3812; x_wconf 88' lang='lat' dir='ltr'><strong>censurarum</strong></span> <span class='ocrx_word' id='word_1_223' title='bbox 667 3741 797 3810; x_wconf 87' lang='lat' dir='ltr'><strong>effectus</strong></span> <span class='ocrx_word' id='word_1_224' title='bbox 811 3741 865 3826; x_wconf 88' lang='lat' dir='ltr'><strong>sit,</strong></span> <span class='ocrx_word' id='word_1_225' title='bbox 880 3750 917 3808; x_wconf 91' lang='lat' dir='ltr'><strong>ut</strong></span> <span class='ocrx_word' id='word_1_226' title='bbox 936 3740 976 3808; x_wconf 92' lang='lat' dir='ltr'><strong>de</strong></span> <span class='ocrx_word' id='word_1_227' title='bbox 994 3741 1081 3831; x_wconf 86' lang='lat' dir='ltr'><strong>jure,</strong></span> <span class='ocrx_word' id='word_1_228' title='bbox 1098 3747 1130 3808; x_wconf 87' lang='lat' dir='ltr'><strong>ct</strong></span> <span class='ocrx_word' id='word_1_229' title='bbox 1153 3741 1250 3810; x_wconf 86' lang='lat' dir='ltr'><strong>etiam</strong></span> <span class='ocrx_word' id='word_1_230' title='bbox 1269 3739 1310 3808; x_wconf 90' lang='lat' dir='ltr'><strong>de</strong></span> <span class='ocrx_word' id='word_1_231' title='bbox 1325 3740 1421 3826; x_wconf 86' lang='lat' dir='ltr'><strong>facto,</strong></span> 
     </span>
    </p>
   </div>
   <div class='ocr_carea' id='block_1_12' title="bbox 288 3846 1510 3939">
    <p class='ocr_par' dir='ltr' id='par_1_12' title="bbox 288 3846 1510 3939">
     <span class='ocr_line' id='line_1_30' title="bbox 288 3846 1510 3939; baseline 0 -25"><span class='ocrx_word' id='word_1_232' title='bbox 288 3849 344 3938; x_wconf 91' lang='lat' dir='ltr'><strong>qui</strong></span> <span class='ocrx_word' id='word_1_233' title='bbox 373 3849 419 3915; x_wconf 88' lang='lat' dir='ltr'><strong>eis</strong></span> <span class='ocrx_word' id='word_1_234' title='bbox 446 3848 610 3939; x_wconf 88' lang='lat' dir='ltr'><strong>subjacent</strong></span> <span class='ocrx_word' id='word_1_235' title='bbox 638 3848 808 3938; x_wconf 89' lang='lat' dir='ltr'><strong>priventur</strong></span> <span class='ocrx_word' id='word_1_236' title='bbox 836 3846 929 3916; x_wconf 90' lang='lat' dir='ltr'><strong>honis</strong></span> <span class='ocrx_word' id='word_1_237' title='bbox 956 3847 1154 3937; x_wconf 88' lang='lat' dir='ltr'><strong>quibusdam</strong></span> <span class='ocrx_word' id='word_1_238' title='bbox 1185 3846 1421 3937; x_wconf 84' lang='lat' dir='ltr'><strong>spiritualibus,</strong></span> <span class='ocrx_word' id='word_1_239' title='bbox 1509 3847 1510 3870; x_wconf 61' lang='lat'><em>³</em></span> 
     </span>
    </p>
   </div>
   <div class='ocr_carea' id='block_1_13' title="bbox 287 3951 1423 4043">
    <p class='ocr_par' dir='ltr' id='par_1_13' title="bbox 287 3951 1510 4050">
     <span class='ocr_line' id='line_1_31' title="bbox 287 3951 1423 4043; baseline 0.002 -25"><span class='ocrx_word' id='word_1_240' title='bbox 287 3952 378 4020; x_wconf 84' lang='lat' dir='ltr'><strong>verbi</strong></span> <span class='ocrx_word' id='word_1_241' title='bbox 402 3955 506 4042; x_wconf 80' lang='lat' dir='ltr'><strong>gratia</strong></span> <span class='ocrx_word' id='word_1_242' title='bbox 529 3953 748 4036; x_wconf 86' lang='lat' dir='ltr'><strong>sacramentis,</strong></span> <span class='ocrx_word' id='word_1_243' title='bbox 775 3952 937 4020; x_wconf 89' lang='lat' dir='ltr'><strong>consortio</strong></span> <span class='ocrx_word' id='word_1_244' title='bbox 963 3951 1123 4038; x_wconf 88' lang='lat' dir='ltr'><strong>fidelium,</strong></span> <span class='ocrx_word' id='word_1_245' title='bbox 1147 3959 1206 4021; x_wconf 86' lang='lat' dir='ltr'><strong>etc.</strong></span> <span class='ocrx_word' id='word_1_246' title='bbox 1232 3952 1296 4020; x_wconf 86' lang='lat' dir='ltr'><strong>Sed</strong></span> <span class='ocrx_word' id='word_1_247' title='bbox 1319 3975 1423 4043; x_wconf 86' lang='lat' dir='ltr'><strong>neque</strong></span> 
     </span>
    </p>
   </div>
   <div class='ocr_carea' id='block_1_14' title="bbox 288 4057 1210 4150">
    <p class='ocr_par' dir='ltr' id='par_1_14' title="bbox 288 4057 1210 4150">
     <span class='ocr_line' id='line_1_32' title="bbox 288 4057 1210 4150; baseline -0.004 -21"><span class='ocrx_word' id='word_1_248' title='bbox 288 4083 359 4129; x_wconf 89' lang='lat' dir='ltr'><strong>eam</strong></span> <span class='ocrx_word' id='word_1_249' title='bbox 375 4060 428 4128; x_wconf 91' lang='lat' dir='ltr'><strong>hic</strong></span> <span class='ocrx_word' id='word_1_250' title='bbox 444 4081 596 4127; x_wconf 84' lang='lat' dir='ltr'><strong>vocemus</strong></span> <span class='ocrx_word' id='word_1_251' title='bbox 606 4057 827 4150; x_wconf 83' lang='lat' dir='ltr'><strong>judiciariam</strong></span> <span class='ocrx_word' id='word_1_252' title='bbox 843 4058 992 4126; x_wconf 85' lang='lat' dir='ltr'><strong>Ecclesiae</strong></span> <span class='ocrx_word' id='word_1_253' title='bbox 1010 4065 1210 4148; x_wconf 82' lang='lat' dir='ltr'><strong>potestatem.</strong></span> 
     </span>
    </p>
   </div>
   <div class='ocr_carea' id='block_1_15' title="bbox 333 4165 1422 4257">
    <p class='ocr_par' dir='ltr' id='par_1_15' title="bbox 333 4155 1510 4260">
     <span class='ocr_line' id='line_1_33' title="bbox 333 4165 1422 4257; baseline -0.001 -23"><span class='ocrx_word' id='word_1_254' title='bbox 333 4169 412 4234; x_wconf 87' lang='lat' dir='ltr'><strong>ltem</strong></span> <span class='ocrx_word' id='word_1_255' title='bbox 437 4168 472 4235; x_wconf 93' lang='lat' dir='ltr'><strong>in</strong></span> <span class='ocrx_word' id='word_1_256' title='bbox 496 4168 565 4234; x_wconf 89' lang='lat' dir='ltr'><strong>loro</strong></span> <span class='ocrx_word' id='word_1_257' title='bbox 588 4165 803 4257; x_wconf 70' lang='lat' dir='ltr'><strong>peanitentiali</strong></span> <span class='ocrx_word' id='word_1_258' title='bbox 834 4173 967 4248; x_wconf 84' lang='lat' dir='ltr'><strong>secreto,</strong></span> <span class='ocrx_word' id='word_1_259' title='bbox 994 4185 1109 4232; x_wconf 91' lang='lat' dir='ltr'><strong>verum</strong></span> <span class='ocrx_word' id='word_1_260' title='bbox 1135 4173 1302 4236; x_wconf 86' lang='lat' dir='ltr'><strong>exercetur</strong></span> <span class='ocrx_word' id='word_1_261' title='bbox 1328 4166 1422 4256; x_wconf 89' lang='lat' dir='ltr'><strong>judi-</strong></span> 
     </span>
    </p>
   </div>
   <div class='ocr_carea' id='block_1_16' title="bbox 0 0 1542 4962">
    <p class='ocr_par' dir='ltr' id='par_1_16' title="bbox 0 0 1542 4962">
     <span class='ocr_line' id='line_1_34' title="bbox 0 0 1542 4962; baseline 0 0"><span class='ocrx_word' id='word_1_262' title='bbox 0 0 1542 4962; x_wconf 95' lang='lat' dir='ltr'><strong> </strong></span> 
     </span>
    </p>
   </div>
  </div>
 </body>
</html>
