3062 4968
569 477 642 523 rans
665 477 771 524 eamn.
1176 461 1238 529 toa

99 621 119 664 a
142 595 204 667 snb
226 599 329 692 ipsius
349 599 587 692 jurisdictione,
602 599 760 684 dominio,
776 599 828 668 vel
855 599 1002 668 districtu
1028 601 1241 672 ecclesiastico

99 732 116 768 α
144 706 196 774 vel
210 707 380 798 temporali
394 707 524 774 existat.
542 705 794 775 conservatores
814 715 921 775 autern
944 707 1132 798 hujusmodi
1146 718 1240 779 extra

99 838 117 876 a
144 813 300 899 civitates,
325 835 381 882 sen
411 812 563 881 dioeceses
587 813 622 880 in
649 812 769 904 quibus
798 813 918 883 tuerint
948 815 1105 906 deputati,
1130 826 1241 885 contre

101 945 118 983 n
143 942 367 1011 quoscumque
390 919 576 1011 procedere,
603 928 659 988 aut
684 919 812 1010 aliquos
835 921 920 989 ultra
946 945 1044 990 unam
1067 921 1196 994 dietam
1222 949 1241 994 a

101 1053 120 1092 a
142 1028 206 1096 fine
232 1028 409 1096 dioecesum
438 1026 627 1096 eorumdem
655 1026 783 1095 trabere
812 1049 877 1096 non
907 1039 1118 1118 presumant.
1143 1031 1241 1101 Vices

102 1161 119 1198 a
144 1159 273 1226 quoque
310 1158 385 1204 suas
414 1134 646 1226 (citationibus,
674 1135 905 1203 sententiarum
941 1135 1242 1208 denuntiationibus

102 1241 313 1311 «dumtaxat
340 1242 496 1333 exceptis,
520 1263 602 1333 quas
631 1263 688 1332 per
713 1240 793 1309 alios
820 1241 948 1310 valeant
971 1245 1134 1336 exercere)
1158 1245 1241 1316 nulli

101 1376 118 1414 «ι
143 1349 345 1419 committere
370 1350 507 1440 possint,
536 1349 597 1416 nisi
630 1349 690 1418 hoc
718 1350 764 1416 eis
792 1350 991 1441 competierit
1016 1373 1058 1419 ex
1084 1353 1240 1424 beneficio

100 1483 118 1522 a
141 1457 324 1528 litterarum
345 1485 352 1524 :
370 1458 425 1526 scd
449 1481 508 1525 nec
532 1465 622 1542 tnnc,
639 1456 702 1524 nisi
728 1457 815 1526 intra
839 1455 987 1526 civitates
1009 1481 1065 1528 sen
1088 1460 1240 1530 dioeceses

101 1589 119 1628 a
142 1565 176 1630 in
193 1566 314 1655 quibus
330 1564 471 1656 deputati
493 1564 627 1648 fuerint,
646 1572 679 1631 et
694 1564 840 1655 personis
854 1572 981 1632 tantum
1003 1588 1076 1656 quae
1092 1569 1241 1659 superins

101 1697 118 1735 a
143 1679 219 1739 snnt
239 1695 415 1763 expressae.
432 1673 475 1741 Ut
490 1677 598 1740 antem
621 1679 863 1739 conservatores
888 1671 1008 1739 limites
1029 1675 1090 1740 sibi
1115 1675 1241 1746 tradita

101 1804 117 1840 a
143 1779 310 1869 potestatis
325 1779 420 1870 (quos
442 1779 627 1869 frequenter
645 1776 817 1868 excedunt)
836 1787 922 1847 metu
947 1801 1052 1870 poenm
1070 1781 1242 1871 diligenter

101 1886 327 1972 «observent,
355 1886 559 1954 decernimus
585 1895 621 1952 ut
649 1884 676 1950 si
700 1883 739 1952 de
765 1885 849 1972 aliis,
872 1907 971 1976 quam
1000 1885 1039 1954 de
1065 1888 1242 1957 manifestis

101 2015 119 2054 a
143 1991 273 2082 injuriis
298 2001 329 2060 et
353 1991 515 2060 violentiis
540 1991 677 2059 scienter
699 2014 733 2058 se
761 1991 1007 2078 intromiserint,
1032 2017 1087 2060 sen
1114 1995 1154 2062 ad
1179 1995 1241 2064 alia

101 2125 118 2162 a
142 2121 216 2190 quaa
228 2097 414 2189 judicialem
431 2099 617 2188 indaginem
634 2099 783 2187 exigunt,
800 2121 893 2166 suam
908 2100 1113 2168 extenderint
1133 2111 1241 2193 potes-

102 2231 119 2270 «
144 2213 255 2292 tatem,
271 2229 310 2274 eo
323 2207 394 2297 ipso
410 2227 468 2297 per
484 2227 587 2274 unum
602 2227 724 2272 anunm
742 2205 782 2272 ab
800 2204 907 2272 officio
923 2229 982 2274 suo
996 2207 1061 2273 sint
1079 2213 1238 2300 suspensi.

101 2338 119 2376 «
144 2313 224 2380 Pars
243 2335 320 2382 vero
339 2337 414 2405 qnae
439 2313 499 2381 boc
519 2311 592 2380 fieri
620 2312 817 2402 procurabit,
835 2313 1025 2380 sententiam
1049 2337 1239 2385 excommn-

102 2445 119 2484 ι(
142 2420 314 2490 nicationis
337 2421 482 2489 incurrat
499 2447 507 2486 :
526 2441 625 2512 aqna
646 2441 710 2486 non
732 2420 832 2510 possit
856 2419 980 2487 absolvi
1002 2421 1064 2488 nisi
1084 2423 1124 2511 ei,
1142 2447 1238 2515 qnem

102 2553 119 2590 c
142 2530 189 2598 sic
203 2529 350 2619 fatigavit
366 2528 520 2612 indebite,
537 2528 642 2618 primo
657 2525 829 2594 satisfaciat
842 2526 1046 2615 integraliter
1061 2527 1100 2596 de
1114 2553 1241 2622 espen-

101 2639 200 2706 «ais.
229 2637 387 2708 Officium
416 2644 523 2703 autem
553 2655 835 2725 quorumcumque
863 2643 1141 2721 conservatorum,
1170 2638 1239 2730 ipso

101 2773 118 2812 a
139 2747 213 2838 jure
232 2743 340 2838 quoad
365 2765 430 2810 non
452 2749 556 2832 ooepta
583 2741 713 2830 negotia
737 2762 794 2831 per
815 2739 940 2808 obitum
964 2742 1168 2812 concedentis
1184 2768 1242 2812 vo-

100 2883 118 2918 «
145 2857 254 2922 lnmus
271 2853 432 2943 expirare.
451 2851 544 2918 Circa
567 2871 703 2917 munera
717 2871 808 2932 vcro,
824 2856 856 2916 et
879 2871 1049 2940 expensas,
1067 2873 1241 2921 assessores

100 2985 117 3024 c
142 2983 178 3026 ac
195 2957 349 3040 notarios,
365 2965 396 3024 et
412 2977 566 3046 personas
580 2953 756 3021 testimonii
778 2976 875 3021 cansa
891 2953 1063 3040 vocandas,
1082 2957 1136 3023 ills
1150 2981 1240 3048 prae-

101 3096 117 3130 a
142 3067 281 3158 cipimus
298 3065 331 3132 in
352 3063 540 3156 hujusmodi
562 3061 843 3132 conservatoribus
857 3083 915 3153 per
930 3064 1040 3130 omnia
1062 3065 1240 3153 observari,

102 3195 219 3266 cquae
247 3174 280 3240 in
309 3172 464 3260 delegatis
491 3169 657 3262 jndicibus
684 3168 870 3237 constitutio
894 3191 913 3234 a
940 3170 1042 3238 Nobis
1065 3193 1164 3262 super
1190 3174 1242 3241 bis

102 3312 118 3346 a
142 3281 230 3350 edita
249 3280 402 3348 decrevit.
420 3276 587 3368 Quidquid
607 3285 715 3346 autem
736 3284 849 3344 contra
872 3277 1041 3366 praemissa
1056 3279 1108 3346 vel
1128 3303 1240 3349 eornm

101 3418 118 3456 a
143 3389 275 3480 aliquod
302 3387 451 3454 attentari
474 3385 658 3474 contigerit,
678 3385 814 3453 omnino
834 3383 1038 3452 decernimus
1059 3387 1190 3455 irritum
1212 3399 1243 3457 et

102 3525 117 3561 a
144 3499 251 3565 inane.
270 3521 288 3558 a
311 3494 359 3586 (G.
378 3497 448 3562 Hac
462 3491 691 3560 constitutione
708 3494 762 3574 15,
779 3489 866 3558 tituli
885 3495 938 3576 11,
953 3491 986 3557 in
1004 3493 1051 3582 6.)

143 3605 193 3672 Ex
212 3604 273 3672 hoc
289 3611 381 3670 textu
395 3599 543 3691 sequitur
555 3621 621 3666 non
644 3619 737 3688 posse
757 3598 791 3664 in
813 3608 1073 3666 conservatorem
1095 3599 1243 3691 deputari

98 3712 280 3804 simplicem
306 3708 495 3776 canonicum
508 3733 517 3792 ;
541 3728 598 3773 nec
618 3705 788 3773 Vicarium
816 3705 1001 3794 generalem
1026 3706 1189 3799 Episcopi,
1207 3733 1245 3778 ec

98 3820 187 3911 quod
215 3818 287 3884 licet
314 3815 505 3906 dignitatem
532 3813 689 3898 obtineat,
717 3833 783 3880 non
811 3821 920 3880 tamen
952 3823 1159 3904 perpetuam,
1187 3839 1245 3884 nec

96 3927 226 4019 priores
250 3921 480 3992 conventuales
505 3930 536 3987 et
561 3920 745 4010 superiores
771 3919 1027 3992 mendicantium
1054 3921 1182 4009 locales,
1209 3935 1245 3994 ut

97 4033 299 4100 declaratum
325 4052 344 4096 a
369 4028 405 4097 S.
434 4027 695 4116 Congregatione
722 4033 858 4093 testatur
883 4025 1026 4094 barbosa
1051 4027 1103 4118 (de
1131 4032 1246 4120 Officio

95 4137 267 4232 Episcopi,
288 4134 383 4226 alleg.
414 4137 489 4218 106,
514 4156 548 4200 n.
576 4133 643 4223 15).
667 4133 800 4201 Caetera
826 4132 994 4201 decretalis
1019 4132 1245 4225 dispositiones

95 4244 317 4340 explicatione
341 4264 407 4311 non
434 4240 593 4329 indigent.
624 4239 823 4307 Addendum
853 4239 1058 4309 solummodo
1081 4249 1130 4309 est
1158 4246 1244 4336 quod
