3056 4972
263 437 325 500 236
632 459 806 506 unacrarus
834 459 873 506 ne
895 459 1026 508 morum.

307 579 340 643 3⁰
361 577 499 650 Possunt
518 579 682 670 postulare
700 603 759 672 pro
776 603 822 664 se,
840 589 872 650 et
889 604 948 673 pro
965 582 1213 673 consanguineis
1233 605 1270 652 ac
1289 582 1401 652 offini-

260 683 335 769 bus,
356 707 416 753 neo
438 707 503 755 non
524 709 583 778 pro
606 687 792 757 minoribus
813 687 935 758 suiset
955 688 1108 782 pupillis;
1127 710 1193 759 non
1211 697 1322 760 autem
1337 713 1400 781 pro

260 789 329 858 ulla
346 791 409 859 alia
425 814 580 883 persona;
599 794 697 885 idque
717 795 758 864 ob
776 795 860 886 juris
878 795 1019 865 Romani
1039 795 1074 863 in
1094 795 1165 866 loro
1186 795 1401 866 ecclesiastico
1517 781 1518 810 ¹

260 905 422 988 receptam
444 898 689 991 dispositionem
714 927 721 968 :
744 900 883 970 infames
901 903 1010 970 minus
1031 901 1192 992 insignes,
1208 925 1286 971 oum
1306 903 1399 972 enim

260 1027 360 1097 supra
385 1008 612 1076 monuerimus
639 1008 779 1078 infames
802 1009 938 1078 inlsmia
963 1009 1092 1101 oropni,
1120 1031 1179 1101 pro
1206 1032 1240 1078 se
1268 1018 1400 1080 tantum

259 1113 423 1203 postulare
446 1137 551 1205 posse,
572 1115 625 1184 hic
643 1115 683 1185 de
700 1116 878 1185 infamibus
899 1115 1036 1185 infamia
1059 1116 1180 1185 minori
1206 1139 1264 1186 seu
1287 1117 1403 1186 minus

261 1218 381 1310 incipet
403 1219 556 1310 dicimus,
583 1245 637 1291 eos
661 1245 754 1314 possa
779 1245 840 1315 pro
868 1223 1116 1314 consanguineis
1144 1224 1254 1306 etiam,
1281 1231 1313 1292 et
1339 1246 1404 1316 pro

260 1325 307 1394 eis
331 1350 472 1419 quornm
497 1338 619 1400 tutores
644 1339 732 1418 sunt,
752 1330 955 1400 advocatiam
976 1352 1137 1400 exercere.
1161 1330 1243 1413 Quae
1262 1330 1405 1402 infamia

259 1434 425 1524 quomodo
448 1434 593 1526 dignosci
613 1437 725 1528 possit,
750 1437 820 1506 luae
844 1437 1007 1506 disserunt
1030 1449 1188 1506 auctores.
1215 1437 1280 1506 Pro
1302 1459 1405 1529 scopo

262 1547 369 1609 autem
391 1543 559 1633 presentis
579 1552 734 1612 tractatus
752 1546 829 1613 satis
844 1544 905 1612 erit
924 1544 1162 1636 transcripsisse
1177 1566 1252 1636 quae
1272 1544 1405 1613 Gratia-

264 1671 328 1716 nus
356 1671 397 1716 ex
425 1648 559 1740 digestis
582 1650 687 1743 (titulo
710 1650 750 1718 de
776 1651 988 1740 Postulondo)
1016 1650 1227 1744 desumpsit:
1254 1650 1406 1720 «Porro
1519 1725 1520 1732 ,

268 1779 284 1817 n
308 1753 443 1825 infamia
456 1757 680 1850 multipliciter
694 1759 858 1848 irrogatur
875 1785 883 1825 :
901 1756 1076 1850 aliquando
1091 1757 1181 1827 enim
1196 1757 1406 1826 contrahitur

265 1889 282 1926 a
305 1885 423 1950 genere
446 1864 556 1933 delicti
578 1865 731 1934 declarati
756 1888 814 1957 per
835 1865 1046 1952 senteutiam,
1069 1864 1172 1934 veluti
1195 1887 1271 1932 oum
1297 1863 1405 1955 judex

265 1995 281 2034 o
305 1971 505 2060 pronuntiat,
525 1974 695 2065 lnjuriam
714 1973 829 2063 fecisti,
845 1971 1070 2042 hereditatem
1087 1971 1251 2064 expilasti,
1268 1972 1407 2040 calum-

264 2101 281 2140 «
303 2075 415 2144 nictus
433 2101 475 2146 es.
498 2078 683 2170 Aliquando
702 2101 820 2168 genere
841 2101 968 2170 poenae3
988 2079 1072 2147 sicut
1091 2077 1139 2147 illi
1161 2077 1221 2170 qni
1238 2078 1407 2148 damnan-

264 2207 280 2246 (ι
305 2191 359 2251 tur
377 2183 418 2252 ad
440 2207 522 2276 opus
546 2185 728 2278 publicum,
750 2187 808 2279 qni
828 2187 1005 2278 pristinum
1023 2185 1156 2278 quidem
1176 2191 1296 2253 statum
1318 2185 1406 2253 obti-

264 2315 281 2353 «
304 2299 394 2376 nent,
410 2291 466 2359 sed
483 2291 605 2362 damno
628 2293 774 2361 infamia
789 2293 886 2362 etiam
904 2301 977 2384 post
995 2291 1166 2382 impletum
1183 2299 1313 2382 tempus
1324 2291 1408 2360 sub-

264 2395 470 2487 ejiciuntur.
498 2399 684 2492 Aliquando
705 2423 823 2490 genere
847 2421 954 2491 poense
978 2408 1010 2467 et
1032 2397 1139 2468 delicti
1162 2396 1316 2468 declarati
1346 2423 1408 2490 per

265 2531 281 2570 «
305 2505 514 2593 sententiam
534 2506 635 2577 veluti
651 2507 731 2577 dum
750 2506 891 2576 fustibus
906 2527 988 2576 caeso
1001 2528 1060 2596 per
1074 2527 1261 2598 preconem
1285 2504 1409 2576 dicitnr

265 2638 282 2676 a
305 2624 519 2700 ἐσυκοφάντησα,
542 2612 576 2681 id
599 2623 658 2701 est,
683 2613 902 2683 calumniatus
919 2635 964 2682 es.
988 2611 1175 2704 Aliquando
1195 2613 1266 2704 ipso
1284 2634 1409 2702 genere

264 2747 280 2783 n
304 2719 378 2789 tacti
386 2747 395 2807 ς
410 2729 446 2789 ut
459 2728 643 2790 exercentes
657 2721 848 2813 improbum
861 2719 969 2788 fcenus
980 2727 1012 2788 et
1021 2719 1130 2787 illicita
1141 2717 1311 2809 exigentes
1322 2743 1409 2789 usu·
1521 2757 1522 2788 r

264 2853 281 2891 «
305 2851 358 2896 ras
374 2851 569 2916 usurarum;
587 2836 618 2896 et
630 2828 749 2897 mulier
761 2850 836 2921 quat
850 2828 936 2896 intra
949 2836 1080 2919 tempus
1091 2849 1157 2918 quo
1173 2825 1274 2894 moris
1291 2835 1339 2894 est
1352 2827 1409 2896 ln·
1521 2831 1522 2834 ’

265 2959 282 2998 «
305 2955 382 3024 gere
402 2936 572 3023 maritum,
599 2935 759 3004 contrahit
782 2933 1047 3019 matrimonium,
1074 2941 1106 3001 et
1123 2932 1180 3025 qui
1204 2931 1307 3000 sciens
1330 2955 1409 3001 cnm

266 3067 283 3104 a
306 3063 445 3110 uxorem
465 3041 643 3110 duxerit.»
664 3042 754 3132 (Can.
778 3043 921 3133 infames
940 3043 973 3127 2,
991 3061 1097 3109 causae
1123 3043 1155 3127 3,
1178 3063 1211 3132 q.
1231 3044 1264 3128 7,
1284 3037 1411 3108 decreti

262 3148 454 3237 Gratiana.)

307 3262 341 3325 4⁰
362 3256 529 3324 Postulare
546 3279 603 3325 scu
624 3277 692 3324 csse
714 3255 862 3324 advocati
882 3261 1062 3346 nequeunt,
1086 3253 1127 3322 ob
1149 3252 1410 3344 prohibitionem

263 3364 344 3452 legis
364 3362 596 3448 ecclesiasticae,
620 3361 896 3431 excommunicati
920 3387 928 3427 :
953 3368 989 3428 ut
1009 3368 1133 3428 constet
1152 3381 1195 3427 ex
1218 3359 1320 3449 capite
1341 3363 1411 3428 De-

264 3471 427 3540 cernimus
441 3469 489 3560 (8,
503 3469 543 3539 de
558 3471 732 3540 Sententia
744 3470 1112 3550 excommunicatorum,
1132 3470 1167 3536 in
1183 3467 1229 3557 6).
1244 3467 1304 3535 His
1315 3468 1411 3538 enim

263 3578 516 3647 communicatio
539 3600 616 3646 cum
634 3576 785 3646 fidelibus
800 3577 919 3658 omnis,
941 3575 1038 3644 etiam
1061 3575 1211 3662 lorensis,
1236 3585 1284 3643 cst
1304 3574 1411 3643 inter-

264 3685 360 3754 dicta

311 3796 341 3857 5⁰
363 3791 490 3872 Quibus
512 3791 546 3858 in
568 3789 696 3859 casibus
710 3791 835 3859 clericis
855 3799 887 3858 et
903 3789 1071 3859 monachis
1093 3787 1240 3860 advocati
1261 3785 1413 3858 officium

267 3897 357 3967 obire
372 3898 467 3965 liceat
480 3896 533 3966 vel
548 3919 614 3965 non
627 3896 732 3985 liceat,
748 3897 827 3965 satis
836 3896 871 3964 iu
885 3897 1044 3988 superiori
1057 3896 1161 3988 capite
1175 3894 1412 3983 indicavimus,

267 4003 348 4072 dum
364 4000 557 4072 eorumdem
574 4002 614 4071 ad
635 4003 852 4094 procuratoris
871 4026 993 4072 munus
1008 4003 1227 4073 exercendum
1247 4002 1415 4073 idoneita-

268 4119 334 4180 tem
349 4110 384 4178 in
399 4112 615 4202 questionem
630 4110 831 4180 vocavimus.

312 4223 345 4286 6⁰
361 4217 412 4287 Ob
434 4218 686 4310 prohihitionem
706 4217 789 4309 juris
806 4218 960 4306 Romani,
985 4218 1018 4287 in
1035 4218 1106 4289 foro
1121 4217 1333 4288 ecclesiastico
1357 4240 1416 4288 re-
