3046 4968
568 458 642 504 rans
665 455 767 502 rama.
1201 439 1240 502 85

102 603 117 640 ι
142 577 308 664 stitutum,
323 604 359 648 ac
386 589 555 672 propterca
581 580 665 648 inter
679 579 790 648 fideles
815 579 1059 649 matrimonium
1080 579 1151 649 dari
1176 603 1240 650 non

99 714 117 748 a
142 710 248 778 posse,
267 688 348 778 quin
363 711 429 757 uno
442 685 620 779 eodemque
637 698 780 780 tempore
805 689 847 754 sit
867 698 1122 775 sacramentum
1145 699 1241 782 atquo

101 822 117 858 u
142 793 264 863 ideirco
293 795 472 887 quamlibet
497 795 596 864 aliam
622 795 706 862 inter
732 793 926 864 christianos
947 795 1009 862 viri
1031 803 1062 864 et
1081 796 1239 883 mulieris,

101 911 265 994 spraeter
298 913 548 990 sacramentum,
579 903 850 994 conjunctionem,
877 901 1108 995 cujuscumque
1144 907 1241 974 etiam

101 1011 249 1079 «civilis
277 1011 359 1100 legis
383 1010 414 1078 vi
437 1011 566 1098 hetam,
590 1009 668 1077 nibil
695 1009 785 1078 aliud
812 1031 879 1077 esse
904 1009 968 1078 nisi
996 1019 1120 1101 turpem
1145 1020 1242 1103 atque

102 1119 309 1187 «exitialem
335 1117 584 1187 concubinatum
607 1116 647 1184 ab
674 1115 816 1184 Ecclesia
840 1125 1003 1210 tantopere
1028 1118 1233 1206 damnatum5

101 1252 117 1289 ι
140 1249 178 1293 ac
196 1225 334 1318 proinde
354 1248 374 1294 a
394 1224 559 1316 conjugali
580 1222 699 1294 loedcre
726 1231 964 1292 sacramentum
986 1225 1127 1316 separari
1152 1247 1240 1293 nun-

100 1355 241 1425 aquam
270 1355 379 1425 posse;
407 1342 438 1400 et
466 1332 600 1400 omniuo
628 1338 771 1421 spectare
797 1329 838 1397 ad
866 1329 1016 1400 Ecclesiae
1052 1339 1237 1421 potestatem

100 1467 116 1502 a
138 1463 179 1508 ea
189 1441 301 1508 omnia
315 1439 500 1526 decernere,
517 1461 592 1530 qum
609 1437 650 1506 ad
664 1437 751 1506 idem
767 1437 1010 1506 matrimonium
1026 1438 1239 1530 quovismodo

101 1555 279 1638 «possunt
304 1547 472 1638 pertinere.
499 1547 606 1636 Atque
634 1544 702 1612 baec
727 1543 837 1611 omnia
863 1546 1054 1632 omittimus,
1072 1555 1241 1638 propterea

99 1683 114 1717 a
139 1656 229 1746 quod
245 1655 369 1724 etiamsi
392 1653 442 1722 bae
466 1655 553 1742 leges
576 1653 617 1720 ab
641 1652 804 1743 aliquibus
821 1675 837 1718 e
854 1651 1080 1743 deputatorum
1106 1653 1241 1721 concilio

100 1787 116 1824 a
140 1761 234 1829 fuere
257 1761 444 1852 proposita,
464 1769 570 1828 tamur
591 1759 739 1850 plerique
755 1757 900 1850 deputati
919 1781 956 1826 uc
982 1769 1157 1846 senatores,
1174 1761 1241 1830 Deo

100 1897 116 1932 a
139 1867 225 1936 bene
237 1869 384 1959 juvante,
401 1889 455 1935 eas
468 1867 555 1956 leges
571 1865 759 1956 rejiciendas
774 1887 843 1933 esse
867 1864 1049 1933 decrevere.
1067 1893 1083 1929 a
1106 1867 1241 1956 (inserta

96 1975 160 2042 luit
176 1975 327 2044 allocutio
340 1975 397 2042 illa
411 1975 445 2042 iu
464 1973 679 2064 publicatione
700 1970 862 2064 periodica
880 1971 913 2039 la
931 1972 1053 2040 Ciuiltd
1071 1973 1235 2056 cottolicu,

97 2104 131 2148 n.
151 2085 206 2166 62,
223 2104 310 2150 anuo
327 2086 358 2169 3,
374 2089 451 2149 tom.
472 2082 537 2170 ll.)

143 2189 196 2255 Ad
223 2211 291 2255 rem
311 2210 446 2280 prorsus
470 2188 605 2274 faciunt,
623 2197 659 2254 ut
682 2195 779 2280 patet,
795 2209 831 2254 ea
853 2187 902 2254 Pii
918 2188 965 2256 Vl
981 2189 1090 2275 verba,
1106 2192 1241 2260 omnino
1330 2228 1333 2236 v

97 2308 244 2386 spectare
261 2295 307 2362 ad
331 2295 481 2366 Ecclesia
503 2305 701 2385 potestatem
725 2316 762 2360 ea
787 2294 898 2361 omniu
924 2293 1090 2362 decernere
1109 2319 1180 2387 quac
1195 2297 1242 2366 ud

98 2401 187 2470 rilem
208 2401 457 2470 matrimonium
481 2401 594 2493 quouis
609 2399 705 2468 modo
722 2413 857 2491 possunt
868 2400 1030 2490 pertinere
1044 2428 1054 2468 .·
1071 2425 1135 2470 non
1152 2405 1239 2473 enim

97 2507 296 2579 luculentius
313 2509 452 2600 exprimi
466 2518 498 2576 et
508 2508 684 2576 tenendum
697 2506 854 2575 declarari
866 2516 990 2598 poterat
1001 2509 1087 2598 quod
1105 2509 1154 2576 hic
1166 2533 1237 2578 sus-

99 2617 255 2703 tinemus,
274 2639 383 2684 omnes
408 2615 526 2684 scilicet
546 2615 676 2706 proprie
696 2613 797 2682 dictas
820 2613 1073 2682 matrimoniales
1094 2637 1241 2685 causasa

98 2725 172 2793 foro
191 2724 332 2815 pendere
357 2723 578 2792 ecclesiastico.
596 2723 662 2790 Nec
681 2721 789 2790 minus
812 2730 920 2813 aperte
943 2721 1106 2812 praedictis
1132 2725 1240 2792 verbis

98 2831 218 2899 leritur
232 2853 405 2900 erroneum
421 2839 452 2898 et
471 2829 781 2920 periculosissimum
807 2838 947 2919 systema
967 2851 1079 2896 eorum
1101 2830 1156 2920 qui
1172 2851 1238 2898 sre-

99 2937 203 3006 oulari
216 2939 355 3029 principi
366 2937 526 3022 tribuunt,
538 2937 651 3004 saltem
662 2945 815 3027 tanquam
830 2935 1041 3025 probabilem,
1055 2935 1240 3007 dirimentis

101 3045 302 3112 matrimonii
325 3043 555 3134 impedimenta
581 3041 797 3110 constituendi
822 3050 1020 3131 potestatem.
1041 3039 1078 3111 Si
1096 3043 1183 3112 enim
1204 3068 1242 3112 ea

99 3151 212 3220 omma
226 3174 300 3244 quae
315 3150 356 3218 ad
374 3150 615 3218 matrimonium
637 3147 750 3240 quouis
769 3146 866 3215 modo
882 3156 1017 3240 possunt
1033 3149 1206 3240 pertinere,
1224 3175 1244 3219 a

99 3258 327 3349 jurisdictione
352 3257 513 3348 pendeant
541 3255 767 3339 ecclesiastica,
794 3254 836 3321 ab
859 3254 973 3323 eadem
999 3256 1111 3345 procul
1138 3255 1241 3325 dubio

102 3365 290 3456 pendebunt
305 3363 418 3431 omnio
433 3363 529 3431 etiam
544 3359 776 3454 impedimenta
798 3360 995 3428 dirimentia.
1013 3362 1166 3451 Magnam
1182 3387 1242 3432 au-

104 3483 166 3538 tem
197 3472 301 3538 inesse
330 3468 604 3538 consistorialibus
633 3466 793 3559 ejusmodi
822 3466 1070 3535 allocutionibus
1099 3469 1244 3536 auctori-

104 3588 199 3646 tatem
216 3577 430 3666 dogmaticam
447 3576 610 3644 neminem
626 3575 721 3664 fugit.
740 3573 840 3641 Fiunt
856 3574 943 3641 euim
959 3574 992 3640 iu
1009 3574 1095 3642 bunc
1111 3599 1244 3666 scopum

104 3695 137 3752 ut
167 3693 256 3753 totus
284 3682 427 3752 muudus
461 3680 745 3775 (quemadmodum
777 3681 810 3747 in
842 3680 938 3749 modo
974 3682 1069 3750 citata
1097 3705 1247 3773 expresse

105 3790 296 3879 declaratur)
313 3812 367 3858 eas
393 3798 576 3878 cognoscat,
594 3798 625 3856 et
647 3787 832 3856 authentica
855 3789 1044 3879 publicitate
1068 3787 1243 3858 donantur.

105 3897 264 3978 Quamvis
290 3903 397 3964 autem
426 3896 460 3963 in
484 3896 524 3962 iis
548 3894 698 3962 Pontifex
725 3916 828 3961 novas
854 3894 928 3962 fidei
954 3893 1157 3964 definitiones
1181 3919 1247 3964 nou

105 4006 239 4090 emittat,
262 4001 395 4072 emissas
422 4012 530 4070 tamen
559 4009 712 4092 tanquam
741 4001 914 4068 Ecclesiam
942 4000 1060 4069 docens
1086 4003 1247 4094 interpre-

106 4119 191 4178 tetur
206 4121 237 4176 et
253 4107 405 4178 declarat.
422 4111 469 4177 lta
490 4117 526 4176 ut
542 4108 719 4176 temeritate
741 4129 805 4177 non
825 4117 931 4178 cureat
950 4107 1010 4176 hoc
1031 4107 1126 4177 modo
1141 4109 1248 4179 decla-

106 4225 251 4287 raturum
268 4216 457 4308 dogmatum
481 4215 693 4308 impugnatio
