3090 4964
291 473 331 541 30
663 497 837 546 rnacrsros
860 498 898 543 nn
920 495 1051 544 snurcus.

286 616 425 704 lictores,
442 618 571 706 notarii,
588 627 663 704 etc,
677 617 717 686 de
728 619 951 688 essentialibus
966 641 1031 686 non
1048 623 1136 686 suut.
1153 615 1255 708 Atqui
1271 613 1426 707 praedicta

287 725 468 794 essentialia
476 724 665 817 exprimunt
675 725 726 794 rel
735 733 923 818 supponunt
931 726 1028 794 citata
1036 724 1173 816 apostoli
1182 724 1292 792 verba.
1304 724 1425 816 Expri-

287 840 381 899 munt
393 832 480 900 enim
494 839 724 918 accusatorem,
740 832 846 900 Reum
861 839 893 900 et
908 832 1002 901 testes
1017 859 1024 899 :
1039 833 1119 900 dum
1133 839 1241 900 autem
1255 831 1426 899 Timotheo

288 937 420 1024 dicitur,
437 939 676 1006 accusationem
693 939 762 1008 noli
775 939 914 1030 reciprerc
932 939 994 1008 nisi
1012 939 1073 1008 suh
1090 938 1145 1009 tali
1165 938 1282 1023 forma,
1298 958 1426 1029 suppo·

287 1043 376 1111 nitur
395 1066 470 1112 eum
489 1065 558 1112 esse
576 1044 759 1134 legitimum
779 1045 933 1135 judicem.
957 1048 1134 1113 Accusator
1154 1051 1262 1112 autem
1281 1043 1424 1133 jndicem

286 1149 481 1241 Episcopum
502 1172 568 1219 non
591 1150 714 1237 adiret,
738 1151 802 1218 nisi
831 1151 920 1220 Reus
941 1160 1047 1243 posset
1067 1175 1087 1219 a
1109 1151 1165 1219 tali
1183 1149 1291 1242 judice
1314 1151 1425 1243 aliquo

287 1254 383 1323 modo
402 1255 512 1346 puniri
533 1257 585 1325 vel
603 1256 644 1324 ad
662 1256 785 1347 aliquid
803 1257 913 1348 aliquo
934 1255 1030 1324 modo
1048 1255 1120 1345 cogi
1139 1281 1147 1322 z
1165 1253 1251 1323 unde
1274 1253 1335 1322 hoc
1353 1253 1426 1344 ipso

286 1360 373 1452 quod
384 1361 547 1452 apostolus
559 1372 720 1453 supponat
732 1371 943 1446 accusatores,
954 1361 1107 1453 supponit
1118 1363 1152 1428 in
1161 1359 1269 1450 judice
1281 1359 1424 1452 aliquam

285 1467 488 1536 coercitivam
511 1477 710 1560 potestatem.
735 1469 823 1558 Ergo
845 1476 952 1538 textus
974 1467 1030 1538 ille
1049 1468 1164 1560 probat
1188 1467 1425 1536 contentiosum

285 1576 407 1662 lorum,
440 1575 602 1668 simulque
628 1577 803 1646 coactivam
831 1577 974 1667 aliquam
999 1584 1187 1668 potestatem
1212 1574 1361 1644 Ecclesiae
1388 1583 1426 1641 ut

285 1683 450 1773 propriam
472 1690 663 1774 competere.

331 1791 361 1854 2.
379 1789 433 1857 Sic
448 1788 584 1858 habetur
599 1789 685 1881 apud
700 1789 904 1878 Matthaenm,
921 1813 949 1857 c.
970 1793 1023 1876 18,
1037 1813 1070 1857 v.
1089 1793 1128 1857 15
1145 1817 1152 1857 :
1167 1787 1209 1857 Si
1222 1803 1333 1857 cutem
1342 1811 1424 1880 pec-

286 1896 407 1962 caverit
422 1895 457 1962 in
473 1909 504 1963 te
515 1898 621 1985 [ναῖεν
640 1908 725 1978 tuus,
744 1895 826 1964 vade
843 1909 873 1964 ct
890 1896 1015 1988 corripe
1031 1919 1105 1964 enm
1124 1897 1210 1964 inter
1223 1908 1254 1964 te
1268 1908 1300 1963 et
1315 1897 1424 1987 cpsum

284 2003 401 2070 solum.
419 2001 669 2084 strematico,
689 2003 833 2071 lucratus
849 2003 911 2070 cris
923 2006 1063 2093 fratrem
1079 2015 1185 2070 tuum.
1202 2003 1243 2070 Si
1262 2015 1373 2071 aretem
1394 2015 1425 2070 tc

285 2131 350 2177 ccc
372 2107 525 2191 audierit,
544 2107 663 2177 cdlu'bc
682 2122 788 2178 tecum
807 2109 915 2178 adhuc
935 2133 1051 2191 ocrim,
1073 2110 1126 2177 cel
1143 2109 1234 2190 duos,
1258 2122 1295 2178 ut
1312 2109 1347 2176 iu
1368 2133 1425 2178 ore

287 2215 428 2283 duorum
450 2215 502 2282 vel
524 2216 625 2283 trium
653 2217 783 2284 testium
811 2229 872 2285 stet
898 2239 994 2285 omne
1020 2216 1163 2284 ochum.
1197 2215 1291 2298 Quod
1312 2217 1424 2284 cnon

286 2321 429 2390 audierit
450 2345 512 2404 cos,
536 2321 588 2390 dic
611 2323 773 2392 Ecclesia.
795 2323 836 2391 Si
854 2337 964 2392 cutem
983 2323 1163 2392 Ecclesium
1182 2346 1247 2391 uon
1267 2323 1420 2403 audierit,

284 2428 327 2496 sit
347 2428 407 2495 titi
428 2429 508 2496 sicut
525 2428 669 2496 ethnicus
684 2442 714 2496 et
724 2429 929 2520 publicanus.

328 2534 476 2604 Christus
501 2535 546 2602 ihi
572 2535 945 2628 alloquitnrapost010S,
972 2537 1029 2628 qui
1054 2535 1159 2628 judaei
1183 2543 1284 2604 erant.
1314 2536 1423 2606 ludaei

285 2650 393 2709 autem
417 2641 596 2710 Ecclesiam
616 2641 773 2709 vocabant
790 2651 859 2710 tum
881 2652 1080 2710 conventum
1096 2644 1130 2710 in
1153 2665 1331 2734 synagoga,
1349 2652 1421 2712 tum,

285 2769 460 2838 synagogae
481 2747 655 2838 principes.
672 2747 756 2815 Hinc
779 2772 816 2816 aa
837 2749 936 2817 verba
955 2748 1007 2816 dic
1022 2749 1183 2832 Ecclesiae,
1201 2749 1289 2817 idem
1305 2759 1424 2817 sonant

285 2877 322 2920 aa
341 2855 369 2920 si
387 2853 530 2945 positum
553 2853 677 2939 luisset,
699 2853 752 2921 dic
772 2855 922 2922 Ecclesia
944 2855 1129 2923 rectoribus.
1153 2855 1259 2936 Quem
1282 2861 1422 2922 caetero-

282 2960 362 3052 quin
381 2981 513 3028 sensum
530 2967 595 3026 tota
607 2958 736 3027 traditio
753 2968 784 3026 et
800 2961 900 3028 sancti
914 2960 1024 3028 Patres
1041 2964 1225 3030 firmarunt.
1247 2962 1327 3029 ltem
1343 2983 1421 3028 cum

284 3066 425 3135 solerent
441 3064 545 3157 judaei
569 3088 608 3133 ex
629 3066 790 3134 consortio
811 3089 870 3136 suo
891 3076 922 3134 et
946 3090 1111 3158 synagoga
1136 3067 1249 3158 eJicere
1275 3067 1422 3135 ethnicos

285 3181 315 3241 et
338 3172 537 3263 publicanos,
558 3195 596 3240 ea
618 3175 729 3257 verba,
753 3171 796 3240 sit
818 3173 878 3241 tibi
896 3174 976 3240 sirm
997 3174 1139 3242 ethnicus
1164 3187 1195 3242 et
1214 3173 1419 3265 publicanus,

284 3280 371 3348 idem
393 3279 438 3345 ibi
460 3287 575 3346 sonant
604 3301 640 3346 ac
664 3280 740 3365 ista,
763 3278 804 3346 ab
822 3279 968 3348 Ecclesia
991 3281 1156 3370 ejiciatur,
1183 3292 1213 3347 ct
1230 3281 1421 3372 praejecto

282 3386 452 3455 habeatur.
465 3385 551 3472 Ergo
563 3386 746 3477 pastoribus
757 3386 908 3454 Ecclesiae
924 3385 1058 3454 contulit
1071 3386 1218 3454 Christus
1231 3394 1420 3476 potestatem

211 3521 212 3524 ¹
283 3491 495 3581 cognoscendi
510 3491 549 3558 de
564 3491 675 3560 litibus
695 3491 779 3559 inter
795 3491 905 3560 fideles
920 3493 1012 3579 ortis,
1029 3501 1061 3559 et
1074 3492 1265 3560 seutentiam
1279 3492 1419 3581 lerendi,

282 3608 313 3668 et
326 3599 432 3667 Reum
449 3605 682 3684 contumacem,
700 3621 755 3666 seu
775 3598 877 3689 judici
892 3599 1102 3668 ecclesiastico
1122 3622 1187 3668 uon
1203 3599 1419 3687 obedientem,

284 3708 324 3776 ab
340 3705 478 3774 Ecclesia
497 3704 656 3793 ejiciendi.
673 3705 775 3773 Porro
795 3705 855 3772 hoc
871 3705 942 3796 ipso
964 3705 1112 3774 Ecclesia
1133 3706 1268 3774 eontulit
1289 3711 1421 3798 proprie

282 3815 401 3882 dictam
424 3811 627 3903 judiciariam
654 3819 839 3901 potestatem
868 3838 875 3878 :
903 3835 978 3880 nam
1005 3812 1052 3879 ibi
1078 3813 1283 3903 reperiuntur
1310 3814 1422 3880 omnio

284 3920 381 4010 hujus
404 3918 565 4010 potestatis
584 3918 764 3986 essentialia
790 3945 797 3986 :
817 3917 975 4009 judicium
1001 3941 1115 4010 nempe
1138 3921 1172 3986 in
1193 3919 1264 3988 loro
1284 3928 1421 3988 externo

282 4049 357 4096 cum
377 4025 508 4094 testibus
524 4023 644 4110 ludex,
665 4023 852 4112 Accusator,
870 4025 969 4112 Reus,
990 4047 1095 4093 causae
1115 4025 1267 4115 cognitio,
1290 4037 1423 4096 senteu-

284 4137 340 4221 tia,
355 4140 386 4200 ct
400 4131 559 4200 coercitio.

330 4244 361 4313 ³⁰
377 4236 491 4309 Plures
506 4237 638 4328 iusuper
657 4236 835 4329 Scriptura
849 4259 948 4307 sacros
966 4245 1073 4308 textus
1087 4239 1236 4330 probant,
1252 4259 1271 4305 a
1288 4238 1421 4310 Christo
