3046 4968
668 505 839 556 anastatus
854 507 900 554 DE
921 505 1055 556 JUlthllS.

754 833 897 902 CAPUT
919 834 976 902 III.

623 1027 661 1071 DE
682 1027 786 1072 CAUSIS
809 1026 1100 1073 mnrntmonmttattm

336 1217 582 1307 Distinguendae
610 1227 686 1286 sunt
711 1241 816 1288 eausae
838 1219 1092 1287 matrimoniales
1118 1216 1248 1308 proprie
1271 1215 1375 1300 diotae,
1391 1215 1429 1282 ab

292 1325 469 1418 improprie
485 1324 588 1392 dictis.
617 1325 755 1407 Quando
779 1326 812 1392 in
826 1327 1041 1416 qaaestionem
1057 1324 1146 1392 venit
1164 1329 1346 1392 contractus
1361 1344 1431 1389 ma-

292 1433 486 1500 trimonialis
503 1431 605 1516 valor,
622 1440 678 1499 aut
697 1432 819 1523 aliquid
844 1431 929 1523 juris
952 1455 994 1500 ex
1016 1432 1119 1523 ipsius
1133 1430 1242 1499 valore
1258 1429 1310 1496 vel
1333 1427 1430 1496 nulli·

291 1549 356 1608 tate
371 1539 487 1625 fluens,
504 1547 552 1606 est
567 1561 663 1606 carisa
687 1539 935 1610 matrimonialis
958 1540 1089 1631 proprie
1115 1538 1198 1606 dicta
1215 1565 1222 1605 :
1242 1535 1431 1628 Cujusmodi

290 1656 349 1732 est,
366 1646 457 1714 verbi
480 1647 595 1736 gratia,
613 1647 754 1738 quaestio
778 1657 888 1716 utrum
913 1647 974 1714 tale
1001 1645 1268 1738 impedimentum
1290 1644 1331 1712 sit
1353 1645 1432 1711 diri·

292 1776 395 1838 mens,
412 1775 453 1820 au
468 1776 546 1821 vero
572 1754 742 1821 dumtaxat
769 1755 965 1844 impediens;
987 1755 1155 1821 autetiam
1180 1775 1221 1820 au
1247 1749 1369 1841 aliquid
1392 1751 1433 1817 sit

1517 1913 1518 1950 l

1517 1951 1518 1998 t

1517 2051 1518 2092 t

1517 2227 1518 2274 t

291 1882 391 1927 neone
414 1883 528 1927 verum
552 1859 840 1951 impedimentum
863 1882 905 1926 an
932 1858 971 1926 de
998 1859 1080 1927 laeto
1107 1858 1168 1927 tale
1191 1857 1433 1926 matrimonium

289 1987 363 2034 eum
388 1964 619 2056 impedimento
641 1965 800 2032 nullitatis
822 1974 1023 2034 contractum
1050 1965 1166 2050 luerit;
1185 1987 1227 2033 an
1248 1987 1289 2032 ex
1314 1963 1368 2031 tali
1383 1964 1435 2031 vel

288 2073 344 2140 tali
359 2072 479 2139 motivo
503 2071 628 2138 licitum
645 2072 689 2138 sit
703 2093 782 2139 vero
809 2072 1016 2140 matrimonio
1041 2069 1222 2162 conjunctis
1236 2071 1431 2156 divortium3

289 2202 331 2246 an
352 2179 430 2246 tales
449 2177 507 2245 filii
530 2179 595 2245 siut
620 2200 718 2246 necne
746 2177 896 2268 legitimi,
914 2202 988 2248 aum
1015 2202 1052 2247 ea
1075 2179 1261 2268 legitimitas
1282 2186 1436 2269 sequatur

290 2309 331 2352 ex
348 2285 528 2376 quaestione
542 2283 582 2351 de
599 2285 703 2376 ipsius
719 2285 918 2354 matrimonii
936 2285 1058 2372 valore,
1072 2295 1131 2353 etc.
1152 2287 1196 2353 At
1213 2294 1332 2375 praeter
1346 2285 1437 2375 ejus-

292 2392 381 2461 modi
405 2391 613 2482 quaestiones‚
630 2415 704 2483 quae
722 2393 773 2460 vel
794 2393 879 2460 eirea
903 2393 1102 2461 matrimonii
1128 2391 1346 2460 substantiam
1362 2413 1437 2460 ver·
1517 2385 1518 2396 ’

291 2511 416 2586 santur,
433 2499 485 2567 vel
501 2499 586 2566 ciros
606 2499 817 2589 obligationes
836 2509 867 2567 at
888 2500 965 2590 jura
988 2522 1007 2568 a
1034 2499 1213 2567 substantia
1237 2499 1439 2567 matrimonii
1517 2531 1518 2540 ¹

291 2607 469 2676 necessario
483 2605 708 2697 dependentia,
724 2617 801 2674 sunt
821 2618 852 2675 et
866 2607 952 2691 aliae,
970 2631 1044 2698 qum
1066 2607 1243 2699 respiciunt
1257 2607 1365 2675 varias
1381 2630 1440 2674 so-

290 2715 472 2783 lemnitates
486 2715 675 2781 substautiae
691 2722 722 2780 et
735 2713 837 2782 valori
857 2715 1056 2782 matrimonii
1078 2712 1275 2782 extrinsecas
1295 2739 1302 2780 :
1321 2712 1440 2802 eujus·
1517 2719 1518 2758 1

291 2824 378 2892 modi
395 2831 471 2890 sant
495 2821 690 2912 quaestiones
715 2820 755 2888 de
779 2821 865 2909 dote,
881 2822 921 2890 de
942 2821 1145 2908 haereditate,
1162 2820 1202 2888 de
1227 2843 1345 2912 pompa
1367 2845 1442 2888 ma-

287 2929 476 3013 trimoniali,
493 2937 552 2996 eta.
575 2927 631 2994 Eae
648 2949 745 3017 porro
760 2929 870 2996 vocari
894 2939 1031 3019 possunt
1057 2951 1164 2996 causas
1183 2927 1442 2996 matrimoniales

291 3035 468 3127 improprie
484 3032 585 3102 dieta.
604 3034 676 3115 Quo
697 3041 890 3126 praenotato,
909 3036 950 3102 sit

338 3197 521 3265 Pnoeosrno
534 3195 575 3260 1⁸.
593 3232 637 3245 —
655 3195 769 3264 Cama
783 3216 891 3262 omues
906 3196 1168 3264 matrimoniales
1178 3196 1313 3286 proprie
1328 3195 1441 3278 dietae,

293 3303 404 3396 quoad
417 3301 632 3369 matrimonia
644 3300 805 3391 fideliam,
823 3300 868 3368 ad
879 3303 991 3391 sarum
1017 3303 1264 3371 eeclesiasticam
1280 3303 1447 3371 eeclesiae

288 3413 465 3502 pertineat.
485 3409 703 3476 —Probatur
722 3411 763 3475 1⁰.
782 3407 832 3475 Ex
854 3431 975 3477 canone
1001 3413 1041 3476 42
1065 3411 1216 3478 sessionis
1238 3413 1277 3476 ll
1295 3411 1447 3479 Triden-

293 3519 355 3588 tini
369 3516 494 3585 aonailii
509 3541 515 3580 :
531 3515 571 3582 Si
584 3515 656 3605 quis
671 3513 792 3583 dixerit
807 3537 922 3584 causas
938 3517 1203 3584 matrimoniales
1214 3539 1282 3584 aaa
1294 3530 1449 3607 spectare

295 3627 341 3696 ad
349 3623 478 3716 judices
494 3621 727 3703 aeclesiasticos,
744 3623 924 3690 anatliema
945 3623 999 3692 sit.
1021 3625 1105 3692 Dum
1127 3624 1172 3691 ibi
1190 3623 1310 3693 dicitur
1325 3646 1450 3692 causas

297 3728 570 3808 aratrimoaialea
588 3728 672 3796 idem
701 3729 949 3818 intelligendum
970 3739 1020 3797 est
1041 3753 1078 3798 aa
1099 3731 1127 3796 si
1150 3731 1291 3821 positum
1312 3731 1448 3816 luisset,

195 3909 201 3922 ,
298 3862 410 3910 causas
433 3833 683 3904 matrimoniales
704 3857 824 3904 omnes.
840 3837 973 3904 Constat
993 3859 1034 3903 ex
1055 3859 1095 3905 eo
1123 3837 1210 3928 quod
1233 3859 1291 3927 per
1307 3837 1450 3904 modum
1517 3835 1518 3928 1

299 3943 528 4040 propositionis
554 3941 748 4010 universalis
769 3942 947 4011 enuntiatio
973 3943 1040 4010 liat.
1069 3943 1201 4012 Constat
1221 3953 1381 4034 praeterea
1403 3968 1451 4011 ex
1517 3941 1518 3992 l

297 4048 771 4139 authentiaainterpretatioue
791 4049 844 4117 Pii
857 4049 916 4134 VI,
933 4051 990 4140 qui
1016 4051 1049 4116 in
1072 4051 1165 4119 brevi
1190 4050 1376 4138 dogmatico
1403 4053 1452 4118 ad

297 4160 510 4230 Motalenseni
525 4155 721 4247 Episcopum
737 4156 870 4242 directo,
885 4157 1036 4247 reprobat
1053 4156 1348 4248 interpretationem
1367 4181 1453 4224 sen-
1517 4183 1518 4232 t

295 4291 350 4337 sus
372 4263 565 4333 universalis
590 4262 816 4348 restrictivam,
839 4285 905 4354 qua
926 4262 1045 4330 seilicet
1068 4263 1316 4332 contenderetur
1342 4285 1452 4334 aano—
