3030 4980
535 497 611 544 rnas
634 497 778 544 sncunnc.
1166 477 1224 543 tll

79 615 341 705 jurisdictionem
361 617 573 708 episcopalem
595 617 660 686 nisi
680 615 935 685 ministerialiter
954 622 986 683 et
1003 616 1135 684 nomine
1149 617 1231 707 Epi-

81 723 172 814 scopi
190 724 419 810 exercendam,
447 732 478 791 et
506 723 546 792 ad
572 731 690 792 nutum
718 723 864 814 ejusdem
888 722 1041 815 Episcopi
1066 724 1231 792 revocami-

82 829 162 916 lem,
181 829 316 899 inlerior
336 830 444 923 quoad
464 830 717 922 praecellautiam
739 829 920 898 censendus
943 837 990 898 est
1014 852 1064 915 eo,
1086 829 1144 921 qni
1162 829 1232 898 dic-

81 944 149 1002 tam
185 935 468 1026 jurisdictionem,
511 959 568 1028 per
607 959 641 1004 se
679 938 787 1028 ipsum
827 943 858 1004 et
901 935 1156 1028 independenter
1191 936 1233 1004 ab

82 1041 244 1134 Episcopo
268 1043 376 1132 habet,
401 1045 437 1112 in
462 1044 579 1113 hadita
601 1044 676 1114 sede
698 1043 806 1136 plena,
830 1051 862 1111 et
883 1044 980 1112 etiam
1003 1045 1038 1111 in
1058 1055 1134 1112 actu
1157 1043 1231 1112 sede

82 1159 231 1236 vacante,
259 1151 381 1243 quique
406 1173 465 1243 per
491 1152 637 1244 seipsum
666 1159 698 1218 et
727 1149 982 1244 independenter
1006 1151 1046 1218 ab
1074 1150 1232 1242 Episcopo

82 1264 133 1323 est
149 1257 327 1326 auxiliator
345 1265 442 1328 uetus
457 1259 606 1350 Episcopi
622 1259 657 1326 in
680 1257 831 1327 Ecclesia
846 1259 1019 1348 regimine,
1036 1266 1067 1326 et
1083 1259 1139 1349 qui
1155 1265 1231 1326 tan-

82 1362 160 1431 dem
180 1363 214 1432 id
230 1365 315 1456 juris
335 1366 431 1434 habet
450 1367 514 1434 sibi
529 1366 685 1434 stabiliter
702 1389 759 1434 seu
780 1366 814 1432 in
833 1374 1063 1458 perpetuumu
1080 1365 1150 1455 lege
1164 1365 1232 1434 col-

80 1471 201 1538 latum.
222 1473 323 1564 Atqui
341 1473 496 1542 Vicarius
519 1473 694 1563 generalis,
715 1473 775 1540 etsi
792 1495 892 1540 unam
912 1482 942 1540 et
963 1471 1109 1540 eamdem
1131 1471 1231 1563 juris-

81 1577 257 1646 dictionem
288 1579 402 1650 habeat
429 1603 503 1648 cum
533 1580 705 1672 Episcopo,
739 1589 774 1649 ut
805 1580 1028 1671 probavimus,
1060 1579 1230 1670 ipsiusque

80 1706 256 1774 personam
276 1696 363 1777 agat,
386 1695 482 1778 atque
503 1686 578 1759 iude
595 1687 659 1779 ipsi
675 1686 856 1778 plurimum
875 1687 1008 1755 honoris
1024 1693 1055 1754 et
1071 1685 1229 1778 praeemi-

80 1793 206 1860 nentiae
231 1795 346 1864 merito
371 1795 413 1863 sit
435 1794 659 1881 tribuendum,
682 1817 748 1864 uon
770 1801 945 1864 esttamen
970 1794 1006 1862 in
1027 1793 1112 1862 dictu
1128 1794 1230 1884 juris-

82 1898 226 1968 dictione
246 1900 426 1970 exercenda
445 1901 508 1969 uisi
528 1901 687 1988 minister,
709 1924 751 1969 ex
770 1901 874 1970 libera
894 1899 1045 1992 Episcopi
1065 1899 1231 1969 voluntate

82 2009 293 2096 constitutus,
307 2017 340 2077 et
358 2030 399 2077 ex
418 2008 530 2078 eadem
549 2007 652 2076 libera
668 2008 833 2077 voluntate
853 2007 1056 2078 revocabilis.
1073 2008 1101 2076 E
1121 2015 1234 2076 contra

82 2117 276 2208 Capitulum
295 2139 336 2186 ex
354 2117 428 2208 jure
449 2118 531 2208 ipso,
553 2124 585 2183 et
604 2137 671 2184 non
692 2139 733 2184 ex
750 2116 884 2185 arbitrio
896 2116 1062 2207 Episcopi,
1076 2115 1233 2207 jurisdic-

85 2227 175 2293 tione
196 2223 365 2318 episcopali
387 2222 485 2315 pollet
511 2224 546 2290 in
565 2222 693 2306 laodite,
719 2223 794 2290 sede
813 2223 921 2313 plena,
945 2231 976 2292 et
996 2223 1031 2292 in
1052 2235 1139 2304 actu,
1159 2222 1233 2290 sede

83 2341 240 2418 vacante3
262 2339 374 2422 estque
395 2331 530 2421 insuper
546 2329 722 2398 auxiliator
736 2338 845 2416 natus,
871 2330 905 2396 id
923 2337 983 2416 est,
1006 2330 1116 2418 alege
1139 2327 1234 2396 datus

83 2439 249 2530 Episcopo
264 2440 299 2506 in
314 2437 465 2506 Ecclesiae
482 2437 642 2526 regimine
662 2463 669 2502 ι
687 2458 761 2526 quae
783 2438 1012 2526 praerogativae
1032 2436 1188 2504 stabiliter
1204 2434 1234 2502 ei

84 2546 264 2634 inhaerent,
282 2569 341 2614 nec
357 2552 432 2612 sunt
451 2544 490 2612 ad
514 2551 630 2611 nutum
649 2543 802 2634 Episcopi
820 2543 1029 2613 revocabiles.
1052 2542 1148 2630 (Vide
1163 2543 1235 2611 haec

83 2655 217 2722 firmata
232 2654 266 2721 in
281 2660 419 2721 tractatu
436 2675 507 2719 meo
527 2650 769 2742 decapitatis.)
787 2650 876 2740 Ergo
895 2647 1045 2720 Viearius
1059 2649 1230 2738 generalis,

84 2761 196 2852 quoad
208 2760 473 2852 precellentium,
491 2757 626 2826 inferior
638 2756 779 2848 capitulo
794 2756 974 2825 censendus
989 2764 1036 2824 est
1049 2784 1057 2822 ε
1072 2756 1230 2848 capitolo,

85 2871 237 2960 inquam,
254 2891 320 2935 non
333 2875 440 2936 autem
453 2864 616 2934 canonicis
632 2865 767 2933 seorsim
780 2865 933 2955 sumptis,
947 2863 1024 2955 quia
1038 2860 1132 2931 dictae
1145 2885 1233 2954 prae·

84 2975 247 3066 rogativae
262 2975 403 3066 capitulo
413 2982 449 3042 ut
462 2971 532 3060 tali,
548 2994 614 3042 nou
626 2994 703 3042 vero
713 2972 852 3062 singulis
863 2971 933 3063 ejus
943 2971 1112 3057 memhris,
1129 2970 1232 3061 ajure

84 3083 216 3150 collatas
231 3089 318 3149 sunt.

134 3189 204 3257 Hoc
227 3195 335 3256 autem
357 3186 521 3278 principio
539 3184 639 3254 semel
661 3183 814 3272 admisso,
841 3183 1047 3252 mirationem
1071 3205 1137 3252 nou
1159 3205 1233 3251 mo—

86 3297 213 3366 vebunt
237 3294 489 3387 quamplurima
515 3293 551 3361 S.
576 3292 875 3382 Congregationum
900 3292 1123 3360 Romanarum
1143 3289 1234 3358 deci-

86 3405 209 3490 siones,
226 3425 300 3493 quae
320 3402 355 3468 in
376 3401 486 3470 multis
505 3401 671 3470 Vicarium
694 3399 877 3489 generalem
899 3399 1040 3490 capitulo
1059 3396 1235 3468 cathedrali

88 3518 303 3603 postponunt.

136 3671 191 3739 lll.
217 3673 380 3754 Quaenam
401 3671 443 3738 sit
463 3671 579 3760 reputa
597 3667 833 3760 precedentis,
863 3667 1029 3736 Vicorium
1050 3668 1234 3758 penerclem

89 3781 177 3847 inter
198 3791 229 3845 et
250 3778 434 3870 capitulum
454 3801 493 3846 oc
515 3776 710 3868 dipsitates?
730 3814 774 3826 -
792 3775 975 3844 Remissive
998 3775 1039 3842 ad
1063 3781 1234 3842 tractatum

91 3909 201 3954 meum
216 3885 255 3954 de
273 3885 443 3977 Capitulis,
462 3907 538 3976 pag.
558 3887 618 3952 523
639 3894 753 3974 etseq.

136 4047 194 4116 lV.
219 4046 388 4129 Quomodo
403 4046 437 4113 in
453 4044 578 4136 synodo
593 4044 789 4132 dioeeesaua,
807 4043 957 4113 Vicerius
970 4045 1130 4134 generalis
1144 4068 1233 4136 prae-

90 4154 183 4223 cedat
207 4153 419 4242 dignitatibus
446 4161 478 4220 et
504 4153 562 4220 toti
589 4152 742 4243 capitulo,
776 4151 872 4220 modo
900 4159 1007 4218 tamen
1039 4151 1107 4243 ipse
1132 4159 1234 4240 gestet

91 4261 244 4330 habitum
261 4259 457 4346 vicarialem,
475 4267 506 4328 et
528 4259 673 4328 canonici
694 4281 760 4328 non
783 4259 847 4328 sint
862 4258 978 4349 parati,
996 4257 1029 4328 id
1051 4267 1112 4346 est,
1136 4258 1233 4328 vesti-
