3056 4972
541 494 615 540 rass
640 491 745 540 rama.
1146 475 1208 542 229

76 613 159 702 (can.
180 616 213 700 t,
230 635 336 683 causas
359 617 392 702 3,
410 619 523 706 quast.
543 613 588 703 7),
606 613 667 682 boc
684 611 780 682 modo
799 639 807 681 :
823 615 884 682 Est
898 626 1012 683 cotem
1030 616 1210 708 postulare,

77 719 272 790 desiderium
286 744 384 790 suum
405 721 457 790 oct
469 719 570 790 amici
586 720 649 802 sui,
666 719 703 788 in
722 721 803 811 jure
826 719 919 812 opud
937 743 1011 790 com
1031 723 1089 814 qui
1104 723 1213 814 jons-

77 827 215 898 dictioni
224 840 352 920 procot,
370 851 537 921 reponere,
556 827 608 896 vel
620 827 757 896 ulterius
778 825 933 896 deoderio
959 827 1211 922 resisteremus

78 935 294 1004 vetustissima
315 935 463 1004 definitio
483 933 622 1028 Ulpiano
640 933 872 1026 jurisconsulto
890 933 1055 1004 tribuitur.
1074 935 1215 1008 invaluit

78 1050 185 1110 autem
200 1041 335 1111 omniuo
349 1065 428 1112 usus
443 1040 674 1111 advocatorum
697 1039 844 1108 officium
865 1039 1057 1132 perdicium
1073 1043 1213 1112 voeabu-

78 1149 148 1218 lnm
159 1148 329 1240 postulare
342 1147 564 1240 exprimendi;
581 1145 662 1216 adeo
677 1153 726 1234 nt,
741 1155 773 1215 et
788 1147 822 1214 in
837 1147 954 1234 civilis,
970 1155 1002 1216 et
1021 1149 1055 1217 in
1070 1151 1215 1218 canonici

77 1256 162 1346 juris
176 1277 323 1347 corpore,
333 1277 407 1348 ques
420 1253 462 1323 ad
475 1276 594 1323 munus
609 1251 839 1324 advocatorum
854 1253 1030 1346 portinent,
1044 1255 1105 1324 sub
1120 1255 1213 1326 titulo

80 1360 118 1429 de
130 1358 331 1452 postulando
347 1360 486 1452 reposita
499 1360 574 1428 sint.

121 1467 293 1549 Quomodo
309 1489 386 1536 vcro
408 1467 583 1536 advocatus
598 1489 618 1536 a
634 1475 840 1560 procuratore
861 1465 1001 1554 differat,
1014 1468 1081 1560 jam
1102 1469 1136 1538 in
1156 1495 1214 1541 sn-

81 1574 201 1665 periori
215 1574 317 1665 capite
334 1573 562 1644 indicavimus.
581 1575 674 1658 Quod
689 1573 863 1643 discrimen
878 1574 1034 1642 concinne
1049 1573 1215 1648 adnotavit

81 1681 224 1750 Vinnius
238 1681 289 1750 bis
302 1680 430 1750 verbis:
453 1681 670 1751 «Advocatus
683 1703 854 1774 personam
869 1679 1014 1772 suscipit,
1027 1691 1216 1772 procurator

85 1813 100 1852 c
123 1789 290 1878 negotium
313 1816 321 1856 :
345 1787 432 1856 unde
457 1786 612 1858 advocato
638 1810 710 1856 meo
731 1809 804 1854 sum
836 1793 1002 1878 susceptus
1023 1787 1077 1854 rel
1097 1787 1213 1868 cliens;

85 1921 100 1960 ι
122 1895 325 1986 procuratori
351 1893 520 1963 mandator
542 1894 594 1962 vel
620 1892 784 1962 dominns.
806 1889 991 1960 Advocutns
1013 1892 1139 1963 clientis
1164 1896 1215 1964 sni

85 2021 254 2070 «causam
280 2010 362 2089 orat,
381 2001 436 2094 jus
453 2001 483 2068 ei
508 2000 704 2092 suppeditat,
726 1999 866 2090 concipit
886 1998 1024 2086 libellos,
1049 2021 1159 2090 preces
1183 2011 1215 2070 et

85 2135 101 2173 a
122 2107 188 2176 alia
212 2108 246 2176 id
266 2131 387 2199 genus3
408 2119 597 2198 procurator
619 2104 808 2174 administer
823 2113 870 2173 est
891 2113 922 2174 et
942 2113 1095 2176 executor
1112 2107 1215 2177 advo-

85 2216 270 2302 «ononis,
301 2214 457 2284 advocato
483 2213 699 2281 instrumenta
727 2219 758 2280 et
785 2212 1001 2302 cognitionem
1032 2213 1129 2282 totius
1155 2237 1216 2283 ue-

85 2348 100 2386 c
121 2322 203 2412 gotii
224 2321 519 2390 subministrans.»
540 2319 749 2410 (Partitiones
767 2317 869 2411 juris,
885 2317 961 2387 libri
981 2322 1013 2406 3,
1030 2320 1132 2413 capite
1159 2323 1213 2408 18,

81 2429 113 2496 in
129 2435 207 2496 nota
218 2429 260 2520 f.)

121 2534 297 2603 Praemissa
318 2539 426 2602 antem
442 2533 530 2604 notio
546 2531 615 2602 sive
629 2529 777 2600 definitio
799 2530 949 2600 convenit
970 2529 1140 2602 dumtaxat
1154 2531 1214 2600 ad-

80 2641 200 2710 vocatis
221 2642 331 2710 stricte
353 2639 504 2731 sumptis,
526 2647 559 2708 et
581 2636 759 2708 secuudum
783 2636 838 2728 jus
862 2658 1043 2706 commune.
1071 2638 1154 2708 Nam
1177 2661 1216 2708 aa

80 2771 144 2817 vox
156 2749 335 2840 antiquitus
346 2745 552 2838 generaliori,
562 2769 600 2814 ac
613 2744 749 2838 proinde
761 2742 858 2836 paulo
871 2742 998 2812 diverso
1010 2765 1105 2813 seusn
1119 2744 1214 2814 adbi-

81 2856 145 2924 bita
161 2855 241 2946 fnit3
257 2866 288 2924 et
309 2857 344 2924 in
362 2855 461 2926 Curia
483 2853 632 2924 Romana
651 2875 718 2921 non
735 2852 769 2919 id
785 2849 884 2921 officii
903 2849 1033 2942 explent
1053 2852 1213 2939 advocati,

81 2963 167 3055 qnod
179 2971 370 3032 caeterarum
382 2961 553 3052 regionum
565 2959 728 3030 advocatis
739 2956 859 3050 dejure
869 2957 1033 3027 communi
1043 2960 1213 3050 competit3

81 3070 164 3138 utin
177 3069 386 3162 sequentibus
406 3067 618 3161 paragraphis
632 3065 815 3136 adnotatur.

122 3177 241 3246 Varias
268 3176 497 3246 advocatorum
528 3174 648 3266 species
677 3173 722 3242 sic
752 3178 896 3240 recenset
926 3170 1217 3262 Scbmnizgrueber

82 3285 127 3373 (in
148 3283 278 3352 titulum
306 3287 360 3368 37,
375 3282 451 3352 libri
469 3285 482 3350 l
507 3280 735 3368 Decretclium‚
752 3301 786 3346 n.
808 3277 838 3368 t)
861 3305 869 3345 :
891 3303 908 3342 c
927 3281 958 3346 1ο
974 3277 1029 3345 alii
1050 3287 1126 3347 sunt
1146 3305 1217 3372 prc-

86 3417 102 3457 c
125 3391 210 3474 ttici,
219 3390 277 3484 qui
291 3391 326 3458 in
338 3390 443 3459 causis
457 3389 636 3481 publiciset
649 3389 734 3457 Fisci
748 3407 879 3480 operam
893 3407 985 3454 suam
1002 3387 1213 3478 impendunt:

86 3525 101 3564 c
124 3499 180 3566 elii
191 3498 329 3590 privati,
341 3497 398 3590 qui
409 3519 542 3589 operam
554 3517 645 3565 suam
661 3493 862 3587 praestantia
878 3492 984 3561 causis
998 3493 1216 3585 privatorum3

87 3611 160 3674 «2ο
182 3606 237 3674 alii
262 3616 339 3675 sunt
368 3604 549 3687 Ordinoric',
579 3603 636 3695 qni
664 3602 794 3696 publica
820 3600 1016 3670 authoritate
1041 3601 1082 3668 nd
1108 3623 1221 3670 causas

88 3739 103 3780 c
126 3711 322 3806 perorandas
338 3712 500 3794 destinati,
519 3710 611 3803 quasi
631 3732 673 3779 ex
693 3709 802 3780 officio
823 3707 1040 3801 patrocinium
1061 3707 1218 3797 litiganti-

88 3846 104 3884 «
127 3821 187 3888 bns
200 3819 392 3900 conternnt;
408 3826 440 3888 et
455 3818 492 3887 hi
506 3819 584 3910 quia
599 3817 678 3886 dum
695 3815 842 3885 officium
857 3814 945 3884 istnd
961 3813 1153 3906 susmpiunt,
1167 3815 1223 3907 ju·

89 3954 106 3992 e
129 3933 309 3997 ramentum
330 3927 512 4019 deponunt,
529 3933 561 3995 et
582 3925 617 3992 in
638 3923 748 3994 album
771 3923 1001 3994 advocatorum
1022 3919 1223 4010 referuntur,

90 4061 107 4098 a
124 4034 248 4125 jurati,
265 4033 522 4103 immotriculoti
541 4031 695 4101 dicuntur
711 4057 720 4097 ι
735 4029 792 4098 alii
806 4050 885 4098 vero
902 4035 980 4095 sunt
993 4027 1227 4097 extraordina-

91 4167 107 4206 α
129 4143 181 4226 rii,
197 4141 255 4236 qui
279 4163 338 4210 nec
360 4141 489 4234 publica
511 4139 699 4211 anctoritate
727 4136 905 4223 constituti,
921 4157 981 4204 nec
998 4134 1033 4204 in
1051 4157 1228 4206 nnmerum

94 4248 360 4321 «advocatorum
383 4248 512 4339 adlecti,
529 4256 622 4318 extra
650 4246 799 4317 ordinem
821 4242 927 4337 qnasi,
943 4241 1091 4335 partibus
1116 4251 1229 4337 patro-
