3032 4976
565 525 638 572 rcus
660 527 766 574 eumn.
1175 507 1239 573 295

96 643 163 713 nisi
187 643 306 714 ibidem
322 646 467 716 vindicte
488 646 617 739 publice
642 647 830 717 scandalum
853 655 1086 741 compensaret,
1103 656 1135 717 et
1157 649 1238 718 leci-

97 753 226 821 norosis
240 760 396 824 terrorem
412 755 580 824 incuteret.
598 755 682 824 Hinc
695 764 727 824 et
738 755 812 847 jure
827 756 994 841 canonico,
1005 764 1037 824 et
1044 756 1118 847 jure
1132 779 1237 826 seecu-

95 857 173 944 lnri,
189 859 257 928 sive
271 860 433 950 Romano,
446 862 514 930 sire
527 861 665 932 aliarum
681 862 840 952 gentium,
853 863 1014 955 sapienter
1027 864 1237 933 constitutum

96 969 159 1050 est,
181 973 300 1056 praeter
326 964 479 1038 domicilii
502 975 534 1035 ct
554 973 737 1036 contractus
763 968 876 1059 reique
900 967 982 1055 site,
998 969 1122 1039 ratione
1141 969 1237 1038 otium

96 1067 206 1138 delicti
222 1070 342 1142 forum.
360 1072 454 1156 Quod
472 1073 637 1165 quomodo
655 1074 744 1166 quis,
760 1095 803 1142 cx
820 1073 932 1164 legum
951 1075 1237 1146 ecclesiasticarum

96 1177 353 1271 prescriptione,
367 1181 533 1268 sortietur,
550 1180 661 1272 patefit
677 1181 886 1273 sequentibus
901 1183 1036 1274 regulis.

142 1285 332 1356 Renum1⁸.
350 1289 546 1358 -llationc
565 1287 675 1357 delicti
693 1288 828 1380 quisquc
847 1289 1044 1382 repuleriter
1063 1289 1238 1380 subjicitur

88 1393 320 1482 jurisdictioni
333 1395 421 1466 illius
435 1393 608 1464 ordinarii
617 1395 651 1464 in
662 1395 760 1486 cujus
772 1396 937 1466 territorio
947 1394 1096 1488 deliquit,
1110 1397 1239 1465 etiamsi

96 1501 228 1569 aliasci
248 1525 314 1570 non
336 1503 378 1570 sit
400 1503 576 1593 sitdjectus.
595 1501 786 1570 -Constut
807 1525 849 1571 ex
870 1502 994 1593 pluries
1014 1502 1109 1571 citato
1134 1503 1237 1596 capite

97 1606 189 1676 Licet
207 1609 274 1698 (20,
293 1608 377 1678 tituli
403 1613 435 1696 2,
453 1608 528 1677 libri
545 1613 563 1676 2
588 1609 830 1699 Decretulium),
849 1609 905 1678 ubi
927 1633 1079 1702 expresse
1101 1610 1238 1679 hebetur

96 1713 226 1782 ratione
240 1714 358 1797 dilecti,
376 1738 433 1784 seu
447 1727 644 1798 contractus,
664 1729 722 1784 aut
738 1715 906 1798 domicilii,
923 1717 988 1785 sive
1006 1718 1055 1786 rei
1074 1739 1237 1809 quemque

96 1821 295 1910 reputaritcr
310 1820 418 1890 lorum
441 1823 561 1892 sortiri.
584 1823 664 1890 Item
686 1822 789 1915 cupite
811 1826 841 1908 1,
859 1822 945 1891 tituli
963 1817 1108 1911 17,'libri
1131 1829 1149 1890 5
1171 1823 1237 1892 Dc-

95 1927 266 1996 cretullum
283 1929 328 1998 sic
344 1929 531 1998 decernitur
549 1957 556 1996 ε
577 1933 625 1998 Dc
639 1929 705 1998 illis
719 1943 833 1998 cutem
849 1931 907 2023 qui
922 1930 1044 2000 deloco
1061 1929 1108 2000 ad
1128 1931 1237 2000 locum

95 2035 161 2104 iter
170 2035 308 2126 faciunt,
327 2049 358 2105 et
372 2037 419 2104 idi
432 2037 569 2128 rapinas
584 2049 615 2104 et
631 2034 884 2128 depredationes
898 2052 1078 2130 perapunt,
1093 2039 1234 2131 placuit,

96 2154 135 2211 ut
157 2142 199 2211 ad
221 2143 309 2214 illius
331 2145 422 2213 Ploci
443 2144 558 2213 relato
581 2144 922 2228 eccommrtnicentur;
937 2169 993 2214 uec
1016 2158 1093 2216 ante
1120 2169 1159 2214 cc
1179 2147 1237 2216 illa

92 2251 257 2342 parochia
280 2263 408 2333 cecant,
430 2273 534 2344 quam
556 2251 651 2342 dipne
678 2274 753 2343 que
769 2263 1009 2344 perpetrarunt
1036 2253 1204 2322 emendent
1226 2279 1236 2318 :

96 2381 239 2450 quonam
254 2360 548 2428 eecommunicatio
565 2359 704 2451 proprio
718 2360 879 2452 Episcopo
893 2360 1110 2451 siqnificanda
1124 2371 1182 2438 est,
1197 2383 1238 2428 ne

96 2487 152 2532 eos
171 2465 307 2557 recr'piat
328 2479 507 2558 antequam
528 2466 606 2534 illuc
630 2465 765 2534 redeant
788 2466 843 2535 udi
866 2467 1023 2558 rapinam
1041 2467 1188 2558 fecerint,
1206 2477 1237 2535 ct

96 2571 209 2640 cnunc
218 2573 315 2663 plene
327 2572 508 2642 emendent.
525 2574 606 2641 Item
622 2572 728 2664 capite
744 2575 798 2659 ll,
812 2571 897 2640 tituli
913 2576 945 2661 2,
957 2572 1032 2640 libri
1049 2575 1068 2639 2
1085 2573 1237 2642 Decretu-

94 2680 179 2748 lium
198 2707 205 2748 z
223 2681 403 2749 Postulasti
420 2703 482 2772 per
501 2679 620 2750 Sedem
640 2680 860 2772 Apostolicam
883 2679 1019 2762 edoceri,
1041 2692 1157 2749 utrum
1178 2703 1236 2748 sa-

95 2787 207 2856 cerdos
222 2787 342 2856 liabens
365 2788 543 2858 Ecclesiam
560 2789 593 2855 in
612 2810 680 2856 una
695 2787 832 2869 diecesi,
850 2799 881 2856 et
900 2787 1040 2857 residens
1059 2786 1234 2869 incudem

96 2894 303 2964 domicilium
316 2919 390 2965 cero
410 2896 609 2988 patrimonii
622 2895 751 2963 ratione
765 2895 800 2962 in
813 2894 893 2978 alia,
912 2895 959 2964 idi
976 2895 1178 2988 delinquens,
1195 2896 1237 2964 ab

96 3026 134 3070 ea
151 3003 184 3070 in
198 3003 294 3095 cujus
308 3003 435 3073 dioecesi
448 3003 546 3072 labet
552 3003 798 3096 patrimonium
807 3025 871 3095 pro
887 3002 1002 3072 delicto
1015 3003 1135 3072 ididem
1148 3027 1237 3073 com·

99 3109 197 3178 misso
214 3109 328 3180 debeat
337 3113 359 3202 j
361 3110 507 3192 radicari·
519 3109 704 3202 presertim
720 3111 753 3177 in
768 3110 875 3178 camis
889 3132 962 3202 que
982 3111 1080 3202 officii
1098 3110 1162 3193 sui,
1180 3133 1236 3180 seu

100 3217 246 3308 beneficii
251 3218 475 3310 privationem
490 3229 677 3310 reposcunt.
695 3215 747 3284 Ad
759 3215 848 3308 quod
859 3216 996 3284 breviter
1009 3217 1237 3308 respondemus

97 3324 190 3416 quod
204 3348 266 3416 per
282 3326 483 3418 Episcopum
498 3326 533 3392 in
556 3324 654 3416 cujus
678 3322 806 3393 dioeccsi
820 3323 958 3415 deliquit
978 3326 1138 3393 sentenia
1157 3349 1239 3417 pro-

97 3433 246 3523 mulpari
252 3433 377 3524 poterit
388 3433 423 3500 in
437 3432 597 3501 eumdem.
616 3430 685 3500 Sed
698 3430 740 3499 ab
754 3453 791 3500 co
812 3432 847 3499 in
861 3433 957 3522 cnjus
977 3432 1105 3501 dioecesi
1118 3433 1239 3523 benefi-

97 3538 186 3607 cium
200 3539 333 3621 obtinet,
352 3540 413 3608 erit
428 3537 539 3631 quoad
550 3538 637 3607 illud
650 3538 794 3606 executio
809 3537 974 3630 facienda.
991 3539 1172 3608 Concordet
1184 3538 1239 3631 jus

98 3645 285 3716 Romanurn
303 3645 497 3738 (authentica
520 3669 586 3738 qua
606 3647 642 3714 in
656 3645 843 3737 provincia,
862 3668 890 3713 c.
913 3644 975 3715 Udi
993 3645 1032 3715 de
1051 3647 1240 3716 criminibus

99 3753 158 3845 api
178 3755 352 3846 oporteat).
368 3754 419 3823 Ex
441 3753 492 3822 his
513 3764 544 3821 et
567 3753 639 3821 eliis
662 3751 805 3821 textibus
821 3761 944 3820 certum
961 3761 1022 3839 est,
1037 3762 1107 3822 ete
1131 3754 1239 3823 docto·

98 3861 192 3929 ribus
208 3883 267 3952 pro
282 3861 426 3950 generali
447 3861 562 3951 regule
586 3858 779 3945 admissum,
798 3882 816 3926 a
830 3859 940 3950 judice
960 3859 1023 3928 loci
1037 3860 1071 3927 in
1087 3883 1153 3953 quo
1168 3862 1241 3954 quis

100 3965 251 4058 deliquit,
270 3989 363 4057 posse
378 3989 454 4034 eum
468 3965 621 4058 judicari.

145 4073 227 4156 Quae
243 4075 357 4164 regula
371 4073 549 4166 quemlibet
570 4074 766 4164 generaliter
780 4072 1025 4165 delinquentem
1039 4075 1170 4165 attingit
1178 4102 1187 4163 ;
1205 4099 1242 4144 oc

100 4181 239 4273 proinde
249 4182 336 4273 ipsos
348 4182 444 4250 etiem
459 4180 608 4269 clericos;
620 4180 717 4274 quisi
732 4183 768 4248 in
779 4181 884 4249 alieno
896 4179 1025 4249 dioecesi
1038 4180 1241 4275 delinquent,

100 4311 122 4356 a
131 4287 241 4380 judice
256 4287 469 4358 ecclesiastico
484 4288 547 4358 loci
565 4287 653 4358 illius
673 4287 814 4379 judicari
829 4294 976 4384 possunt.
