3032 4976
571 474 646 520 rias
669 473 774 520 ennii.
1177 453 1236 518 281

99 619 120 660 e
143 594 279 664 clericos
294 591 357 662 sibi
371 593 541 663 obstrictos
555 601 652 663 tanet.
670 595 759 686 Ergo
775 594 858 663 sicut
873 594 907 662 in
923 593 1029 662 cauus
1048 592 1240 664 clericorum

100 729 119 768 a
144 700 329 795 quibusvis,
339 701 547 771 itaincausis
557 701 717 771 laicorum
729 701 953 794 spiritualibus
964 700 1065 772 Curia
1075 701 1238 788 Romana,

100 836 121 875 α
144 818 301 900 tanquam
317 807 530 878 Ordinarium
552 809 685 880 Summi
708 810 876 879 Pontificio
900 807 1055 896 tribunal,
1073 809 1109 876 in
1133 809 1243 902 prima

102 943 121 981 u
144 917 299 985 instantia
306 915 452 1006 judicare
467 923 580 1008 potest.
596 917 673 985 Dixi
687 925 811 1004 autem,
828 917 857 985 si
871 915 991 986 ibidem
1004 917 1214 1009 reperiuntur
1228 942 1240 982 .·

100 1050 119 1089 ι
144 1021 232 1116 quod
247 1023 441 1114 benignitati
454 1022 548 1094 Sedis
559 1024 754 1116 Apostolicae
770 1023 984 1094 tribuendum
998 1031 1062 1112 est;
1077 1023 1243 1115 quaelicet

100 1159 122 1196 α
144 1131 243 1200 etiam
268 1130 308 1198 de
332 1130 518 1200 absentium
545 1131 651 1200 causis
673 1133 710 1200 in
738 1132 846 1223 prime
870 1130 1026 1200 instantia
1050 1151 1242 1221 cognoscere

101 1265 121 1304 u
144 1239 257 1330 possit,
273 1261 339 1308 non
357 1247 468 1307 tamcm
484 1239 555 1308 vult
569 1248 599 1308 et
619 1240 711 1328 solet,
725 1239 788 1310 nisi
808 1239 930 1308 ibidem
953 1239 1181 1331 reperientur5
1199 1261 1241 1308 ne

100 1372 121 1408 ι
143 1343 255 1413 fideles
270 1345 410 1415 nimium
426 1352 604 1436 graventur
618 1349 646 1416 si
661 1348 695 1416 in
717 1348 827 1417 locum
849 1346 930 1417 adeo
945 1346 1099 1415 dissitum
1123 1344 1240 1438 judicii

99 1479 120 1517 α
144 1453 307 1522 subeundi
334 1475 431 1522 cause
458 1453 662 1524 conferrere
690 1462 887 1524 tenerentur.
918 1453 1066 1541 Accedit,
1092 1453 1169 1545 quia
1195 1452 1241 1521 sic

100 1587 119 1624 c
146 1559 252 1650 magis
278 1567 489 1630 conservatur
509 1561 706 1631 consistoriis
732 1560 941 1631 inferioribus
967 1583 1026 1628 sua
1049 1558 1240 1647 authoritas,

99 1693 121 1732 α
145 1676 177 1736 et
200 1677 333 1737 cavetur
356 1691 396 1737 ne
424 1669 588 1759 pontilicis
614 1668 785 1739 dieastcriu
807 1668 917 1738 litium
945 1666 1154 1738 multitudine
1179 1667 1242 1736 ob-

100 1801 121 1838 «
145 1783 328 1844 tuantur.»
361 1774 675 1867 (Schmalzgrueber,
705 1778 741 1844 in
763 1777 812 1846 tit.
839 1781 871 1863 2,
897 1775 955 1844 lih.
979 1780 998 1843 2
1022 1774 1240 1844 Decretalium

98 1906 137 1952 n.
156 1885 225 1973 28.)

149 1991 282 2076 Quinto,
309 1991 456 2083 exposita
479 1991 564 2084 juris
590 1991 771 2083 dispositio,
798 1992 833 2058 in
856 1991 953 2059 citata
977 1989 1129 2059 decretali
1153 1992 1243 2060 Licet

96 2107 261 2184 contenta,
284 2099 469 2168 nullatenus
492 2098 617 2168 sublata
641 2099 801 2167 censenda
824 2105 872 2166 est
893 2119 951 2190 per
975 2097 1142 2166 decretum
1163 2098 1243 2166 Tri·-

97 2205 227 2274 dentini
240 2205 366 2274 concilii
384 2206 473 2295 (sess.
491 2211 545 2291 tl,
563 2229 592 2274 c.
617 2209 673 2291 20,
686 2205 727 2274 de
745 2205 843 2296 Refi),
857 2206 891 2272 in
908 2227 973 2297 quo
996 2205 1041 2273 sic
1061 2205 1212 2273 statuitur
1230 2233 1238 2273 :

102 2315 222 2382 Causas
236 2335 347 2381 omnes
367 2313 415 2382 ad
423 2315 538 2403 sorum
554 2313 804 2382 ecclesiasticum
820 2310 1063 2404 quomodolibet
1074 2311 1242 2402 pertinen-

98 2433 160 2502 tes,
178 2419 307 2524 etiamn
329 2421 523 2511 beneficiales
544 2421 621 2502 sint,
638 2421 674 2488 in
693 2421 805 2512 prima
826 2418 982 2488 instantia
1007 2440 1119 2486 coram
1143 2418 1243 2488 Ordi-

97 2527 206 2596 narri's
221 2529 367 2596 locorum
387 2527 568 2598 dumtaxat
582 2539 840 2618 repraesentem
855 2538 955 2617 utque
969 2524 1103 2593 omnim
1126 2525 1243 2593 saltem

97 2636 193 2726 infra
209 2635 375 2703 bmnium
391 2657 412 2702 a
428 2633 479 2704 die
492 2646 590 2704 motae
613 2635 680 2703 litis
704 2633 932 2702 terminentur.
953 2658 970 2697 c
985 2631 1054 2701 Sub
1070 2630 1135 2698 illis
1152 2631 1242 2699 enim

102 2768 123 2806 a
147 2742 256 2810 verbis
281 2763 393 2811 coram
419 2741 603 2811 errimus
625 2742 772 2809 locorum
796 2739 975 2808 dumtaxat
997 2751 1241 2828 capnoseaotur,

103 2876 123 2913 u
148 2872 214 2916 non
228 2849 334 2918 solum
352 2851 400 2938 (ut
415 2847 536 2941 optime
552 2848 724 2940 respondet
736 2847 925 2935 Faguanus,
943 2847 978 2914 in
998 2844 1133 2913 citatum
1147 2853 1244 2936 caput

104 2984 123 3022 c
148 2958 248 3039 Licet,
265 2980 298 3025 n.
324 2957 377 3048 rt)
396 2955 684 3047 comprehenditur
699 2954 893 3024 Ordinarius
916 2952 977 3022 loci
1001 2951 1171 3039 domicilii,
1187 2953 1243 3021 sed

104 3091 124 3128 α
147 3064 245 3131 etiam
260 3063 452 3132 Ordinarins
469 3063 624 3154 cujusque
639 3063 714 3149 loci,
730 3061 788 3130 ubi
802 3061 877 3152 quis
892 3082 934 3128 ex
954 3060 1038 3151 juris
1055 3060 1244 3154 praescripto

104 3197 124 3234 c
148 3171 259 3238 forum
273 3170 419 3258 sortitur,
436 3171 505 3239 sive
518 3169 553 3238 id
568 3170 735 3259 contingat
756 3168 881 3237 ratione
908 3165 1059 3256 originis,
1075 3166 1128 3234 vel
1146 3165 1244 3234 hene-

106 3304 123 3339 e
150 3277 229 3363 ficii,
242 3277 310 3346 sive
323 3277 448 3347 ratione
463 3277 583 3366 delicti,
600 3284 797 3361 contractus,
809 3274 861 3342 vel
876 3273 923 3342 rei
935 3273 1099 3363 litigiosae.
1116 3273 1157 3341 Et
1167 3295 1245 3342 con·

105 3411 123 3447 c
149 3392 320 3474 sequenter
342 3383 629 3478 comprehenditur
651 3383 750 3452 etiam
776 3380 971 3452 Ordinarins
995 3379 1057 3449 loci
1086 3379 1244 3449 Romana

105 3519 124 3556 c
148 3490 270 3577 Curioe,
287 3515 364 3560 cum
389 3493 422 3558 in
450 3514 487 3559 ea
513 3491 648 3584 quilibet
674 3512 739 3559 non
768 3489 875 3558 solum
903 3487 1052 3576 clericus,
1068 3486 1124 3556 scd
1146 3486 1244 3555 etiam

106 3625 124 3664 a
148 3597 251 3666 laicus
266 3598 300 3666 ia
316 3599 420 3668 causis
435 3597 653 3666 ecclesiasticis
666 3608 697 3666 et
709 3596 934 3690 spiritualibus
949 3595 1060 3664 lorum
1077 3594 1242 3681 sortietur,

104 3733 123 3770 c
150 3714 182 3773 et
197 3705 284 3796 Papa
298 3705 339 3773 sit
349 3703 545 3776 Ordinarins
560 3703 809 3793 singulorum.»
829 3701 998 3792 (Ferraris,
1012 3701 1112 3770 verbo
1128 3702 1241 3784 Ferus,

101 3835 139 3880 n.
159 3809 228 3900 32.)

150 3920 263 4001 Scuto,
282 3939 324 3985 an
338 3917 438 3987 simul
455 3939 571 3987 varum
586 3917 628 3985 sit
641 3939 718 3986 eum
733 3917 790 4008 qui
805 3915 921 3985 Romu
939 3936 1083 4006 praesens
1110 3922 1157 3984 est
1179 3937 1246 3983 non

100 4047 212 4118 posse,
228 4025 256 4092 si
271 4025 361 4113 velit,
375 4025 436 4093 nisi
451 4025 485 4093 in
500 4027 600 4095 Curia
611 4025 763 4094 Romana
777 4022 967 4092 conveniri?
976 4059 1021 4074 -
1035 4021 1246 4091 Ostendimus

100 4155 184 4201 enm
205 4153 297 4223 posse
311 4131 445 4224 quidem
463 4133 510 4202 ihi
525 4133 693 4202 conveniri
710 4159 718 4200 ι
737 4153 823 4199 nunc
843 4151 921 4198 vero
942 4128 1175 4221 expendendus
1188 4152 1247 4199 ve-

100 4239 156 4310 nit
171 4261 264 4308 casus
279 4239 430 4310 inversus
448 4268 455 4310 ;
474 4262 516 4309 an
541 4239 660 4309 scilicet
679 4239 821 4312 existens
846 4237 976 4328 Rome,
990 4236 1019 4305 si
1038 4236 1249 4310 conveniatur
