3046 4968
263 449 302 516 st
635 471 809 520 rnicrarus
833 473 871 520 na
892 473 1026 522 runicus.

261 592 411 660 saeculari
427 591 467 660 de
493 593 680 685 hujusmodi
702 596 807 664 carreis
831 618 1034 686 cognoscere,
1051 597 1085 663 in
1106 617 1182 666 casu
1202 596 1409 688 negligenter

260 708 317 767 aut
332 700 480 791 nequiter
495 700 732 771 administrata
753 725 772 770 a
791 703 901 793 judice
924 704 1139 772 ecclesiastico
1157 703 1305 795 justitiae,
1324 706 1407 773 nul-

259 805 387 876 latenus
418 818 562 901 peccaret
590 810 660 901 qui,
689 809 775 902 apud
800 810 942 879 tribunal
969 811 1218 880 ecclesiasticum
1243 813 1406 903 justitiam

238 903 326 982 ¹non
357 914 520 1000 obtinens,
546 915 587 984 ad
614 915 769 985 saeculare
795 926 985 988 recurreret.
1014 918 1098 986 Cum
1124 941 1202 1010 ergo
1226 942 1285 1010 per
1310 943 1405 988 suam

260 1022 477 1091 universalem
498 1022 705 1115 disciplinam
727 1025 926 1093 contrarium
953 1027 1101 1095 statuerit
1123 1035 1155 1093 et
1175 1028 1319 1094 sanxerit
1339 1027 1404 1094 Ec·

258 1130 367 1216 ciceia,
384 1139 509 1198 certum
532 1138 579 1197 est
606 1129 760 1222 praedicta
784 1131 936 1200 facultate
959 1155 1067 1200 carere
1091 1139 1280 1224 potestatem
1296 1155 1405 1202 saecu-

255 1237 369 1305 larem.

300 1343 461 1412 Probatur
485 1348 529 1411 3⁰.
552 1344 601 1412 Ex
628 1344 693 1412 fine
720 1345 852 1437 utrique
877 1345 1026 1437 potestati
1049 1346 1192 1437 proprio.
1219 1347 1301 1414 Nam
1328 1347 1402 1416 ideo

255 1451 342 1518 Deus
367 1451 469 1519 voluit
497 1451 645 1519 homines
671 1474 769 1543 super
794 1462 913 1520 terram
940 1451 1173 1544 aliquantisper
1198 1453 1327 1543 degere,
1349 1464 1400 1539 ut,

255 1567 374 1626 rectam
390 1557 487 1625 iidem
508 1558 641 1626 docente
662 1568 692 1626 et
716 1567 916 1626 sacramenta
944 1559 1150 1652 dispensante
1172 1561 1325 1647 Ecclesia,
1342 1585 1400 1629 su·

253 1664 493 1756 pernaturalem
521 1663 656 1733 visionis
684 1665 845 1733 intuitivae
876 1665 1110 1734 beatitudinem
1149 1675 1336 1736 mereantur
1368 1679 1401 1736 ct

252 1778 503 1860 consequantur.
531 1770 581 1837 Ad
606 1769 693 1862 quod
719 1778 873 1861 tanquam
901 1771 1045 1840 medium
1072 1775 1334 1864 praereqniritur,
1361 1783 1398 1841 ut

254 1877 449 1944 necessarias
463 1876 503 1944 ad
518 1877 696 1945 vivendum
713 1877 906 1968 temporales
921 1899 985 1964 res,
1001 1887 1033 1944 ct
1047 1881 1263 1947 sufficientem
1279 1902 1401 1970 quam-

254 1983 329 2050 dam
344 1983 609 2074 tranquillitatem
626 1992 657 2051 et
678 1984 882 2051 securitatem
903 1987 1113 2076 temporalem
1131 1987 1281 2056 habeant.
1299 1987 1399 2057 Com-

254 2091 350 2160 moda
363 2099 471 2158 antem
496 2090 569 2160 haec
594 2091 784 2182 temporalia
799 2090 863 2157 illis
883 2092 1040 2178 tribuere,
1058 2103 1105 2160 est
1128 2095 1280 2184 proprius
1294 2096 1399 2163 socie-

254 2199 328 2266 tatis
350 2198 456 2266 civilis
477 2198 562 2266 finis.
582 2199 632 2264 Ex
649 2199 773 2264 intento
789 2219 867 2288 ergo
882 2198 940 2265 Dei
956 2198 990 2265 in
1010 2200 1235 2268 constituenda
1257 2211 1398 2294 utraque

253 2305 412 2389 societate,
443 2305 518 2371 finis
546 2303 643 2372 unius
672 2302 716 2393 (id
744 2314 792 2372 est
820 2305 997 2394 saecularis)
1028 2304 1088 2372 fini
1117 2306 1249 2374 alterins
1277 2309 1319 2396 (id
1350 2319 1399 2378 est
1502 2319 1503 2334 ¹

252 2413 487 2502 ecclesiastice)
505 2411 746 2479 subordinatur.
774 2411 824 2479 Ex
846 2412 1113 2481 subordinatione
1133 2422 1241 2482 autem
1264 2415 1395 2502 linium,

252 2520 399 2611 sequitur
415 2521 486 2611 ipsa
505 2520 690 2587 societatum
713 2517 948 2586 subordinatis
971 2519 1041 2586 Jam
1059 2541 1138 2587 vero
1153 2521 1332 2588 absurdum
1348 2532 1398 2590 est

252 2639 441 2720 potestatem
459 2651 532 2718 quae
552 2628 644 2694 alteri
670 2627 902 2695 subordinatur
917 2650 1009 2718 posse
1032 2628 1121 2696 illius
1143 2628 1269 2718 judicia
1290 2629 1397 2700 relor-
1502 2705 1503 2720 χ

252 2759 354 2824 mare,
372 2736 461 2804 illam
477 2735 651 2823 corrigere,
668 2734 879 2824 propriasque
896 2734 996 2824 ipsius
1014 2757 1127 2802 causas
1146 2735 1186 2802 ad
1203 2759 1236 2805 sa
1251 2737 1392 2806 trahere.

139 2891 142 2898 ,
252 2841 287 2910 Si
298 2844 385 2910 eninr
398 2843 431 2911 id
444 2842 564 2909 valeret
576 2839 741 2907 saecularis
756 2852 908 2930 potestas,
917 2841 984 2931 jam
998 2863 1062 2908 non
1076 2841 1145 2931 ipsa
1157 2841 1392 2932 ecclesiasticae,

251 2951 307 3019 sed
322 2951 385 3041 ipsi
401 2947 614 3017 ecclesiastica
630 2946 909 3014 subordinaretur.
1502 2947 1503 2952 ’

296 3059 429 3125 Attento
454 3078 532 3144 ergo
556 3054 685 3144 utrique
713 3054 859 3143 potestati
885 3055 1018 3144 proprio
1044 3055 1121 3143 fine,
1145 3065 1228 3124 recte
1259 3058 1393 3148 quidem
1502 3079 1503 3120 t

250 3165 454 3236 concluditur
470 3185 561 3253 posse
583 3161 769 3247 Ecclesiam,
787 3161 911 3228 ratione
933 3162 1009 3229 boni
1028 3163 1207 3252 spiritualis
1230 3165 1391 3252 fidelium,
1502 3201 1503 3248 q

250 3270 479 3361 negligentiam
496 3268 660 3336 saecularis
683 3263 849 3358 potestatis
872 3267 906 3334 in
932 3268 1037 3335 causis
1053 3270 1285 3358 temporalibus
1303 3271 1393 3361 juste

247 3376 433 3472 judicandis
459 3375 608 3464 supplere
616 3398 625 3459 ;
653 3385 764 3441 atvero
790 3395 958 3464 perperam
982 3375 1228 3466 concluderetur
1253 3378 1392 3445 sacula-

248 3509 317 3553 rem
333 3484 475 3550 vicissim
488 3480 666 3570 principem
680 3479 766 3546 idem
783 3480 889 3569 quoad
902 3479 1133 3548 ecclesiasticas
1148 3505 1261 3549 causas
1276 3505 1390 3573 posse:
1502 3521 1503 3524 ¹

251 3591 311 3658 hoc
332 3590 401 3679 ipso
422 3587 541 3677 quippe
562 3586 728 3652 tolleretur
747 3585 864 3652 finium
892 3587 1061 3677 utriusque
1086 3590 1251 3676 potestatis
1273 3589 1392 3658 subor-

250 3697 383 3765 dinatio.
401 3694 447 3762 Ea
463 3702 570 3761 autem
588 3693 627 3759 de
649 3715 715 3783 qua
732 3693 898 3782 loquimur
912 3693 1149 3783 subordinatio,
1167 3695 1299 3764 minime
1323 3697 1392 3764 im-

248 3803 336 3896 pedit
357 3803 439 3894 quin
457 3813 592 3890 utraque
616 3799 748 3866 societas
767 3821 786 3866 a
804 3799 872 3866 Deo
897 3799 1080 3868 immediate
1107 3802 1255 3870 instituta
1276 3802 1390 3890 luerit,
1502 3867 1503 3894 ,

250 3919 281 3980 et
295 3933 354 3976 sua
369 3910 496 3999 utrique
513 3909 577 3973 sint
585 3905 725 3996 propria
736 3905 823 3995 jura,
837 3929 857 3972 a
869 3907 935 3973 Deo
950 3919 982 3973 et
995 3929 1061 3976 nnn
1076 3909 1117 3976 ab
1131 3910 1231 3975 altera
1246 3920 1388 4000 accepta.

248 4016 342 4086 Unde
358 4011 522 4082 saecularis
538 4021 690 4103 potestas,
706 4009 778 4078 licet
802 4009 953 4079 Ecclesiae
978 4014 1188 4082 subordinate
1207 4016 1297 4082 iniis
1313 4039 1389 4106 quae

247 4125 384 4215 requirit
409 4122 530 4188 bonum
555 4119 721 4210 spirituale
746 4119 928 4204 bominum,
946 4142 1149 4211 nequaquam
1171 4133 1217 4189 est
1242 4124 1391 4192 minister

247 4240 374 4302 tanturn
395 4237 451 4298 aut
474 4249 549 4318 pars
572 4227 722 4312 alterius,
744 4225 798 4292 sed
827 4236 875 4292 est
896 4227 937 4292 ab
959 4249 997 4292 ea
1020 4229 1153 4296 omnino
1174 4230 1337 4318 distincta,
1354 4242 1389 4300 et
