3046 4962
261 393 302 463 li
637 421 808 468 macerans
830 421 869 466 na
889 421 1024 466 morere.

263 564 320 610 nes
331 542 540 612 conciliorum
554 543 715 630 revolvas,
726 542 834 610 statim
850 541 975 612 videbis
990 541 1151 634 pullulare
1162 564 1183 610 a
1194 541 1254 612 Vll
1267 541 1401 630 saeculo,
1513 538 1514 620 l

260 671 335 740 quae
351 649 435 716 idem
456 649 604 741 probent,
623 658 847 718 monumenta.

305 756 392 826 Hinc
406 766 491 826 recte
505 758 640 827 omnino
655 757 863 826 doctissimus
875 757 1024 845 Bianchi,
1040 758 1135 851 cujus
1150 759 1308 827 sententia
1321 781 1403 828 nos·
1513 749 1514 752 ¹

264 870 349 931 trum
362 885 404 931 ex
420 862 592 932 traditione
605 863 813 956 desumptum
828 872 1059 955 argumentum
1074 863 1278 934 claudimus:
1296 865 1404 934 «Cer-
1513 915 1514 944 ,

266 996 283 1034 «
306 971 468 1039 tissimum
481 979 530 1039 est
540 992 639 1063 penes
651 971 824 1040 Ecclesiam
838 992 966 1063 semper
979 972 1078 1040 luisse
1090 971 1200 1041 iorum
1214 979 1399 1059 externum,

266 1103 284 1142 a
305 1080 410 1148 aforo
425 1078 628 1148 conscientie
641 1089 674 1148 et
687 1079 899 1170 poenitentiali
915 1079 1082 1149 diversum
1091 1107 1101 1168 3
1117 1102 1155 1148 ea
1169 1102 1286 1172 nempe
1301 1078 1401 1148 certi-

267 1187 432 1274 ntudine,
454 1210 519 1280 qua
541 1196 666 1256 constat
687 1188 729 1255 ab
752 1186 894 1256 Ecclesia
920 1188 1011 1258 omni
1038 1209 1110 1258 avo
1135 1197 1279 1280 receptas
1303 1187 1402 1256 fuisse

266 1321 283 1359 ιι
306 1302 420 1363 contra
436 1294 522 1364 Reos
537 1293 797 1364 denuntiationes
820 1317 878 1363 seu
899 1294 1130 1382 accusationes,
1148 1295 1292 1364 discussa
1313 1294 1403 1364 testi-
1513 1315 1514 1370 l

266 1426 283 1466 a
307 1401 429 1490 monia,
445 1401 574 1470 auditas
589 1401 758 1492 utriusque
773 1401 875 1494 partis
890 1402 1043 1490 rationes,
1056 1403 1214 1472 sententia
1231 1402 1403 1472 damnatos

267 1535 285 1574 n
307 1510 392 1578 Reos
406 1508 464 1601 qui
479 1509 619 1578 convicti
636 1508 688 1577 vel
707 1517 911 1578 contumaces
931 1509 1065 1578 luerunt
1083 1537 1090 1578 :
1108 1518 1177 1597 aut,
1195 1510 1229 1578 in
1244 1533 1320 1580 casu
1343 1533 1401 1578 no·
1513 1509 1514 1554 l

266 1641 283 1682 α
306 1615 464 1684 torietatis
477 1616 627 1708 publice,
643 1616 775 1709 punitos
789 1616 919 1685 eosdem
935 1625 1008 1708 post
1027 1639 1133 1686 causae
1154 1615 1398 1686 discussionem.
1513 1655 1514 1706 ι

265 1748 283 1787 c
306 1721 411 1804 Quam
433 1723 580 1816 priorum
601 1723 796 1792 seculorum
820 1722 1024 1815 disciplinam
1042 1724 1070 1790 si
1084 1723 1161 1816 quis
1176 1745 1296 1814 negare
1310 1723 1399 1810 velit,

265 1857 282 1896 s
306 1852 434 1900 necesse
448 1837 497 1899 est
511 1839 548 1899 ut
571 1830 811 1921 omnibusque
829 1839 1055 1900 remanserunt
1074 1830 1194 1900 horum
1217 1841 1401 1921 temporum
1513 1827 1514 1890 l

265 1965 282 2002 ι
306 1937 524 2007 monumentis
548 1937 710 2007 historicis
739 1937 906 2007 valedicat.
936 1965 954 2004 ιι
986 1937 1146 2028 (Bianchi,
1171 1937 1292 2006 Politia
1316 1935 1402 2006 della
1513 1936 1514 1982 l

264 2045 393 2127 Odiosa,
410 2046 433 2113 l.
454 2050 486 2132 1,
502 2069 530 2113 c.
551 2051 582 2132 5,
599 2046 666 2136 ξῖ,
680 2067 714 2113 n.
735 2046 802 2136 12.)
949 2043 952 2048 ’
1513 2123 1514 2138 2

309 2181 327 2219 ι
349 2155 449 2224 Caute
464 2176 543 2244 ergo
558 2152 715 2241 legendus
728 2153 869 2223 loannes
884 2153 1044 2240 Morinus,
1059 2175 1148 2240 cum,
1166 2154 1200 2222 in
1221 2177 1282 2223 suo
1296 2153 1401 2222 notis-

266 2287 284 2326 «
307 2260 389 2331 simo
408 2261 449 2329 de
466 2260 745 2331 administratione
765 2263 957 2330 mmamenti
976 2262 1182 2333 renitentia
1202 2285 1311 2355 opere,
1329 2281 1403 2354 per-
1513 2281 1514 2310 t

268 2395 285 2434 ι
308 2367 444 2438 suadere
464 2368 575 2437 multis
589 2368 624 2436 in
639 2367 718 2436 locis
738 2377 887 2455 conatur,
905 2391 963 2461 per
977 2370 1074 2463 plura
1088 2370 1209 2440 saecula
1223 2393 1289 2440 non
1303 2369 1403 2438 fuisse
1513 2447 1514 2460 ,

267 2505 283 2542 a
306 2499 460 2548 censuras
473 2500 493 2546 a
507 2476 696 2568 poenitentia
709 2476 838 2568 publica
853 2477 1039 2564 distinctas;
1054 2500 1204 2569 novaque
1226 2485 1336 2569 postea
1350 2477 1405 2546 in-
1513 2461 1514 2486 ³

268 2611 284 2648 ιι
308 2584 473 2652 stitutione
486 2583 664 2672 invectum,
680 2592 716 2654 ut
731 2606 879 2652 censura
894 2584 1001 2653 lerant
1019 2593 1108 2654 actus
1125 2583 1307 2676 judiciales,
1324 2605 1404 2652 con-
1513 2583 1514 2666 p

268 2716 284 2752 a
310 2689 436 2758 teatiosi
451 2701 482 2758 et
494 2690 752 2780 jurisdictionem
769 2691 1052 2783 praesupponentis
1064 2691 1127 2761 tori
1147 2719 1154 2760 ι
1174 2712 1240 2760 non
1259 2692 1404 2760 extitisse

267 2823 285 2864 a
306 2797 445 2890 proinde
461 2798 639 2866 multorum
654 2799 851 2868 saeculorum
874 2806 979 2868 tractu
996 2798 1105 2868 iorum
1126 2799 1276 2869 Ecclesia
1292 2808 1404 2870 exter·
1513 2807 1514 2850 l

266 2930 283 2970 a
307 2910 388 2972 num
400 2903 443 2976 ds
454 2903 583 2975 interim
594 2901 763 2972 diversum
780 2929 788 2971 ε
803 2912 944 2996 tuncque
957 2927 1111 2975 censuras
1122 2928 1183 2999 pro
1193 2906 1405 2999 judicialibus
1513 2977 1514 3000 ,

268 3038 285 3077 ι
308 3012 475 3080 sententiis
489 3011 602 3080 halteri
617 3021 750 3103 coeptes,
763 3012 895 3103 quando
910 3012 1030 3082 interni
1043 3022 1075 3082 et
1089 3013 1216 3082 externi
1232 3014 1295 3083 lori
1310 3036 1404 3083 usur·
1513 3065 1514 3088 ι

268 3146 285 3183 «
309 3127 383 3210 pata
408 3118 571 3188 distinctio
590 3119 761 3210 (Morinos,
777 3119 816 3188 de
831 3118 964 3189 Arimin.
982 3141 1066 3189 sacr.
1084 3123 1194 3204 Poen„
1210 3121 1232 3189 l.
1251 3125 1283 3208 6,
1300 3143 1329 3188 c.
1347 3124 1402 3206 25,
1513 3133 1514 3156 ³

269 3250 284 3288 ι
310 3223 540 3315 ιι.12).οιιιιιιι
557 3225 700 3314 prolecto
714 3223 921 3294 falsissimam
938 3224 1170 3316 opinationem,
1184 3233 1251 3295 tota
1261 3224 1405 3296 excludit

270 3359 287 3396 c
309 3331 444 3422 antiqua
465 3331 616 3400 Ecclesia
641 3332 821 3425 disciplina.
840 3331 878 3401 Si
900 3331 1046 3423 quidem,
1063 3354 1129 3401 non
1150 3333 1246 3402 novis
1267 3332 1402 3418 artibus,
1513 3347 1514 3388 l

270 3465 287 3504 ιι
310 3437 616 3507 scholasticorumve
634 3438 888 3526 inventionibus,
905 3447 941 3507 ut
954 3439 1022 3530 ipse
1038 3439 1175 3528 dictitat,
1192 3439 1250 3508 sed
1263 3462 1325 3508 usu
1341 3462 1405 3508 an-
1513 3493 1514 3518 ,

270 3543 506 3636 «tiquissimo,
531 3567 667 3614 censura
697 3545 827 3638 proprie
853 3544 939 3616 dicta
965 3555 1121 3640 perpetuo
1146 3547 1208 3618 tuit
1233 3570 1254 3615 a
1278 3547 1407 3640 publica

270 3680 287 3718 ι
310 3651 507 3722 Paenitentia
535 3650 697 3741 distincta,
723 3662 819 3746 atque
846 3654 955 3724 habita
976 3677 1035 3746 pro
1057 3677 1136 3724 vera
1155 3654 1304 3747 judiciali
1329 3677 1406 3724 con-

271 3785 289 3825 a
311 3759 529 3846 damnatione,
544 3781 619 3827 cum
635 3760 772 3851 strepitu
791 3761 914 3830 scilicet
929 3770 961 3829 et
975 3761 1177 3830 solemnitate
1195 3761 1312 3853 judicii
1326 3785 1407 3855 pro-
1513 3749 1514 3780 ³

271 3889 288 3929 a
311 3863 478 3931 nuntiata:
493 3862 582 3954 qnod
597 3863 687 3932 relati
701 3863 895 3935 Tertulliani
909 3875 940 3936 et
955 3865 990 3935 S.
1004 3865 1162 3958 Cypriani
1176 3873 1284 3936 textus
1301 3867 1408 3960 palam

273 3997 289 4033 ιι
314 3970 447 4040 iaciunt.
461 3996 477 4034 n
489 3967 650 4060 (Bianchi,
660 3971 783 4040 Politia
795 3972 881 4042 della
899 3973 1027 4055 Odisse,
1039 3974 1062 4042 l.
1077 3977 1108 4058 l,
1119 3998 1149 4044 c.
1166 3977 1197 4064 5,
1209 3973 1230 4066 ᾗ
1242 3977 1275 4062 2,
1290 3997 1322 4040 ιι.
1338 3973 1404 4064 11.)
1513 3971 1514 3988 ’

313 4077 476 4147 Caeterum
500 4077 596 4169 plane
620 4077 682 4147 sibi
703 4080 893 4150 contradicit
916 4080 1078 4168 Marinus,
1094 4082 1174 4150 dnm
1190 4081 1257 4173 (lib.
1276 4085 1308 4168 2,
1327 4104 1356 4150 c.
1375 4080 1409 4170 6)
1513 4069 1514 4158 l

270 4208 310 4256 ex
320 4186 466 4278 professo
476 4185 615 4254 sustinet
624 4186 846 4258 exstimulatae
858 4188 934 4258 inde
946 4187 1045 4260 fuisse
1054 4189 1206 4280 antiquos
1216 4187 1407 4258 christianos
1513 4227 1514 4242 ι
