3056 4972
561 474 635 522 rsus
658 475 763 520 rarus.
1175 455 1233 520 177

106 621 120 658 c
140 595 256 664 tuenda
267 617 364 666 cause
376 595 577 682 monasterii,
591 601 622 663 et
637 594 797 663 Prolatus
812 594 855 664 sit
868 595 996 683 absens,
1014 603 1050 664 nt
1063 595 1238 664 commode

106 729 120 766 c
140 702 209 794 ejus
222 702 353 771 licentia
367 699 481 770 haberi
501 711 650 793 nequeat,
667 709 698 770 et
713 701 898 793 periculum
918 703 962 771 sit
976 703 1011 770 iu
1030 725 1134 771 mora.
1154 707 1187 770 7ο
1200 703 1238 771 ln

107 835 121 874 c
140 831 234 878 causa
249 807 358 878 delicti
373 809 514 900 proprii;
534 831 611 876 nam
628 831 668 876 ex
687 809 747 876 boc
763 831 829 878 uon
847 809 1096 897 monasterium,
1114 809 1168 878 sed
1184 831 1240 877 re-

106 942 121 979 «
140 915 274 1006 ligiosus
293 916 486 1007 delinquens
506 913 750 984 conveniendus
767 925 816 983 est
838 944 845 983 ε
870 916 921 984 his
940 916 1068 985 casibus
1087 915 1238 1005 religioso

106 1049 121 1087 c
140 1023 288 1090 subeunti
299 1021 475 1112 judicium,
490 1021 517 1090 si
529 1021 695 1113 peculium
711 1020 882 1091 aPraelato
894 1021 955 1091 sibi
969 1045 1159 1092 concessum
1171 1044 1238 1092 non

105 1155 120 1194 c
140 1129 266 1218 babeat,
283 1128 479 1198 necessarias
494 1151 652 1221 expensas
665 1129 916 1198 subministrare
931 1129 1165 1200 monasterium
1180 1130 1240 1198 de-

107 1263 120 1302 c
140 1237 202 1324 bet,
226 1259 267 1305 ne
282 1236 334 1304 bis
348 1235 575 1306 deficientibus
591 1259 610 1304 a
629 1236 853 1328 prosecutione
869 1259 991 1323 causas,
1008 1238 1043 1306 in
1061 1260 1126 1329 qua
1143 1258 1240 1327 agere

105 1354 168 1412 cet
187 1346 382 1436 respondere
405 1345 513 1414 eidem
533 1347 610 1437 jura
631 1343 825 1432 concedunt,
850 1345 968 1412 cessari
990 1343 1114 1414 debeat.
1144 1371 1160 1408 n
1190 1344 1238 1432 (In

103 1451 227 1520 titulum
245 1455 258 1519 1
278 1453 318 1522 de
332 1453 480 1534 Iudiciis,
498 1453 573 1520 libri
587 1457 606 1520 2
622 1451 855 1539 Decretalium,
872 1475 906 1520 n.
925 1452 993 1541 38.)

141 1559 227 1628 Vlll.
250 1564 298 1628 De
316 1559 451 1628 ecclesiis
473 1572 504 1628 et
526 1559 730 1628 monasteriis
749 1572 849 1650 otqne
873 1581 986 1628 eorum
1012 1559 1173 1628 Praelan's.
1194 1597 1239 1610 -

103 1665 179 1734 Cum
189 1665 342 1736 Ecclesia
352 1675 383 1735 et
396 1667 595 1736 monasteria
606 1665 787 1734 habeantur
798 1675 954 1758 tanquam
968 1686 1116 1758 persone
1130 1687 1239 1734 mora-

103 1771 153 1859 les,
166 1796 240 1866 quae
252 1773 338 1843 bona
349 1775 517 1866 acquirere
530 1781 561 1841 et
573 1772 754 1864 possidere,
767 1781 800 1840 et
811 1773 902 1842 varia
910 1772 986 1864 jura
998 1773 1060 1842 sibi
1073 1773 1239 1842 vindicare

103 1891 242 1970 manat,
268 1905 395 1950 neccsse
414 1889 462 1950 est
484 1889 519 1949 ut
539 1881 664 1972 possint
682 1880 716 1947 in
733 1879 859 1969 judicio
880 1879 1047 1948 conveniri
1066 1892 1097 1948 et
1120 1901 1240 1950 conve-

102 1989 175 2058 nire.
198 1989 272 2058 Non
292 1999 402 2058 autem
423 1995 528 2080 potest
546 1996 652 2056 totum
676 1987 910 2055 monasterium
934 1995 991 2055 aut
1010 1985 1151 2055 Ecclesia
1170 1987 1240 2078 ipsa

102 2095 270 2188 injudicio
290 2108 374 2166 stare
394 2107 426 2164 et
444 2097 588 2184 litigare3
607 2095 790 2162 debuerunt
811 2116 890 2183 ergo
910 2093 997 2183 leges
1017 2093 1237 2161 ecclesiastica

101 2203 315 2273 determinatis
335 2203 533 2295 quibusdam
558 2201 704 2294 personis
726 2201 931 2269 committere
951 2201 1005 2291 jus
1029 2209 1061 2268 et
1079 2198 1236 2287 officium,

103 2311 226 2380 nomine
257 2311 445 2380 monasterii
475 2310 527 2378 vel
557 2307 708 2378 Ecclesiae
743 2308 778 2376 in
806 2306 929 2398 judicio
962 2305 1179 2399 respondendi
1209 2315 1241 2375 et

102 2419 223 2507 agendi.
246 2419 407 2500 Quanam
424 2417 489 2486 sint
510 2416 575 2485 illae
596 2437 743 2508 personae
760 2412 812 2481 bic
833 2413 1064 2506 exponendum
1085 2413 1241 2491 occurrit,

27 2527 28 2600 j
102 2523 143 2592 lle
155 2549 219 2616 quo
233 2527 298 2594 sint
314 2534 482 2618 sequentes
497 2523 620 2613 regulae
638 2551 645 2590 ε

140 2631 267 2701 anucs
280 2636 325 2699 1³.
341 2670 385 2683 -
398 2630 450 2699 Ad
459 2630 641 2699 Praelotnm
653 2628 853 2710 morrasterii,
868 2629 985 2696 saltem
999 2649 1074 2696 enm
1085 2621 1237 2696 consensu

101 2752 282 2822 concentus·
302 2751 332 2806 et
352 2738 399 2807 od
410 2737 591 2807 Praelatum
607 2736 771 2818 Ecclesiae,
789 2735 906 2803 saltem
921 2757 996 2804 cnm
1010 2756 1162 2802 consensu
1175 2757 1236 2803 ca-

98 2845 202 2932 pituli,
225 2846 421 2938 regulariter
437 2843 582 2935 pertinet
600 2843 635 2911 in
648 2842 779 2933 judicio
798 2865 893 2932 apere
914 2854 946 2910 et
966 2842 1167 2932 respondere.
1190 2879 1234 2895 -—

27 2983 28 3006 2
100 2949 255 3020 Probatur
278 2952 429 3021 decretali
452 2949 591 3020 Edoeen'
610 2949 787 3017 innocentii
812 2949 868 3036 111,
892 2949 1012 3017 nuoris
1036 2950 1199 3040 sequentis
1223 2977 1231 3017 :

104 3083 118 3122 c
138 3059 272 3128 Edoceri
287 3059 471 3152 postulastis
484 3057 618 3144 anobis,
630 3065 744 3124 utrum
760 3079 819 3148 per
828 3056 951 3124 litteras
964 3053 1121 3124 adversus
1136 3056 1233 3124 abba-

104 3191 118 3228 c
139 3174 185 3234 tes
205 3167 308 3258 (nulla
324 3166 489 3234 mentione
510 3163 620 3233 habita
638 3163 680 3231 de
698 3161 765 3230 suis
785 3161 1008 3251 conventibus)
1033 3161 1234 3253 impetratas,

104 3300 118 3336 c
139 3283 307 3343 teneantur
326 3274 457 3342 abbates
474 3273 537 3364 ipsi
557 3293 654 3361 super
670 3270 787 3358 causis,
804 3291 879 3361 quae
902 3267 942 3337 ad
962 3277 1140 3337 conventus
1160 3293 1236 3362 per-

27 3407 28 3468 j
105 3406 119 3444 c
140 3381 239 3450 tinent
266 3390 298 3450 et
322 3380 453 3450 eosdem
478 3380 558 3471 ipsis
583 3377 827 3469 querelantibus
853 3377 1047 3467 respondere
1070 3403 1077 3443 :
1100 3400 1136 3446 ac
1162 3378 1235 3446 licet

27 3525 28 3532 κ
105 3513 119 3550 c
142 3489 276 3558 inhibita
299 3489 340 3557 sit
365 3487 550 3580 appellatio,
579 3507 637 3576 per
660 3483 885 3576 appellationis
908 3482 1071 3574 objectum
1097 3487 1232 3576 possint,

105 3621 120 3656 c
142 3618 179 3662 ue
189 3595 416 3687 respondeant,
431 3617 464 3662 se
476 3593 575 3662 tueri.
591 3591 772 3683 Superque
784 3590 942 3658 duximus
954 3591 1232 3682 respondendum,

27 3781 28 3798 χ
105 3731 119 3766 c
142 3705 224 3794 quod
241 3704 317 3795 (nisi
331 3702 395 3771 alia
412 3723 508 3770 causa
523 3698 723 3769 rationabilis
739 3697 948 3787 suffragetur)
968 3720 1026 3788 per
1041 3697 1233 3788 appellatio-

106 3834 214 3878 «ncm
238 3835 272 3880 se
298 3810 382 3879 tueri
410 3833 476 3878 non
506 3815 654 3900 possunt,
682 3805 860 3895 quominus
884 3803 1021 3872 debeant
1045 3805 1234 3876 auctoritate

106 3943 121 3978 c
143 3916 320 3986 litterarum
342 3914 530 4007 hujusmodi
551 3911 695 4002 legitime
717 3909 912 4001 respondere
935 3936 942 3975 :
963 3930 1039 3976 cum
1062 3931 1103 3976 ex
1128 3909 1234 3981 officio

106 4051 122 4088 c
144 4047 198 4093 suo
216 4033 386 4093 teneantur
404 4020 693 4113 congregationum
714 4039 849 4085 suarum
872 4015 1001 4104 negotia
1024 4035 1199 4104 procurare
1222 4048 1229 4088 :

27 4217 28 4222 ἵ
109 4157 123 4193 ι
145 4131 203 4200 nisi
226 4133 307 4201 torte
329 4131 453 4199 abbatis
475 4138 507 4197 et
526 4136 705 4196 conventus
727 4124 857 4214 negotia
876 4129 982 4191 essent
1005 4121 1141 4191 omnino
1164 4125 1231 4193 dis-

108 4263 124 4302 c
146 4249 255 4308 creta»
277 4239 358 4330 (cap.
378 4241 432 4326 21,
453 4236 539 4304 tituli
563 4239 595 4322 3,
618 4234 693 4302 libri
715 4238 728 4300 1
752 4231 995 4319 Decretaliunrp.
1016 4229 1105 4298 llum
1124 4233 1158 4300 in
1174 4236 1233 4304 hac

256 4363 277 4408 1.
1036 4339 1074 4398 12
