3046 4968
269 417 308 482 92
640 443 813 488 macrinus
836 443 874 488 os
897 439 1029 488 runicus.

181 645 186 653 Ι
267 581 364 648 super
388 560 484 628 rebus
506 561 754 652 temporalibus3
771 585 845 653 qum
870 560 1004 654 proinde
1026 560 1230 651 pertinebant
1255 560 1294 628 ad
1314 559 1409 652 judi-

266 689 319 735 ces
335 668 504 738 saculares
518 669 699 738 ordinarios
718 669 816 760 hujus
840 670 914 755 loci,
932 669 1075 737 consules
1095 668 1240 760 justitia
1259 667 1304 736 ibi
1320 691 1410 736 nun-

266 776 377 866 cupari
399 776 521 844 solitos.
539 779 675 845 Actores
697 786 805 846 autem
824 777 990 845 tentabant
1007 775 1167 845 declinare
1191 775 1252 844 hoc
1273 775 1411 844 ordina-

265 882 352 952 rium
379 882 536 969 tribunal,
565 893 601 952 ut
624 905 753 952 eausam
777 883 817 954 ed
843 883 1091 952 ecclesiasticum
1114 881 1256 972 judicem
1280 889 1411 974 pertra-

264 988 397 1074 herent3
414 997 445 1057 et
470 990 504 1057 in
525 990 613 1058 hunc
633 1013 766 1084 scopum
785 989 908 1058 litteras
930 988 1121 1080 apostolicas
1141 988 1407 1079 impetraverant.

266 1096 301 1162 ld
328 1096 460 1187 quidem
490 1105 644 1188 tanquam
674 1097 846 1166 abusivum
876 1095 1010 1186 corrigit
1035 1094 1202 1179 Pontifex,
1232 1093 1412 1162 decernens

265 1201 437 1292 praedictas
466 1203 656 1294 apostolicas
691 1203 825 1287 litteras,
856 1202 883 1268 si
912 1201 1043 1294 quando
1081 1201 1310 1292 impetrentur,
1338 1199 1412 1268 fore

266 1306 389 1393 irritas;
418 1318 451 1376 at
477 1308 577 1376 simul
604 1307 746 1375 decernit
775 1330 904 1376 causam
931 1305 1127 1398 quibusdam
1154 1307 1188 1374 in
1215 1305 1342 1374 ensibus
1366 1307 1409 1374 ad

265 1415 373 1484 forum
404 1415 653 1484 ecclesiasticum
686 1438 755 1483 esse
790 1413 998 1483 deferendam
1026 1441 1033 1481 :
1063 1415 1092 1481 si
1115 1436 1232 1504 nempe
1260 1414 1410 1483 eonsules

261 1523 410 1612 justitiae,
433 1521 467 1589 id
492 1531 550 1608 est,
568 1521 728 1591 ordinarii
749 1521 876 1613 judices
900 1521 1085 1606 saeculares,
1112 1522 1226 1590 merito
1251 1530 1408 1612 tanquam

265 1629 403 1720 suspecti
420 1637 620 1716 recusantur,
629 1629 681 1698 vel
693 1629 853 1721 justitiam
869 1628 1068 1720 postulantes
1082 1629 1282 1720 opprimant,
1295 1638 1327 1696 et
1340 1650 1408 1696 non

266 1737 307 1803 sit
330 1737 478 1828 superior
498 1737 600 1828 judex
627 1737 795 1805 saecularis
813 1736 871 1828 qui
897 1757 951 1802 eos
972 1735 1114 1825 corrigat
1128 1745 1159 1802 et
1173 1735 1214 1803 ad
1230 1758 1328 1827 quam
1351 1758 1410 1804 re-

267 1842 354 1910 curri
374 1844 485 1934 possit.
504 1844 582 1911 Inde
603 1854 710 1910 autem
738 1843 885 1934 sequitur
910 1843 1088 1931 generatim
1113 1841 1153 1909 ad
1178 1841 1285 1910 torum
1307 1843 1411 1912 ecele-

266 1936 430 2017 siasticum
453 1950 593 2019 transire
618 1971 762 2036 causam,
780 1949 911 2040 quando
930 1973 949 2016 a
971 1948 1121 2016 saeculari
1147 1956 1300 2039 potestate
1324 1948 1411 2017 obti-

267 2056 340 2124 neri
355 2057 467 2148 nequit
481 2057 616 2148 justitia.

310 2165 471 2233 Probatur
492 2168 534 2230 2⁹.
552 2164 602 2232 Ex
616 2163 680 2231 fine
706 2164 857 2234 Ecclesia
883 2165 1027 2256 proprio.
1049 2165 1266 2232 Probavimus
1291 2187 1409 2256 nempe

185 2316 191 2328 -
265 2291 376 2361 supra,
393 2271 494 2360 eapite
514 2270 614 2362 hujus
637 2261 787 2340 sectionis
805 2270 924 2362 primo,
945 2293 999 2338 eas
1020 2293 1132 2339 causas
1155 2272 1226 2340 foro
1241 2272 1410 2342 eeclesias-

267 2376 328 2445 tico
349 2400 417 2445 esse
436 2377 677 2467 adscribendas,
694 2402 775 2470 quas
801 2377 950 2446 Ecclesia
975 2378 1193 2468 jurisdictioni
1216 2379 1334 2470 subjici
1349 2402 1411 2449 ne-

264 2505 350 2551 eesse
372 2492 468 2575 atque
488 2493 707 2577 opportunum
725 2492 785 2565 est,
802 2495 838 2552 ut
861 2483 961 2552 finem
983 2483 1046 2552 sibi
1073 2486 1241 2576 proprium
1266 2485 1411 2554 Ecclesia

263 2591 493 2659 convenienter
515 2601 717 2683 assequatur.
743 2592 846 2660 Porro
869 2590 908 2658 ad
929 2592 1052 2662 bonum
1073 2592 1239 2682 spirituale
1259 2591 1410 2661 fidelium
1510 2603 1511 2626 ¹

263 2698 403 2788 pertinet
421 2707 456 2768 ut
480 2699 559 2790 ipsis
574 2700 614 2767 de
632 2699 766 2766 materia
788 2699 887 2766 etiam
906 2721 993 2766 mere
1013 2699 1184 2790 temporali
1207 2699 1410 2788 litigantibus

148 2793 153 2810 ’
261 2805 386 2896 justitia
399 2803 553 2874 reddatur
573 2834 579 2874 :
596 2806 625 2872 si
641 2827 720 2894 ergo
731 2805 835 2896 judex
851 2805 1029 2890 secularis,
1041 2805 1081 2872 ad
1096 2828 1193 2896 quem
1209 2807 1411 2874 talescausae
1510 2861 1511 2888 ,

265 2913 438 3003 pertinent,
454 2913 612 3004 justitiam
640 2934 790 2980 exercere
810 2913 968 3002 negligat,
991 2934 1120 2980 necesse
1141 2921 1188 2979 est
1211 2923 1245 2981 ut
1267 2905 1412 2980 Ecclesia

265 3019 335 3110 ejus
360 3019 521 3088 defectum
550 3019 700 3111 supplere
725 3019 845 3110 possit;
863 3028 895 3086 et
918 3018 1042 3086 censeri
1067 3017 1161 3087 debet
1183 3019 1254 3087 talis
1269 3026 1411 3111 potestas
1510 3005 1511 3022 ¹

266 3127 417 3194 Ecclesiae
432 3150 452 3194 s
465 3125 594 3195 Christo
610 3126 694 3194 data.

202 3311 209 3328 ·
311 3233 491 3301 Paorosrrro
505 3233 576 3301 1112.
593 3271 638 3284 -
657 3235 698 3300 Ut
713 3255 812 3301 causa
829 3232 1019 3322 temporalis
1034 3231 1080 3300 ad
1089 3235 1201 3324 forum
1217 3233 1412 3301 ecclesiasti-

265 3362 339 3408 cum
355 3337 482 3430 dejure
495 3353 650 3421 transeat,
671 3362 737 3407 nors
751 3340 872 3431 sufficit
888 3339 1088 3430 nepliqentia
1097 3339 1225 3431 judicis
1245 3341 1412 3409 secularis

265 3445 437 3535 insertoris,
464 3445 520 3513 sed
549 3445 728 3537 requiritur
749 3446 850 3513 etiam
877 3445 1073 3536 neqliqentia
1094 3445 1220 3536 judicis
1245 3447 1413 3516 secularis

264 3551 450 3645 superioris.
467 3591 510 3602 -
526 3551 746 3633 Quaestionern
769 3553 813 3620 sic
830 3553 923 3645 ponit
949 3550 1240 3642 Sehmolzgrueber
1260 3554 1304 3644 [in
1326 3554 1413 3621 titu-

266 3660 335 3727 lum
358 3657 397 3727 de
419 3655 566 3739 Iudiciis,
586 3682 619 3726 n.
648 3659 699 3748 58)
721 3686 727 3726 :
750 3659 929 3742 «Quorum
948 3657 1098 3748 judicum
1121 3659 1329 3728 saecularium
1354 3683 1412 3728 nc·

271 3793 287 3830 o
312 3765 500 3855 gligentiam
524 3764 674 3855 supplere
687 3763 789 3856 judex
807 3765 1044 3833 ecclesiasticus
1067 3764 1223 3857 possit‘t»
1244 3765 1295 3833 Ad
1312 3789 1412 3858 quam

267 3873 312 3940 ita
325 3870 498 3962 respondet
516 3897 523 3938 :
546 3870 688 3962 «Aliqui
707 3873 840 3964 quidem
862 3873 1042 3965 loquuntur
1059 3872 1252 3962 generaliter
1269 3901 1276 3942 :
1296 3874 1414 3943 melius

272 4005 289 4044 u
312 3986 419 4046 tamen
435 3977 588 4047 videntur
605 3978 723 4047 sentire
743 3979 800 4070 qui
821 3977 1028 4069 distinguunt
1053 3979 1136 4047 inter
1158 3981 1368 4069 magistratus
1383 3989 1415 4049 et

271 4112 287 4151 a
307 4083 434 4176 judices
448 4085 618 4153 saeoulares
629 4087 685 4176 qui
699 4087 899 4177 superiorem
909 4087 944 4153 in
954 4086 1186 4177 temporalibus
1198 4110 1262 4154 non
1275 4109 1414 4177 eognos-

272 4220 288 4258 α
312 4198 403 4277 eunt,
419 4200 451 4259 et
467 4193 550 4260 inter
566 4213 621 4261 eos
633 4191 691 4284 qui
707 4193 801 4261 talem
818 4193 1017 4284 superiorem
1033 4203 1244 4284 cognoscunt.
1260 4193 1306 4270 De
1316 4195 1414 4284 prio-
