3030 4980
272 453 333 518 tta
645 471 820 518 runcrxrus
843 471 882 516 ns
903 469 1036 518 sunium.

269 616 343 660 cum
357 615 436 684 ergo
452 592 602 662 Vicnrius
626 591 780 662 foraneus
801 591 885 661 nihil
900 591 991 660 aliud
1006 591 1048 658 sit
1063 611 1161 682 quem
1178 589 1358 679 delegatus,
1376 588 1414 658 id

268 699 439 769 dumtaxat
459 700 588 791 poterit,
605 699 693 792 quod
720 699 782 791 ipsi
802 719 954 791 expresse
978 696 1157 798 Episcopus
1178 695 1413 788 exequendum

268 808 477 876 commiserit.

310 914 488 1007 Episcopus
505 923 615 984 autem
634 922 738 1007 potest
758 913 880 1006 duplici
904 911 1001 982 modo
1025 910 1187 1004 ejusmodi
1200 910 1413 983 vicariorum

268 1023 475 1092 foraneorum
496 1021 757 1113 jurisdictionem
779 1021 1006 1092 determinare.
1024 1019 1086 1091 Vel
1104 1019 1276 1111 sejunctim
1289 1011 1415 1112 'quoad

268 1129 430 1219 singulos3
449 1130 627 1222 unicuique
652 1129 774 1198 scilicet
800 1127 1004 1221 expediendo
1027 1125 1230 1216 mandatum,
1247 1126 1415 1218 ejusmodi

268 1235 568 1306 determinationem
593 1237 780 1328 exprimens
797 1264 805 1304 ι
823 1234 876 1306 vel
890 1236 1043 1304 omnihus
1062 1233 1161 1304 simul
1176 1234 1323 1304 dioecesis
1336 1257 1416 1304 suae

270 1343 410 1414 Vicariis
437 1344 596 1430 forancis,
625 1365 685 1435 per
713 1344 858 1436 aliquam
889 1341 1079 1434 synodalem
1106 1365 1164 1412 sen
1193 1341 1417 1412 mesanam

269 1452 552 1540 constitutionem
568 1451 768 1520 enuntiando
791 1449 870 1542 quid
894 1449 1131 1540 jurisdictionis
1153 1449 1233 1541 ipsis
1250 1449 1418 1518 commit-

268 1567 315 1628 tat
328 1567 360 1627 et
386 1558 522 1650 deleget.
545 1559 653 1628 Posita
669 1581 747 1628 vcro
768 1558 864 1628 hacce
885 1556 1066 1626 dicecesana
1090 1555 1331 1644 constitutione,
1356 1579 1418 1626 sa-

268 1669 309 1735 tis
322 1667 384 1738 erit
396 1677 434 1736 ut
456 1667 492 1736 in
509 1666 661 1736 mandato
680 1666 857 1757 uuicuique
882 1664 1085 1756 expediendo
1099 1665 1315 1756 exprimatur,
1329 1687 1418 1734 eum

254 1775 390 1842 assumi
411 1775 444 1842 in
472 1775 639 1844 Vicurium
659 1775 856 1865 (craneum
874 1773 951 1864 quia
979 1779 1056 1842 tunc
1082 1795 1125 1842 ex
1149 1771 1235 1842 dicto
1263 1773 1418 1860 geneffli
1508 1827 1509 1868 3

267 1879 408 1967 decreto,
423 1881 635 1951 determinata
656 1889 802 1950 remanet
823 1879 983 1971 ejusmodi
999 1881 1121 1951 Vicarii
1140 1879 1286 1970 delegata
1304 1881 1420 1972 juris-

267 1987 374 2057 dictio.

314 2101 345 2164 t.
367 2095 522 2188 Sequitur
544 2097 668 2188 pariter
688 2096 790 2165 teneri
814 2094 984 2166 Viearium
1007 2094 1178 2163 foraneum
1206 2094 1240 2162 in
1268 2093 1420 2183 singulis

268 2203 373 2271 causis
396 2212 569 2294 antequam
593 2203 755 2295 procedat,
770 2203 812 2272 ad
832 2225 901 2270 sese
921 2201 1182 2292 legitimandum‚
1200 2224 1257 2269 seu
1279 2200 1322 2270 ad
1345 2201 1420 2272 do-

268 2309 404 2378 cendum
419 2310 459 2378 de
481 2332 540 2378 suo
563 2310 715 2379 mundato
732 2311 780 2400 (ut
798 2309 979 2400 loquuntur
1002 2308 1225 2401 pragmatici);
1240 2307 1352 2394 idest,
1372 2309 1419 2378 ad

269 2416 517 2504 ostendendum,
535 2417 561 2486 si
587 2417 669 2486 forte
693 2417 754 2486 hoc
774 2417 808 2485 in
831 2414 969 2485 dubium
997 2423 1179 2501 revocetur,
1206 2413 1267 2482 sibi
1293 2435 1422 2486 revera

266 2521 446 2610 delegatam
465 2522 506 2591 ab
532 2521 698 2592 ordinario
719 2520 819 2590 fuisse
843 2522 939 2590 talem
960 2542 1133 2590 causarum
1155 2519 1307 2612 speciem.
1323 2521 1423 2590 Huic

266 2628 356 2696 enim
368 2649 436 2698 sese
450 2628 654 2718 legitimandi
669 2627 849 2697 necessitati
869 2627 1009 2720 quilibet
1029 2625 1196 2716 delegatus
1207 2625 1310 2716 judex
1324 2629 1423 2698 sub-

266 2734 361 2825 jacet.

314 2848 344 2911 5.
376 2841 531 2934 Sequitur
559 2843 693 2934 insuper
721 2842 862 2912 multum
890 2865 910 2909 a
939 2841 1083 2931 generali
1114 2841 1244 2910 Vicario
1278 2838 1424 2912 differre

265 2951 436 3019 foraneum
463 2977 470 3018 :
495 2971 572 3018 nam
598 2949 709 3039 primo
730 2949 783 3016 hic
812 2949 1005 3037 delegatam,
1029 2947 1083 3016 ille
1106 2969 1184 3018 vero
1209 2946 1422 3018 ordinariam

264 3056 523 3149 jurisdictionem
548 3055 662 3136 habet;
689 3055 839 3136 secundo,
864 3054 1060 3124 universalis
1091 3054 1268 3147 (moraliter
1294 3053 1422 3125 saltem

267 3163 440 3257 loquendo)
458 3169 506 3232 est
526 3163 648 3233 Viearii
668 3161 829 3253 generalis
846 3162 954 3253 quoad
972 3185 1086 3232 causas
1108 3169 1140 3230 et
1162 3161 1233 3230 loca
1254 3168 1422 3253 potestas,
1507 3161 1508 3174 ²

267 3272 392 3342 foranei
405 3292 483 3342 vero
506 3270 709 3363 particularis
729 3279 762 3336 et
788 3269 949 3350 restricta;
966 3269 1112 3352 tertius
1135 3269 1293 3338 sententia
1318 3271 1422 3361 prio-

269 3379 314 3448 ris
345 3401 410 3448 non
442 3376 623 3470 appellatur
652 3377 694 3445 ad
732 3377 946 3470 Episcopum;
975 3378 1058 3446 bene
1085 3399 1164 3446 vcro
1198 3399 1218 3444 e
1251 3379 1422 3448 sententia

268 3485 473 3580 posterioris3
490 3497 622 3577 quarto,
639 3484 773 3555 Vicario
787 3484 931 3574 generali
944 3483 1107 3576 competit,
1124 3505 1166 3552 ex
1186 3482 1257 3574 lege
1278 3483 1368 3573 ipsa,
1387 3495 1424 3554 et

270 3594 305 3662 vi
319 3593 417 3663 officii
431 3592 495 3680 sui,
510 3599 597 3661 certa
611 3591 764 3683 quaedam
778 3598 810 3659 ct
827 3590 1041 3660 determinata
1058 3589 1255 3682 jurisdictio,
1272 3589 1423 3680 ipsamet

270 3723 386 3792 nempe
401 3698 567 3768 ordinaria
576 3698 759 3790 jurisdictio
775 3697 937 3790 Episcopi,
953 3697 1186 3789 exceptisque
1202 3697 1257 3787 jus
1279 3709 1424 3790 excepta

270 3808 373 3878 voluit
387 3815 419 3875 ct
434 3829 509 3898 quae
523 3805 702 3895 Episcopus
718 3804 780 3873 sibi
795 3827 947 3895 expressa
966 3803 1145 3874 reservavit
1154 3828 1163 3889 3
1180 3802 1333 3874 Vicarius
1349 3827 1423 3874 au-

272 3923 337 3984 tem
352 3914 505 3982 foraneus
519 3911 601 3980 nihil
615 3912 733 4003 exequi
749 3911 846 3999 valet,
863 3933 960 4004 quam
976 3911 1064 4003 quod
1079 3931 1231 4001 expresse
1244 3910 1311 4001 ipsi
1324 3933 1423 3982 com-

273 4021 361 4090 misit
378 4020 569 4111 Episcopus.

319 4133 350 4197 6.
368 4126 513 4196 Tandem
529 4126 677 4219 sequitur
693 4134 777 4194 recta
792 4124 920 4194 definiri
935 4147 1029 4217 posse
1041 4125 1212 4196 Vicarium
1229 4125 1420 4212 foraneum,

273 4237 460 4328 deleqatum
475 4247 708 4326 permanenter
723 4233 765 4303 ab
780 4231 941 4325 episcopo
965 4231 1011 4302 ad
1030 4245 1134 4302 certas
1153 4231 1319 4326 quasdem
1332 4257 1424 4306 caa-
