3046 4962
568 513 642 562 ures
665 513 770 560 errae.
1195 495 1235 558 rt

99 665 113 700 ιι
139 659 223 717 rom,
241 643 303 705 etc.
321 635 481 727 ligantur
496 635 597 722 enirn,
617 659 682 706 non
698 635 804 706 solum
820 635 1009 724 voluntarii,
1023 635 1079 706 sed
1096 636 1233 706 inriti.»

137 769 154 810 ιι
179 744 298 814 Adhuc
315 753 453 830 constet,
471 744 554 812 sicut
569 744 615 812 ibi
638 743 759 834 legitur
774 743 809 811 in
824 742 991 830 Motthmo,
1014 743 1102 835 quod
1125 744 1153 813 si
1175 743 1239 814 ali-

99 883 115 914 ι
136 853 209 943 quis
223 851 383 921 domnum
399 851 497 920 elicui
513 850 655 919 indebite
671 849 811 934 dederit,
831 850 976 943 illudque
990 849 1032 919 ad
1049 852 1239 920 mandatnm

98 985 115 1022 ιι
137 959 286 1028 Ecclesiae
305 959 446 1028 noluerit
468 957 654 1044 emendare,
671 957 760 1050 quod
785 957 929 1026 Ecclesia
943 980 1002 1050 per
1017 967 1203 1049 potestatem
1219 983 1238 1027 a

100 1092 115 1128 ι
137 1063 266 1134 Christo
282 1066 343 1133 sibi
357 1087 554 1152 concessam,
566 1065 676 1155 ipsum
690 1063 732 1132 ad
746 1064 807 1132 hoc
822 1087 880 1156 per
894 1065 1238 1134 excommunicationis

100 1173 329 1242 «seutentiam
358 1171 550 1264 compellere
580 1179 684 1263 potest
717 1199 725 1238 :
755 1193 829 1262 quie
860 1170 992 1262 quidem
1024 1180 1163 1262 potestas
1191 1181 1239 1240 cst

103 1305 118 1344 ι
142 1279 254 1370 otique
272 1280 426 1348 coactiva.
453 1305 470 1342 ιι
517 1313 519 1320 ·

141 1413 159 1450 ι
180 1386 277 1456 Circe
300 1386 389 1479 quod
405 1395 453 1456 est
469 1383 720 1471 advertendum,
737 1384 824 1478 quod
848 1408 924 1454 cum
948 1385 1240 1456 excommunicatio

101 1525 116 1556 ι
138 1495 255 1587 major,
271 1493 392 1562 nedum
417 1494 771 1562 excommunicatuma
792 1492 996 1585 perceptione
1019 1503 1238 1562 sacramento-

103 1625 214 1670 «rnm
242 1611 419 1688 removeat,
445 1599 623 1670 sedetiam
650 1622 670 1669 a
697 1600 926 1670 communione
956 1599 1101 1668 fidelium
1131 1601 1238 1692 ipsum

103 1737 117 1771 ι
138 1708 457 1778 excommunicatum
481 1705 644 1793 excludat,
658 1707 835 1797 corporalis
856 1714 905 1775 est
926 1729 946 1776 a
964 1705 1095 1776 Christo
1119 1708 1239 1777 coactio

102 1815 291 1884 «Ecclesim
319 1813 496 1906 permissa3
517 1836 592 1883 curn
614 1815 711 1882 etiem
738 1813 916 1882 secundum
941 1813 1029 1904 leges
1056 1813 1238 1904 imperiales

103 1951 119 1986 ι
140 1921 275 2012 gravius
291 1931 456 2013 reputetur
472 1921 556 1988 inter
573 1921 720 1990 homines
734 1919 932 2006 conversari,
947 1919 1157 2012 ipsorumque
1173 1921 1240 2012 pri·

103 2059 118 2092 ι
142 2029 212 2097 vari
227 2027 407 2118 suffragiis,
424 2051 522 2120 quam
537 2028 578 2096 ab
593 2027 781 2096 hominibus
796 2028 951 2118 separari,
969 2028 1116 2118 sequitur
1133 2036 1240 2119 potes-

104 2164 119 2198 ι
142 2143 238 2204 tatem
265 2137 455 2222 coactivam,
477 2157 542 2203 non
569 2133 611 2202 eb
638 2136 830 2226 imperatore
857 2143 997 2220 terreno,
1022 2133 1077 2202 sed
1104 2134 1240 2226 abipso

105 2273 120 2306 ιι
143 2243 275 2311 Christo
289 2241 388 2312 fuisse
401 2242 605 2332 originaliter
621 2241 795 2310 Ecclesiam
812 2250 1028 2310 consecutam.
1055 2269 1071 2306 ιι

147 2377 163 2414 ιι
179 2350 343 2418 Praeterea
354 2350 391 2419 B.
403 2348 520 2418 Petrus
536 2358 608 2441 post
622 2349 842 2417 ascensionem
859 2348 1005 2434 Domini,
1018 2349 1054 2416 in
1068 2371 1241 2442 personent

105 2486 120 2521 ιι
142 2456 280 2524 Ananim
307 2466 338 2524 et
361 2456 510 2548 Saphirae
534 2454 648 2524 uxoris
669 2478 748 2540 sure,
766 2456 834 2523 sine
851 2453 1014 2546 imperiali
1037 2456 1241 2526 concessione

105 2592 121 2628 ιι
144 2563 266 2655 aliqua,
282 2563 343 2632 hac
365 2585 443 2631 usus
463 2571 512 2631 est
533 2569 688 2656 potestate
706 2589 714 2631 :
732 2563 766 2630 in
781 2585 876 2654 quos,
893 2555 971 2654 quie
986 2563 1026 2631 de
1040 2564 1144 2656 pretio
1166 2565 1238 2653 agri

105 2695 122 2734 ι
145 2669 211 2738 Deo
237 2668 345 2737 oblato
370 2668 613 2756 fraudaverant,
632 2669 746 2738 mortis
767 2669 958 2738 sententium
985 2670 1207 2762 promulgavit
1231 2700 1237 2739 :

105 2801 122 2842 ιι
145 2799 218 2868 que
233 2775 366 2869 quidem
391 2776 548 2845 sententie
573 2797 639 2844 non
663 2773 818 2866 processit
833 2773 873 2842 dc
895 2774 1041 2866 ipsorum
1061 2776 1239 2867 conjugum

108 2911 124 2948 ιι
147 2884 321 2953 voluntate.
349 2911 365 2949 ιι

150 3017 165 3056 ιι
188 2991 267 3058 ltern
284 2990 323 3058 B.
339 2990 461 3058 Paulus
477 2988 617 3058 Elimem
634 3011 802 3080 magnum,
821 2988 973 3080 Sergium
987 2990 1127 3061 Paulum
1143 3015 1161 3060 a
1177 2993 1241 3062 srde

109 3106 346 3188 «querentem
371 3097 544 3185 abducere,
571 3096 612 3165 ad
639 3105 769 3189 tempus
802 3097 874 3165 luce
901 3097 1060 3188 corporali
1086 3100 1238 3189 privavit.

17 3269 18 3296 ,
110 3231 126 3268 ι
147 3203 240 3272 illurn
266 3227 395 3296 quoque
412 3205 639 3274 fornicatorem
655 3202 862 3272 Corinthium
888 3204 922 3272 in
943 3207 1053 3272 cernis
1073 3205 1239 3278 interitum

17 3299 18 3323 ³
110 3339 126 3376 ι
148 3311 278 3380 undidit
292 3311 434 3399 Satanae,
453 3320 489 3380 ut
504 3313 575 3401 ejus
593 3311 727 3403 spiritus
742 3309 853 3379 salvus
869 3320 962 3380 esset.
989 3339 1005 3377 ιι

153 3447 169 3486 ιι
183 3420 263 3489 Item
275 3419 452 3489 Corinthiis
466 3419 610 3488 scribens
625 3419 711 3487 idem
724 3420 889 3510 apostolus
902 3421 1006 3490 dixit:
1024 3422 1113 3506 Quid
1125 3424 1243 3494 uultis?

111 3555 127 3590 ι
150 3529 187 3594 1η
209 3526 303 3616 uirpc
318 3525 365 3594 ad
378 3549 433 3595 vos
457 3527 599 3610 ueniam,
618 3549 664 3594 an
679 3526 713 3594 in
727 3526 890 3596 claritate
905 3541 935 3596 et
951 3529 985 3598 in
1007 3530 1126 3622 spiritu
1147 3555 1244 3601 mari·

111 3663 126 3698 ι
148 3633 347 3704 metudinis?
360 3636 398 3703 ln
414 3658 479 3726 quo
501 3634 578 3704 satis
599 3657 750 3727 expresse
764 3635 941 3705 ccectivern
957 3647 1145 3729 potestatem
1161 3665 1243 3734 sup-

111 3771 126 3806 ι
149 3743 255 3834 posuit
269 3765 303 3811 ee
316 3741 446 3812 habere.
474 3769 490 3808 ιι

152 3876 168 3914 ιι
182 3849 262 3918 Item
277 3850 423 3920 scribens
436 3850 556 3918 eisdem
573 3849 651 3918 alibi
666 3851 751 3919 dixit
768 3879 774 3918 :
792 3851 896 3920 Arma
909 3853 1038 3923 militie
1050 3868 1168 3926 nostre
1178 3882 1243 3928 non

109 3983 124 4018 ιι
147 3971 222 4026 sunt
246 3957 406 4039 camolia,
424 3957 481 4025 sed
497 3957 651 4049 potentia
667 3960 746 4039 Deo,
766 3957 799 4024 id
822 3967 870 4026 est
892 3981 912 4026 a
935 3959 1002 4028 Deo
1021 3983 1182 4052 concessa,
1200 3965 1247 4037 ud

110 4091 126 4126 ιι
150 4063 395 4132 destructionem
422 4064 654 4144 munitionum,
673 4065 809 4132 connlia
836 4064 1040 4148 destruentes,
1063 4082 1094 4136 et
1117 4094 1245 4143 omnem

111 4199 127 4234 ιι
148 4169 359 4240 altitudinem
374 4170 580 4238 extollentem
596 4192 628 4238 se
643 4167 796 4238 adversus
811 4171 979 4240 scientium
995 4175 1066 4242 Dei.
1082 4177 1121 4243 Et
1137 4183 1244 4270 sequi-

112 4305 130 4345 ιι
152 4289 205 4348 tur
223 4305 231 4346 ι
249 4281 289 4346 ln
301 4291 459 4370 promptu
474 4278 627 4347 habentes
642 4277 752 4346 ulcisci
767 4301 897 4347 omnem
913 4279 1177 4354 inobedientium.
1198 4289 1246 4360 Es
