3030 4980
535 484 611 530 eras
632 483 778 530 secunus.
1160 461 1220 528 509

79 601 168 673 oium
181 603 345 696 pertinent
363 631 370 672 :
389 603 468 673 alias
486 605 649 674 tenebitur
663 604 702 674 de
716 604 838 673 damno
854 603 895 672 ob
909 602 1110 694 imperitiam
1126 626 1220 673 suam

80 711 181 780 illato.
201 712 381 803 (Pirrhiug,
396 712 466 782 looo
480 713 601 803 citato.)

126 821 156 886 3.
175 818 296 888 Utrum
320 819 499 890 necessario
522 819 636 888 debeat
659 843 726 888 esse
747 819 864 904 laicus,
888 819 933 886 ita
958 824 1007 904 ut,
1033 839 1075 885 ne
1096 818 1130 884 iu
1151 817 1222 886 foro

80 925 179 994 etiam
191 925 405 995 ecclesiastico
421 927 521 1019 possit
535 927 672 996 clericus
685 927 802 997 notarii
815 925 960 995 officium
974 947 1136 1012 exercere,
1151 925 1221 1016 jam

80 1030 159 1097 satis
172 1051 271 1122 snpra
284 1031 514 1121 expendimus.

128 1141 161 1205 4.
191 1162 207 1202 a
230 1136 492 1206 lustramentum
513 1137 696 1206 confectum
719 1160 740 1205 n
759 1136 930 1205 tabellione
945 1134 1072 1227 publice
1088 1158 1224 1204 exeom-

85 1271 101 1308 a
126 1243 306 1330 muniente,
327 1251 358 1312 et
373 1267 439 1312 non
460 1245 595 1314 tolerato
611 1267 669 1312 sen
689 1243 834 1329 vitando,
858 1266 924 1312 non
939 1241 1047 1330 vaiet3
1065 1243 1222 1335 quianon

85 1379 102 1418 a
125 1361 274 1420 censetur
295 1351 533 1438 authenticum,
554 1375 630 1420 eum
655 1351 723 1419 isa
748 1350 886 1443 publicis
907 1350 1032 1418 autibus
1056 1358 1126 1418 tum
1151 1349 1224 1440 jure

85 1487 102 1524 a
126 1459 209 1551 ipso,
227 1465 299 1526 tum
312 1458 434 1550 judicis
448 1458 554 1528 officio
567 1459 752 1550 repellatur.
771 1460 842 1528 lma
858 1456 1011 1550 quamvis
1023 1457 1086 1526 tale
1101 1458 1223 1526 instru-

86 1593 102 1630 (ι
127 1574 276 1634 mentum
291 1565 331 1634 nb
347 1565 631 1634 excommunicato
643 1566 779 1634 tolerato
794 1564 979 1635 coniectum
990 1565 1043 1650 sit,
1056 1564 1224 1632 nibilomi-

86 1701 102 1738 «
126 1695 189 1742 nus
200 1672 235 1740 in
251 1670 322 1740 foro
336 1682 472 1740 externo
483 1672 647 1740 infirmari
659 1673 789 1763 poterit,
806 1671 835 1738 si
850 1692 1017 1762 opponens
1028 1693 1221 1739 exeommu-

87 1807 103 1844 «
126 1780 322 1848 mentionem
337 1777 533 1847 sufficienter
549 1779 685 1869 probare
704 1779 814 1870 possit.
840 1805 856 1842 u
882 1777 1063 1869 (Piri-hug,
1085 1778 1155 1847 loeo
1175 1778 1224 1846 oi-

83 1893 166 1972 tato;
189 1894 220 1954 et
242 1887 287 1954 ita
302 1886 523 1954 communiter
538 1885 696 1971 doctores,
714 1892 751 1954 ut
769 1885 881 1954 videre
895 1893 943 1952 est
958 1884 1045 1977 apud
1060 1885 1221 1975 Layman,

85 1993 191 2061 Theol.
211 2015 311 2074 mor„
325 1999 418 2060 tract.
440 1997 470 2079 5,
487 2014 520 2083 p.
533 1995 565 2077 2,
582 2015 617 2060 n.
638 1993 704 2082 15.)

131 2105 160 2167 5.
189 2099 303 2181 Quoad
321 2099 511 2190 requisitam
532 2106 661 2166 natatem
683 2107 719 2167 ut
739 2099 813 2190 quis
836 2099 980 2166 notarius
995 2121 1053 2167 seu
1068 2100 1224 2168 cancella-

82 2216 152 2284 rius
181 2216 283 2284 oreari
311 2215 423 2308 possit,
451 2214 534 2282 nibil
558 2214 684 2306 reperio
713 2213 925 2305 dispositum,
954 2215 1017 2282 nisi
1044 2215 1132 2306 quod
1159 2237 1224 2284 non

82 2323 205 2414 possint
219 2321 259 2390 ad
275 2321 309 2390 id
323 2321 422 2391 officii
438 2321 561 2390 assumi
577 2321 763 2412 impuberes
787 2320 868 2411 (lege
894 2325 926 2409 3,
954 2321 975 2413 ξ
992 2327 1023 2410 5,
1042 2322 1078 2392 ff.
1097 2322 1136 2392 de
1152 2325 1222 2390 Tes-

83 2430 194 2521 tibus).

132 2538 197 2605 «In
214 2559 357 2624 summa,
372 2537 552 2628 omnesqui
569 2559 589 2604 a
614 2537 801 2604 testimonio
825 2536 1039 2628 repelluntur,
1059 2537 1224 2630 repeliun-

86 2680 104 2718 ι(
127 2662 182 2722 tur
196 2675 352 2746 quoquae
364 2654 537 2723 notariatu.
556 2679 573 2718 u
591 2653 797 2744 (Laurenius,
811 2655 934 2721 Forum
945 2653 1034 2736 eccl„
1055 2655 1089 2722 in
1103 2655 1151 2725 tit.
1168 2660 1222 2744 22,

81 2759 158 2828 libri
174 2763 193 2828 2
208 2760 349 2849 Deerat,
367 2784 400 2853 q.
420 2761 508 2851 689).

606 3041 710 3135 arx.

81 3217 196 3270 Tenetur
207 3217 288 3284 judex
300 3215 490 3269 ecclesiasticus
502 3217 632 3269 notarium
640 3231 687 3268 aen
698 3217 886 3269 cancellarium
893 3217 1017 3269 adhibere
1025 3222 1077 3270 tant
1088 3219 1222 3285 injudicio

438 3306 578 3370 ordinario,
591 3321 668 3372 quam
679 3307 707 3357 in
718 3306 867 3358 summario.

127 3507 288 3576 Probatur
302 3528 343 3575 ex
359 3504 511 3574 decretali
537 3505 703 3589 Quoniam
718 3505 788 3597 (11,
804 3504 889 3574 tituli
907 3509 961 3592 ta,
978 3505 1053 3574 libri
1069 3509 1088 3574 2
1103 3508 1221 3578 Decre-

81 3613 223 3704 talium),
249 3613 290 3680 ab
313 3611 501 3680 Innocentio
526 3611 570 3678 111
598 3610 662 3678 lata
692 3611 726 3678 in
756 3610 892 3679 concilio
921 3613 1066 3702 generali
1089 3613 1221 3682 Latera-

81 3721 176 3788 uensi
190 3720 249 3806 fv,
266 3742 352 3789 anno
376 3722 460 3786 1215
488 3745 494 3786 ε
514 3719 702 3786 statuimus
725 3729 850 3785 uttam
867 3717 1083 3788 inordinaria
1094 3719 1223 3810 judicio

80 3851 184 3918 quam
196 3826 471 3906 entraordinario,
485 3824 596 3917 judex
610 3845 736 3914 semper
760 3823 927 3906 adhibeat,
944 3838 1004 3893 uut
1011 3826 1227 3918 publicumsa'

77 3947 186 4027 potest
206 3934 325 4003 babere
336 3955 522 4025 personum,
549 3943 612 3998 aut
634 3930 715 3999 duos
737 3932 824 3999 viros
850 3931 989 4015 idoneos,
1009 3933 1066 4024 qui
1084 3933 1226 4025 fideliter

80 4043 234 4110 atuioersa
242 4041 367 4134 judicii
379 4053 455 4108 octa
470 4039 662 4107 conscribat.

126 4149 286 4231 Quamvis
309 4151 344 4217 in
369 4171 407 4217 eo
432 4147 559 4215 decreto
574 4146 713 4233 dicatur,
740 4168 833 4237 posse
860 4147 1010 4216 adhiberi
1027 4148 1109 4217 duos
1137 4151 1224 4218 viros

81 4257 230 4346 idoneos,
247 4258 274 4325 si
290 4255 373 4326 desit
382 4277 524 4347 persona
532 4253 681 4345 publica,
699 4262 846 4322 remanet
861 4277 991 4346 semper
1009 4257 1152 4327 notarios
1166 4259 1225 4328 ad-
