3032 4976
570 475 644 522 rsas
667 477 769 524 rmus.
1172 459 1234 526 277

86 597 296 670 domicilium
309 597 453 668 exandi.
472 596 524 666 Ad
548 597 706 666 rationcm
728 603 836 666 autam
851 598 892 668 ab
907 597 1054 691 ejusdcm
1070 599 1238 671 sententia

92 707 241 798 pauonis
265 703 423 792 additum,
440 714 473 774 ct
494 726 596 796 supra
617 703 763 791 rolatum,
780 705 953 798 respondet
969 733 977 773 ε
993 704 1160 775 sufficiens
1185 731 1239 776 rc·

89 835 226 882 maucrc
239 811 415 882 discrimen
439 811 643 882 domicilium
665 811 750 880 intcr
765 819 797 879 at
818 811 1148 903 quasi-domicilium
1164 837 1239 884 oum

89 919 176 990 illud
190 921 286 990 faciat
300 919 405 990 ciram
420 918 585 990 inordina
599 916 641 986 ad
660 940 762 987 onara
776 929 808 986 at
830 941 968 990 munera
982 920 1123 1012 publica,
1140 945 1238 1014 quem

90 1027 245 1096 affectum
259 1047 326 1095 non
340 1033 493 1118 operatur
507 1025 838 1118 quasi-domicilium.

138 1134 181 1202 V.
203 1133 372 1218 Quomodo
393 1132 636 1202 constituuntur
661 1144 692 1200 ct
712 1133 780 1223 sori
803 1135 1055 1225 compotantium
1079 1136 1237 1208 detumi-

92 1253 171 1309 neut
185 1264 223 1309 ca
238 1239 405 1310 domicilia
420 1239 627 1332 qumfictitio
640 1239 838 1308 vocavimus.
852 1240 979 1310 -Sub
995 1241 1123 1312 initium
1139 1244 1238 1338 hujus

91 1347 294 1440 paragraphi
309 1347 465 1433 diximus,
482 1369 502 1414 a
517 1347 592 1438 jure
618 1345 715 1414 cortis
737 1347 884 1438 personis
907 1355 1030 1417 certum
1047 1349 1156 1420 locum
1178 1375 1239 1445 pro

90 1453 261 1523 domicilio
276 1453 446 1545 assignari,
464 1453 524 1522 atsi
540 1453 575 1522 in
590 1475 628 1522 ao
644 1451 697 1522 val
716 1452 900 1522 nullatcnus
920 1459 1240 1545 commorentur,ch

91 1583 161 1628 non
176 1583 215 1630 co
233 1559 330 1631 modo
346 1560 403 1653 qui
418 1560 549 1652 propria
564 1559 688 1628 dictum
705 1558 912 1629 habitationis
933 1561 1134 1633 domicilium
1155 1587 1237 1634 con-

90 1670 210 1740 stituit.
223 1669 304 1740 Vult
321 1691 438 1760 nempe
463 1669 529 1752 lox,
548 1675 584 1736 ut
604 1665 713 1758 quoad
731 1667 810 1735 tales
831 1689 984 1760 personas
1006 1670 1166 1762 ejusmodi
1185 1696 1237 1742 as-

90 1777 242 1867 signatus
256 1777 346 1846 locus
359 1775 491 1844 cosdem
506 1773 638 1843 allectus
653 1771 773 1858 trabat,
786 1797 823 1842 ac
837 1775 865 1843 si
880 1775 963 1844 iurat
979 1799 1090 1846 aarum
1106 1781 1236 1872 proprio

90 1885 218 1953 dictum
233 1883 439 1952 habitationis
458 1880 673 1952 domicilium.
691 1883 738 1949 De
757 1880 946 1973 hujusmodi
962 1883 1081 1953 fictitiis
1100 1883 1237 1956 domici·-

90 1991 146 2059 liis
163 1990 260 2059 relata
274 1989 315 2058 ad
330 1988 578 2081 competentiam
591 1989 667 2076 lori,
683 2010 770 2056 nunc
783 1995 831 2056 est
841 1987 983 2058 breviter
996 1989 1232 2062 disserendum.

140 2101 172 2164 1ο
187 2096 233 2166 Da
248 2095 411 2164 domicilio
427 2094 539 2164 fictitio
553 2097 668 2163 uxoris
679 2103 711 2164 ct
723 2094 846 2164 viduae.
856 2133 901 2148 -·
914 2122 931 2162 u
943 2097 1036 2166 Uxor
1101 2097 1236 2170 domici-

93 2233 111 2270 a
136 2204 222 2273 lium
233 2212 265 2272 et
277 2204 385 2273 lorum
400 2203 508 2271 mariti
524 2202 670 2288 sortitur,
683 2201 880 2294 ubicumque
896 2203 967 2295 ipsu
981 2203 1119 2285 babitat;
1137 2206 1235 2300 idque

94 2339 112 2376 c
135 2311 234 2380 stiam
247 2307 821 2400 defunctomaritorctinatquamdiu
833 2308 868 2376 in
880 2309 1036 2380 viduitate
1048 2335 1236 2404 permanso-

93 2444 110 2482 α
136 2419 180 2486 rit
196 2417 276 2508 (lega
299 2417 403 2504 finali,
420 2438 449 2486 c.
467 2415 507 2484 de
523 2415 657 2500 Incolis,·
671 2453 715 2468 -·
730 2415 801 2506 laga
822 2415 923 2503 finali,
941 2415 976 2485 ff.
995 2418 1048 2487 Ad
1060 2421 1234 2513 municip,

92 2553 110 2591 s
134 2565 181 2578 —
196 2525 267 2616 legs
282 2525 389 2612 unica,
405 2547 434 2592 c.
450 2523 490 2592 de
504 2522 661 2614 Mollem).
678 2519 893 2614 Proceditqua
909 2522 970 2592 hoc
983 2526 1091 2616 quoad
1106 2528 1231 2616 omnia;

91 2659 109 2698 ι(
134 2633 181 2701 ita
194 2642 231 2702 ut
247 2635 304 2701 liat
318 2654 394 2700 vcra
410 2629 490 2702 civis
511 2629 581 2722 ejus
599 2629 690 2698 urbis
707 2629 802 2721 cujus
814 2637 863 2698 est
876 2629 938 2699 vir.
960 2656 977 2696 »
996 2632 1044 2700 lta
1068 2632 1233 2704 Scbmslz·

88 2741 234 2831 gruebor
253 2739 299 2830 (iu
313 2738 362 2807 tit.
382 2742 415 2826 l,
430 2736 508 2806 libri
525 2741 543 2804 2
562 2737 702 2823 Daorsi,
719 2759 752 2805 n.
772 2737 837 2827 tl).
852 2736 904 2806 Ex
917 2760 982 2828 qna
994 2738 1078 2829 juris
1093 2739 1233 2811 Romani

87 2847 301 2938 dispositione
319 2847 442 2938 (utpote
464 2867 539 2938 qum
562 2845 597 2914 in
620 2843 694 2935 jura
716 2845 813 2913 etiam
835 2845 989 2916 canonico
1013 2847 1120 2916 valera
1142 2851 1233 2920 aesti-

87 2954 213 3024 manda
224 2953 446 3047 sit),scquitur
458 2975 596 3022 uxorem
612 2952 663 3022 vcl
678 2952 824 3039 viduam,
835 2952 895 3020 etsi
906 2953 985 3020 alibi
1001 2965 1231 3045 commoretur,

88 3084 260 3130 remanare
272 3069 379 3129 tarum
393 3059 571 3152 subjectum
584 3058 804 3152 jurisdictioni
819 3059 981 3150 Episcopi,
993 3061 1027 3128 in
1043 3063 1135 3153 cujus
1151 3063 1232 3135 dirc-

87 3169 157 3238 cesi
179 3177 268 3238 extat
293 3168 402 3236 mariti
427 3166 644 3236 domicilium.
673 3167 742 3235 Hoc
769 3174 876 3234 tamen
903 3189 968 3234 non
995 3167 1130 3261 impedit
1153 3174 1235 3264 quin

88 3276 217 3362 odem,
227 3275 256 3343 si
270 3275 348 3344 alibi
362 3282 582 3344 commoratur
595 3295 670 3342 cum
685 3272 850 3364 proposito
861 3271 896 3340 in
908 3281 1101 3366 perpetuum
1114 3279 1166 3347 vol
1177 3303 1235 3371 par

89 3382 269 3452 notabilem
292 3385 368 3450 anni
392 3389 515 3473 partam
541 3379 742 3465 remanendi,
760 3378 806 3446 ibi
832 3379 928 3446 ctiam
957 3380 1158 3452 domicilium
1184 3389 1234 3455 val

89 3487 407 3582 quasi-domicilium
423 3487 569 3577 acquirat
584 3513 591 3554 :
606 3485 678 3568 Quo
689 3508 766 3553 casu
778 3485 818 3552 iis
830 3486 977 3576 personis
990 3491 1235 3561 annumeranda

89 3595 155 3663 erit
169 3617 245 3687 qum
261 3593 383 3685 duplex
405 3593 524 3662 habant
549 3592 768 3678 domicilium,
787 3601 819 3660 et
842 3592 967 3661 ratione
987 3594 1156 3688 utriusqus
1173 3599 1237 3668 du-

90 3701 170 3793 plici
186 3700 360 3771 Ordinatio
376 3700 532 3787 subsunt;
551 3701 595 3768 ita
610 3708 646 3767 ut
662 3700 748 3768 intur
759 3699 842 3768 duos
857 3698 930 3767 illos
944 3699 1134 3771 Ordinarios
1148 3705 1237 3776 locus

90 3810 133 3876 sit
161 3807 387 3898 praeveutioni.
417 3808 468 3877 Ex
498 3830 564 3898 quo
594 3806 756 3899 sequitur,
775 3805 867 3874 vorbi
895 3808 1011 3896 gratia,
1036 3808 1168 3878 viduam
1196 3815 1236 3884 ad

90 3915 210 3982 alteras
241 3914 371 4006 nuptias
400 3914 639 4002 convolantam,
664 3935 757 4005 posse
783 3913 988 3982 matrimonio
1016 3915 1174 4008 conjungi
1197 3922 1238 3990 ab

92 4020 268 4090 Ordiuurio
294 4020 450 4089 domicilii
476 4019 583 4088 mariti
609 4018 766 4108 defuncti,
791 4021 941 4112 quamvis
963 4022 997 4089 in
1022 4021 1085 4090 alia
1108 4023 1238 4096 dioeccsi

94 4127 298 4197 domicilium
312 4128 383 4218 ipsu
396 4127 459 4196 sibi
475 4127 694 4219 acquisiverit.

142 4240 175 4308 2⁰
192 4235 239 4305 De
254 4233 420 4306 domicilio
440 4233 515 4303 ficto
536 4233 776 4325 religiosorum.
795 4273 838 4290 -
855 4233 911 4305 Est
926 4237 1111 4307 communis
1131 4238 1242 4316 docto-
