3046 4962
688 859 902 956 SEGTIO
938 863 971 957 I.
1007 871 1008 876 '

313 1109 357 1166 DE
379 1105 579 1164 suutctonuu
606 1103 933 1162 accursusrtcouutt
952 1105 1089 1162 aarum
1109 1107 1150 1163 ET
1168 1108 1236 1173 QUO
1262 1109 1345 1165 JURE

710 1213 945 1270 REGULENTUR.

670 1453 980 1466 —

303 1717 364 1785 Hic
379 1715 554 1786 dicendum
576 1716 742 1784 venit21⁰
766 1714 807 1782 de
828 1713 942 1804 judicii
964 1713 1101 1782 forensis
1123 1722 1241 1784 natura
1261 1723 1293 1782 et
1314 1723 1400 1784 recta

260 1823 466 1902 definitione;
494 1827 526 1890 2·
552 1831 663 1891 utrum
686 1821 886 1913 judiciorum
903 1821 1064 1889 institutio
1083 1822 1150 1910 juri
1175 1821 1328 1909 naturali,
1356 1845 1399 1891 an

259 1953 337 2000 vero
349 1931 417 2022 juri
439 1931 577 2021 positivo
598 1927 811 1998 adscribenda
824 1928 880 2012 sit;
903 1931 934 1994 3·
949 1927 989 1996 de
1005 1928 1103 1996 variis
1115 1928 1311 2019 jndiciorum
1326 1951 1399 2020 spe-

259 2037 384 2118 ciebus;
401 2043 433 2106 4⁰
449 2061 491 2106 an
506 2045 538 2106 et
550 2059 616 2128 quo
631 2058 729 2103 sensu
744 2059 763 2102 a
776 2033 978 2104 Justiniaaeo
992 2035 1088 2102 etiam
1102 2035 1176 2125 jure
1191 2037 1400 2106 ecclesiastica
1519 2101 1520 2134 Ξ

257 2145 378 2235 judicia
394 2167 540 2214 normam
557 2144 760 2236 aliquatenus
773 2141 942 2232 accipiant.

730 2441 874 2514 CAPUT
897 2444 922 2512 1.

391 2643 429 2687 DE
452 2641 558 2688 sumen
580 2637 721 2686 FORENSIS
741 2637 863 2684 aarum
886 2637 923 2683 ΕΤ
943 2637 1036 2685 RECTA
1062 2637 1263 2684 nurtutrtoua.

307 2839 335 2903 t.
360 2831 561 2904 Generaliori
582 2851 678 2898 sensu
691 2827 860 2919 judicium
887 2836 1021 2897 vocatur
1042 2825 1196 2919 quaelibet
1223 2829 1338 2896 mentis
1360 2829 1400 2896 de

259 2943 367 3034 aliqua
386 2964 420 3010 rc
439 2937 683 3032 pronuntiatio:
704 2934 791 3004 unde
811 2933 971 3027 quidquid
992 2957 1013 3003 a
1032 2933 1176 3026 quolibet
1199 2934 1239 3002 de
1261 2957 1296 3002 re
1315 2959 1400 3026 qua-

259 3071 398 3139 cumque
417 3045 600 3114 affirmatur
616 3041 667 3110 vel
682 3051 830 3132 negatur,
849 3039 1010 3132 judicium
1032 3049 1091 3108 est.
1113 3041 1151 3108 In
1172 3041 1306 3109 materia
1324 3064 1401 3109 vero

259 3154 393 3240 forensi,
417 3173 482 3220 non
505 3149 612 3219 omnis
632 3147 671 3214 de
693 3146 836 3238 qualibet
862 3169 897 3214 re
921 3147 1140 3237 pronuntiatio
1165 3145 1326 3238 judicium
1350 3147 1401 3216 di·
1518 3187 1519 3190 =

259 3262 355 3346 citur,
380 3259 435 3328 sed
462 3257 571 3348 aliqua
599 3263 742 3341 tantum3
770 3254 814 3320 ita
838 3261 873 3322 nt
896 3251 1056 3344 judicium
1079 3253 1221 3343 generali
1247 3254 1401 3346 praedicto
1518 3285 1519 3288 ¹

261 3391 358 3437 sensu
378 3373 544 3456 sumptum
566 3371 597 3430 et
612 3357 771 3453 judicium
790 3361 917 3428 forense
941 3359 992 3452 (de
1010 3383 1076 3452 quo
1094 3360 1162 3428 solo
1183 3361 1217 3427 in
1236 3359 1297 3430 hoc
1313 3369 1402 3430 trae-

261 3481 327 3540 tatu
351 3469 513 3560 agendum
534 3467 593 3557 est)
612 3489 680 3534 sese
697 3465 836 3534 habeant
857 3463 897 3532 ad
919 3465 1057 3535 invicem
1075 3473 1227 3557 tanquam
1248 3489 1352 3556 genus
1371 3477 1401 3536 et
1518 3543 1519 3548 ἵ

259 3578 392 3671 species.
419 3575 520 3666 Cujus
542 3581 648 3642 autem
680 3581 805 3640 natnrae
831 3571 891 3658 sit,
920 3581 951 3639 et
975 3569 1140 3664 quomodo
1164 3581 1249 3640 recte
1272 3573 1401 3642 definiri

259 3693 357 3778 queat
383 3683 438 3751 illa
457 3679 654 3772 judiciorum
679 3677 812 3770 species,
839 3701 914 3770 qum
936 3679 971 3746 in
994 3678 1126 3746 materia
1148 3678 1269 3747 forensi
1290 3681 1402 3749 stricto

260 3815 356 3861 sensu
371 3787 504 3882 judicio
528 3787 590 3855 dici
605 3786 726 3873 solent,
742 3807 849 3877 operae
875 3786 1014 3877 pretium
1030 3783 1133 3853 estad
1156 3787 1402 3877 praecavendam

260 3921 389 3969 omnem
412 3896 445 3963 in
465 3901 630 3986 posterum
650 3891 894 3982 ambiguitatem
910 3892 1118 3983 perscrutari,
1135 3900 1167 3959 et
1187 3893 1313 3962 caeteris
1332 3893 1403 3962 dis-

260 4003 489 4100 quisitionibus
504 4001 718 4093 praemittere.

306 4119 337 4181 2.
357 4109 409 4180 nd
427 4107 596 4176 essentiam
619 4103 733 4196 judicii
762 4105 900 4173 forensis
922 4103 1114 4196 requiritur,
1136 4113 1172 4173 ut
1192 4107 1232 4172 sit
1249 4127 1402 4196 pronun-

261 4222 357 4295 tiatio
382 4218 423 4288 dc
437 4239 473 4284 eo
489 4211 577 4309 quod
599 4211 701 4283 alicui
729 4235 769 4281 esc
786 4213 868 4306 jure
897 4213 1040 4282 debetur.
1073 4213 1286 4306 Quocumque
1312 4215 1400 4283 enirn
