3032 4976
676 507 850 554 rotmarus
873 507 911 554 DE
933 509 1064 556 runicus·

762 848 932 901 tumemus
947 849 980 898 ll.

304 986 438 1046 Quomodo
455 986 572 1052 dignosci
586 993 663 1054 queat
676 1003 708 1041 an
722 991 779 1055 quis
795 992 957 1044 territorielis
967 992 1047 1058 juder
1062 993 1087 1042 in
1103 993 1187 1056 utque
1200 1007 1276 1044 censs
1293 995 1426 1058 competens

852 1073 894 1126 sit.

348 1238 485 1321 Quando
501 1239 665 1312 ordinaria
682 1243 724 1332 (1)
741 1243 936 1335 jurisdictio,
953 1267 1018 1314 non
1038 1253 1163 1314 tantum
1183 1245 1224 1314 ad
1245 1251 1348 1312 certes
1369 1265 1431 1334 per·

305 1368 401 1416 sonas
414 1356 446 1416 et
462 1359 565 1416 certas
577 1372 749 1418 causarum
765 1352 885 1440 species
901 1353 1121 1440 restringitur,
1138 1351 1194 1418 sed
1208 1352 1342 1442 insuper
1358 1351 1432 1418 intra

304 1456 381 1523 certi
409 1456 564 1524 territorii
583 1456 665 1526 fines
684 1467 877 1544 coarctatur,
893 1458 935 1526 ed
959 1458 1237 1528 determinandam
1259 1467 1433 1548 competen-

305 1563 383 1630 tiam
412 1573 611 1631 concurrunt
640 1585 740 1654 supra
778 1573 966 1634 memoratae
1002 1564 1255 1633 circumstantie
1283 1564 1358 1632 loci.
1386 1563 1434 1630 Est
1489 1645 1490 1648 Ἴ

305 1692 422 1761 nempe
447 1670 595 1739 habenda
616 1672 711 1756 ratio,
735 1681 804 1740 tum
831 1673 991 1741 domicilii
1014 1693 1228 1764 personarum
1253 1672 1339 1740 inter
1363 1692 1434 1761 quas

305 1798 401 1842 causa
415 1777 565 1862 vertitur,
579 1784 649 1845 tum
664 1777 728 1845 loci
750 1778 863 1869 inquo
879 1778 931 1847 vel
951 1780 1014 1846 sita
1032 1787 1079 1846 est
1097 1799 1149 1846 res
1170 1777 1210 1845 de
1230 1799 1297 1868 que
1311 1786 1437 1845 conten-

306 1881 407 1966 ditur,
425 1882 477 1950 vel
498 1891 646 1973 pernotus
661 1893 844 1952 contractus
864 1885 937 1970 fuit,
955 1885 1008 1952 vel
1032 1893 1194 1976 petreium
1216 1882 1379 1951 delictum.
1395 1883 1436 1948 lle

307 1988 492 2078 hujusmodi
506 1991 755 2059 circumstantiis
776 1991 849 2078 loci,
867 1993 908 2060 ed
928 1992 1181 2081 dignoscendam
1199 1990 1435 2081 competentiam
1490 1955 1491 2036 l

306 2095 441 2162 omnino
463 2097 677 2183 attendendis,
693 2098 728 2164 in
750 2099 960 2190 sequentibus
985 2098 1198 2189 paragraphis
1218 2096 1434 2165 disserendum

308 2202 410 2270 venit.

1491 2309 1492 2342 l

837 2349 911 2440 pr.

457 2519 493 2570 De
510 2519 683 2584 competentis
694 2519 813 2586 judicum
834 2520 1029 2572 territoriclium
1044 2519 1143 2571 radone
1158 2519 1294 2571 domicilii.

351 2719 394 2786 Ut
407 2717 615 2806 dignoscatur
631 2740 673 2786 an
688 2725 721 2786 et
735 2717 874 2807 qualiter
887 2716 991 2808 judex
1005 2717 1124 2809 aliquis
1141 2716 1344 2785 territorialis
1357 2738 1436 2784 com-

307 2834 418 2916 petens
433 2826 466 2892 in
479 2825 588 2917 aliqua
602 2847 697 2893 causa
711 2825 753 2891 sit
769 2825 891 2892 ratione
907 2823 1075 2909 domicilii,
1089 2823 1257 2893 sciendum
1269 2832 1317 2892 est
1331 2821 1436 2913 impri-

307 2928 368 2994 mis
382 2927 461 3018 quid
482 2929 612 2996 nomine
635 2925 791 2996 domicilii
814 2927 848 2994 in
866 2928 940 3020 jure
964 2928 1213 3018 intelligendum
1228 2929 1336 2996 veniat
1354 2955 1361 2995 :
1376 2937 1436 2995 tum

306 3057 459 3124 qumnam
473 3034 517 3102 sit
534 3035 698 3104 variarum
715 3035 895 3125 specierum
910 3035 1068 3103 domicilii
1086 3036 1146 3121 vis,
1163 3035 1207 3103 ad
1228 3034 1436 3104 determinan-

307 3142 386 3209 dum
400 3151 633 3233 competentem
647 3141 767 3211 lorum.

350 3249 376 3316 l.
397 3249 486 3332 Quid
498 3248 628 3318 dicatur
640 3247 845 3317 domicilium
865 3249 965 3317 relate
984 3247 1031 3316 ad
1045 3249 1298 3340 competentiam
1310 3249 1385 3339 sori.
1400 3282 1437 3297 -

308 3355 418 3424 Varim
435 3355 674 3445 distinguendae
689 3364 766 3424 sunt
780 3355 936 3424 domicilii
950 3355 1083 3446 species,
1099 3355 1185 3424 etde
1205 3355 1345 3444 singulis
1358 3375 1437 3444 prce-

309 3461 466 3531 mitteuda
490 3463 592 3550 notio,
610 3474 646 3531 nt
667 3471 776 3552 postea
791 3484 943 3553 qumnam
966 3461 1044 3529 insit
1061 3462 1236 3553 unicuique
1252 3459 1438 3553 proprioris

309 3569 349 3636 ud
366 3569 649 3638 determinandum
665 3577 898 3658 competentem
913 3568 1022 3637 forum
1037 3568 1164 3636 facilius
1179 3568 1387 3658 intelligatur.

358 3681 386 3743 1⁰
402 3677 433 3746 A
448 3690 526 3744 vooe
541 3675 657 3744 domos
678 3674 886 3767 repetendam
907 3697 976 3742 esse
1001 3675 1142 3742 nominis
1167 3673 1265 3765 hujus
1290 3674 1439 3764 originem

311 3785 387 3851 satis
413 3791 509 3874 patet.
527 3781 611 3852 Cum
632 3803 748 3873 nempe
773 3781 895 3871 singuli
915 3781 1063 3850 homines
1086 3781 1120 3849 in
1145 3779 1242 3850 domo
1264 3780 1373 3872 aliqua
1391 3779 1440 3847 de-

341 3983 372 4044 (t)
390 3981 461 4031 idom
477 3983 557 4033 currit
577 3979 660 4046 quoad
678 3979 886 4045 jurisdictionem
905 3977 1174 4043 delegatam‚qusndo
1193 3981 1219 4029 ct
1232 3979 1289 4044 ipsa
1304 3973 1440 4029 territorisli

310 4063 550 4128 circumscriptione
569 4061 741 4112 concluditur.
759 4059 832 4110 Unde
846 4073 904 4123 qum
925 4061 953 4110 in
971 4059 1022 4109 hoc
1041 4059 1149 4109 articulo
1169 4058 1281 4110 dicimus
1294 4059 1326 4108 de
1340 4059 1439 4108 circum-

310 4143 410 4194 stantiis
420 4144 472 4194 loci
483 4143 589 4194 relative
602 4141 635 4192 ad
648 4141 848 4205 competentiam
860 4139 956 4204 judicis
970 4138 1108 4200 Ordincrii,
1121 4139 1289 4204 intelligendu
1305 4139 1379 4190 etiam
1389 4138 1440 4186 sunt

311 4225 343 4274 do
361 4223 541 4288 jurisdictione
560 4223 681 4287 delegata
701 4220 888 4272 territoricliter
910 4219 1115 4287 circumscripta,
1127 4224 1204 4286 prout
1223 4233 1303 4286 super
1319 4219 1371 4286 jum
1392 4229 1439 4268 mo

311 4317 422 4358 nurmue.
