3030 4980
554 530 629 577 raus
652 527 798 578 emanue.
1184 513 1245 578 353

98 649 326 743 dispositiones
340 673 415 744 quae
427 649 578 722 Vicarios
592 651 759 741 generales
773 650 962 742 respiciunt,
979 648 1036 718 sed
1050 671 1097 718 eae
1113 673 1188 742 quae
1204 653 1245 720 ad

98 756 266 847 delegatos
289 757 488 828 referuntur.
513 759 552 826 ln
572 757 633 826 hac
655 766 766 828 autem
781 757 964 828 conditione
979 765 1163 826 versaretur
1182 758 1248 828 vi-

97 865 222 952 carius,
239 888 336 957 quem
359 865 423 934 sibi
441 865 620 956 Episcopus
641 865 850 934 substitueret
869 863 1057 957 proaliquo
1078 864 1249 934 dumtaxat

98 971 249 1042 ditecesis
262 995 331 1040 suar
348 973 510 1058 districtu,
523 971 649 1039 etiamsi
666 972 836 1041 universas
851 993 964 1040 causas
975 971 1009 1039 iu
1022 971 1083 1039 hoc
1097 970 1247 1040 districtu

98 1079 164 1170 ipsi
179 1079 392 1150 committeret
411 1106 418 1146 :
436 1087 532 1170 atque
547 1079 623 1148 item
640 1079 706 1166 ille,
722 1081 775 1148 eui
796 1079 989 1170 Episcopus,
1005 1077 1248 1168 generalitatem

98 1208 273 1256 causarum
290 1186 352 1254 sibi
381 1207 562 1273 reservans,
581 1185 706 1278 aliquas
725 1186 899 1255 dumtaxat
913 1207 1082 1278 expressas
1097 1186 1247 1254 commit·

96 1301 194 1381 teret,
211 1294 310 1364 etiam
333 1293 367 1362 iu
388 1301 456 1362 tote
476 1293 618 1362 dioecesi.
638 1290 727 1360 Talis
758 1293 845 1362 enim
865 1292 1016 1362 Vicarius
1038 1293 1129 1362 nullo
1155 1293 1247 1362 suffi-

96 1401 222 1470 cienter
236 1423 315 1470 vero
330 1423 427 1470 seusu
442 1400 604 1492 pancratis
617 1399 681 1468 dici
695 1409 813 1491 posset.

144 1505 251 1589 Quam
275 1507 455 1576 doctrinam
475 1527 536 1597 pro
560 1513 648 1574 certa
670 1506 807 1574 omuino
835 1505 1022 1592 tenendam,
1044 1505 1091 1572 sic
1113 1507 1247 1596 exponit

98 1614 257 1704 baymam
282 1615 328 1705 (in
351 1636 420 1705 cap.
449 1617 599 1681 Romana
622 1617 654 1699 l,
680 1613 719 1682 dc
744 1615 861 1705 Officio
894 1612 1025 1694 Vicarii,
1051 1613 1087 1679 iu
1114 1612 1245 1703 sexto):

102 1747 120 1786 a
144 1721 336 1813 Requiritur
350 1719 597 1810 adgeneralem
612 1719 820 1808 vicariatum,
840 1728 877 1788 ut
898 1727 968 1789 tum
989 1717 1182 1808 generalitas
1199 1720 1248 1788 lo-

103 1853 120 1892 a
144 1849 271 1916 corum,
287 1849 344 1897 seu
359 1828 460 1896 totius
474 1826 634 1914 diaecesis,
653 1835 723 1894 tum
747 1849 826 1895 vero
852 1824 1048 1916 generalitas
1071 1847 1246 1894 causarum

102 1961 119 2000 a
143 1935 206 2026 ipsi
222 1935 393 2003 commissa
414 1935 467 2002 sit.
491 1932 553 2001 Sin
568 1956 647 2003 vero
670 1933 824 2004 Vicarius
845 1942 903 2001 aut
923 1930 1076 2002 Officialis
1095 1933 1247 2025 Episcopi

101 2069 118 2107 a
143 2041 249 2110 solum
272 2042 467 2111 constitutus
490 2041 531 2108 sit
553 2063 613 2132 pro
634 2041 894 2128 civitatensibus,
911 2061 978 2110 nou
998 2048 1101 2131 potest
1123 2042 1247 2110 censeri

101 2175 118 2214 a
142 2148 323 2238 generalis3
341 2148 396 2216 sed
418 2146 604 2239 jurisdictio
628 2148 700 2239 ejus
716 2148 900 2216 censebitur
915 2146 1045 2215 diversa
1063 2170 1083 2215 a
1093 2147 1248 2239 jurisdic-

101 2283 118 2320 α
142 2255 229 2324 tione
245 2255 430 2347 episcopali,
447 2278 514 2324 nou
528 2254 686 2323 absimilis
698 2254 921 2346 jurisdictioni
931 2255 1140 2325 Vicariorum
1151 2279 1246 2324 rura-

100 2385 116 2424 a
140 2359 245 2428 lium:
264 2367 301 2428 ut
322 2358 460 2450 proinde
485 2382 545 2427 nec
560 2359 628 2451 ipse
650 2359 744 2428 Sedis
767 2359 964 2452 Apostolicm
985 2358 1152 2449 delegatus
1176 2384 1245 2430 esse

100 2467 252 2557 «possit.
277 2467 443 2556 Arguitur
466 2489 509 2534 ex
534 2465 740 2536 Clementiae
770 2471 789 2534 2
815 2467 855 2535 de
880 2466 1076 2556 Rescriptis;
1099 2477 1130 2534 et
1153 2469 1246 2538 docet

99 2573 295 2642 «Sbrozius
322 2573 362 2663 (l.
392 2575 429 2659 2,
459 2572 498 2640 da
528 2573 655 2640 Vicario
678 2573 806 2664 Epire,
833 2596 867 2664 q.
896 2574 965 2662 29),
991 2581 1022 2640 et
1043 2573 1176 2642 Garoias
1194 2575 1245 2665 (de

99 2705 117 2744 a
140 2679 320 2769 Beneficiis,
339 2688 430 2770 parte
448 2683 479 2765 5,
497 2701 566 2769 cap.
586 2682 618 2766 8,
635 2702 668 2748 u.
694 2680 762 2770 36).
781 2705 798 2745 r>

140 2786 325 2855 Prorosruo
341 2785 411 2855 VP.
426 2823 471 2838 -
485 2786 670 2854 Vicariatui
681 2787 829 2877 pancrati
842 2785 1017 2854 mentiatis
1028 2808 1094 2854 non
1108 2800 1154 2855 est
1166 2790 1244 2856 orri-

93 2893 265 2962 versalitas
274 2891 519 2984 jurisdictionis
529 2893 638 2961 stricte
650 2904 796 2984 sumpta,
811 2893 867 2962 aad
881 2891 1061 2962 dumtacat
1073 2896 1244 2966 moraliter

93 3014 241 3092 sumpta.
260 3039 304 3054 -
319 3001 448 3093 Duplex
464 3022 581 3092 nempe
602 2999 837 3090 distinguenda
859 3007 907 3069 eet
927 3001 1165 3093 jurisdictionis
1183 3027 1243 3094 ge-

93 3109 248 3176 ueralitas
261 3130 319 3176 seu
332 3106 580 3175 universalitas:
599 3107 709 3175 stricte
725 3117 870 3198 sumpta,
885 3129 959 3197 quae
980 3107 1105 3176 nullam
1120 3110 1243 3200 patitur

93 3216 335 3306 exceptionem3
362 3227 393 3281 et
426 3211 592 3282 moraliter
617 3221 748 3304 sumpta
782 3235 857 3305 quae
888 3215 1095 3304 exceptiones
1128 3226 1160 3284 et
1188 3241 1242 3286 re-

93 3323 292 3392 servatioues
316 3321 471 3389 admittit.
495 3321 641 3389 Dicimus
671 3332 779 3388 autem
803 3341 898 3411 posse
928 3319 1071 3412 aliquem
1094 3343 1162 3392 esee
1182 3347 1241 3392 ve-

93 3453 169 3498 rum
182 3431 216 3497 iu
232 3451 330 3497 seusu
342 3427 429 3520 juris
438 3427 608 3497 Vicarium
622 3427 820 3517 generalem,
832 3449 907 3495 curn
922 3429 1100 3517 posteriore
1110 3437 1238 3499 tautum

90 3535 326 3628 jurisdictionis
345 3535 601 3603 universalitate.
626 3535 667 3602 Et
690 3538 722 3602 1⁰
743 3533 876 3625 quidem
898 3533 1017 3604 sufficit
1035 3535 1239 3626 jurisdictio-

92 3666 168 3712 nem
191 3665 259 3710 esse
287 3642 453 3711 moraliter
474 3640 691 3710 universalem
718 3640 826 3733 quoad
847 3661 961 3708 causas
986 3667 994 3708 :
1018 3642 1173 3733 probatur
1196 3667 1238 3714 ex

90 3750 245 3819 decretali
257 3751 344 3818 Cum
359 3749 394 3815 in
409 3749 542 3840 penerel
548 3748 554 3759 '
567 3751 614 3838 (3,
631 3748 717 3816 tituli
734 3751 788 3834 13,
803 3746 878 3815 libri
896 3750 927 3834 1,
944 3749 978 3814 iu
993 3749 1111 3838 sexto),
1123 3750 1158 3816 iu
1172 3775 1238 3843 qua

90 3858 281 3927 bonifacius
295 3856 372 3926 Vlll
387 3857 432 3924 sic
446 3856 588 3924 decernit
610 3882 618 3922 ι
641 3854 811 3946 Officialis,
829 3868 892 3923 aut
913 3853 1060 3922 Vicarius
1077 3860 1238 3946 generales

90 3965 259 4056 Episcopi,
275 3963 426 4054 beneficio
441 3965 586 4053 conferre
601 3983 663 4030 non
672 3973 826 4052 possunt,
842 3960 907 4029 nisi
926 3961 1155 4053 beneficiorum
1168 3968 1238 4036 col—

90 4073 175 4141 latio
191 4071 268 4162 ipsis
283 4070 465 4162 specialiter
480 4069 522 4137 sit
543 4068 727 4137 commissa.
755 4068 794 4135 Et
812 4069 847 4135 in
870 4066 1065 4158 precedenti
1088 4070 1239 4144 decretali

90 4179 181 4246 idem
197 4177 348 4246 Pontifex
361 4175 525 4262 Officialis,
543 4197 601 4242 seu
618 4175 715 4266 (quod
734 4175 820 4242 idem
836 4183 884 4242 est
898 4183 934 4242 ut
948 4173 1034 4242 infra
1048 4179 1240 4267 probabitur

89 4286 220 4358 Vicerii
240 4285 403 4373 generalis
426 4281 643 4352 universalem
661 4281 921 4374 jurisdictionem
946 4283 1018 4350 eliis
1040 4289 1239 4378 exceptioni-

257 4409 277 4456 ι.
1041 4395 1080 4456 23
