3030 4980
539 501 613 548 anns
636 499 781 548 sncuunn.
1163 489 1224 552 333

86 621 194 712 quoad
217 621 495 690 confraternitates
514 621 685 708 laicorum,
711 621 895 714 hospitalia,
919 623 1066 715 collegia,
1097 627 1226 720 aliaque

86 728 158 796 loca
170 729 224 820 pia
235 751 300 798 nou
312 737 463 820 exempta
472 727 512 796 de
524 729 644 820 quibus
660 728 901 817 Tridentinum,
914 731 1017 822 capite
1031 735 1062 819 8,
1073 736 1227 806 sessionis

88 839 141 904 22.
167 836 324 918 Quamvis
343 837 429 905 enim
450 836 637 904 Tridentini
655 836 767 904 Patres
790 835 950 926 ejusmodi
972 838 1226 936 visitationisjus

86 943 232 1011 tribuant
243 944 413 1035 Episcopo,
429 943 525 1012 etiam
539 956 702 1034 tanquam
712 941 806 1011 Sedis
818 943 1009 1034 Apostolicar
1020 945 1178 1038 dclcqoto,
1191 953 1225 1022 id

87 1057 198 1118 tamen
211 1058 286 1119 ante
298 1051 525 1120 Tridentinum
536 1049 610 1139 jure
624 1049 791 1118 ordinario
805 1057 954 1140 poterant
966 1053 1126 1145 Episcopi.
1144 1058 1226 1140 Qum

85 1165 195 1224 autem
214 1157 376 1248 pertinent
393 1155 433 1226 ad
454 1157 716 1248 jurisdictionem
734 1157 933 1226 ordinariam
954 1159 1120 1255 Episcopi,
1148 1188 1227 1256 per-

85 1263 191 1332 tinent
207 1263 303 1333 etiam
323 1264 364 1332 ad
382 1263 643 1354 jurisdictionem
663 1263 864 1333 ordinariam
883 1265 987 1356 ipsius
1006 1267 1141 1359 vicarii,
1164 1296 1224 1342 ex-

86 1371 189 1461 ceptis
208 1372 260 1459 iis,
281 1394 342 1462 pro
362 1372 482 1463 quibus
505 1379 628 1440 constat
644 1371 767 1462 requiri
790 1370 899 1462 ajuro
918 1373 1057 1464 speciale
1076 1376 1228 1472 Episcopi

85 1477 289 1547 mandatnm.
321 1477 456 1570 Requiri
485 1487 592 1548 autem
615 1477 751 1571 speciale
774 1479 964 1548 mandatum
993 1482 1099 1573 quoad
1124 1485 1226 1557 dicto-

84 1606 163 1652 rum
177 1584 324 1656 lccorum
337 1607 404 1654 non
421 1594 648 1676 exemplorum
666 1585 900 1673 visitationem,
923 1587 1015 1656 nullo
1035 1597 1127 1659 textu
1141 1593 1227 1683 juris

85 1699 222 1762 constat.

135 1803 169 1866 2⁰
188 1825 205 1865 r
225 1799 319 1881 Quod
338 1801 365 1868 si
388 1807 494 1870 umen
518 1800 602 1869 dicta
624 1800 694 1870 loca
713 1799 927 1892 exemptionis
954 1803 1125 1894 privilegio
1155 1807 1229 1878 fne-

91 1932 109 1972 c
132 1907 200 1974 rint
223 1908 360 1994 munita,
385 1930 423 1976 es
437 1908 507 1976 sine
524 1907 657 1999 speciali
679 1907 830 1999 Episcopi
851 1908 1076 1979 commissione
1098 1914 1229 1986 visitare

91 2041 110 2079 u
134 2037 199 2082 non
211 2015 327 2105 poterit
338 2015 536 2106 (Fagnanus,
550 2015 585 2082 in
605 2037 676 2108 cap.
693 2015 871 2098 Quoniam,
889 2014 928 2082 dc
950 2017 1063 2108 Officio
1075 2018 1228 2112 delcpoti,

91 2149 109 2188 c
134 2146 168 2190 n.
185 2125 237 2212 30)
253 2123 415 2215 siquidem
433 2123 598 2192 decretum
620 2123 851 2193 Tridentinum
868 2123 949 2214 (loco
963 2125 1087 2217 citato),
1103 2132 1231 2199 tametsi

91 2228 296 2321 «loquatur,
322 2237 388 2299 tam
417 2230 458 2299 de
476 2229 644 2298 beneficiis
664 2239 695 2299 et
721 2231 800 2300 locis
827 2232 998 2322 exemptis,
1030 2255 1131 2324 qnam
1163 2261 1229 2306 non

90 2365 109 2402 ι(
133 2339 292 2428 exemptis
306 2339 355 2430 (nt
368 2345 455 2429 patet
469 2361 508 2406 ex
525 2337 592 2406 illis
605 2337 728 2425 verbis,
744 2338 845 2406 etiam
858 2340 1039 2431 exempto),
1051 2342 1230 2436 tribuitque

91 2473 108 2512 u
133 2454 305 2537 propterea
318 2445 484 2537 Episcopis
496 2445 551 2536 jus
565 2445 720 2514 visitandi
732 2446 829 2514 etiam
851 2454 1006 2538 tanquam
1026 2448 1120 2517 Sedis
1139 2451 1230 2543 Apo-

90 2581 110 2620 u
133 2554 256 2623 stolicae
272 2552 451 2643 delegatis;
469 2551 577 2643 quoad
593 2552 663 2621 loca
677 2561 786 2621 umen
806 2552 870 2620 illis
883 2553 958 2644 jure
973 2553 1138 2624 ordinario
1152 2560 1230 2627 sub-

91 2687 109 2726 «
131 2661 226 2751 jecta,
245 2659 349 2729 noluit
372 2659 444 2728 illos
459 2665 582 2728 arctare
604 2659 644 2727 ad
663 2659 906 2751 procedendum
926 2660 1119 2732 authoritate
1142 2665 1231 2736 dele·
1356 2667 1357 2670 ’

90 2793 110 2833 a
133 2778 220 2857 gata,
242 2767 298 2835 sed
319 2775 445 2836 tantum
466 2766 573 2859 quoad
592 2774 754 2857 exempta,
777 2775 887 2858 utpute
911 2766 946 2835 in
967 2791 1041 2858 quae
1071 2771 1230 2868 Episcopo

91 2899 109 2938 ι(
133 2874 213 2942 alias
243 2875 299 2964 jus
320 2874 474 2944 visitandi
501 2897 568 2942 non
607 2874 818 2964 competebat.
852 2872 946 2942 Unde
977 2875 1047 2963 jam
1080 2878 1231 2951 Vicarius

92 3007 110 3046 c
135 2990 281 3073 respectu
294 2981 427 3050 illorum
441 2989 681 3072 exemplorum,
697 3002 764 3048 non
779 2981 895 3070 poterit
911 2981 958 3049 nti
973 2983 1123 3054 facultate
1137 2989 1231 3060 istius

92 3114 111 3153 u
135 3087 267 3174 decreti,
283 3087 346 3156 nisi
359 3088 390 3156 ei
412 3088 592 3179 specialiter
611 3087 652 3155 ab
674 3086 833 3178 Episcopo
855 3086 1033 3177 delegetur.
1054 3117 1071 3156 s
1097 3095 1231 3185 (Laure-

87 3196 178 3282 nius,
195 3194 234 3264 dc
255 3195 389 3264 Vicarz'rs
401 3195 527 3286 Episc,
545 3217 616 3285 cap.
636 3198 668 3282 3,
685 3217 718 3284 q.
736 3194 826 3284 167.)

138 3307 171 3369 3⁰
201 3303 247 3370 De
278 3301 419 3370 ecclesiis
448 3302 570 3370 nullius
601 3299 759 3387 dioecesis,
792 3299 878 3368 idem
910 3301 1083 3374 dicendum
1118 3332 1153 3378 ac
1189 3313 1230 3382 de

90 3410 279 3479 memoratis
295 3409 374 3478 locis
390 3409 560 3500 exemptis.
584 3408 668 3477 Cum
689 3429 803 3498 nempe
822 3407 1001 3500 Episcopus
1023 3414 1152 3485 visitare
1174 3443 1232 3488 ne-

89 3525 189 3609 queat
204 3516 267 3586 nisi
281 3539 323 3584 ex
337 3515 430 3584 Sedis
445 3515 640 3606 Apostolicae
658 3514 872 3604 delegatione,
892 3518 1040 3608 sequitur
1061 3523 1189 3594 easdem
1211 3553 1231 3598 a

87 3625 224 3696 Vicario
243 3625 387 3715 generali
407 3646 475 3694 non
498 3645 592 3714 posse
613 3623 752 3710 visitari,
777 3621 839 3690 uisi
863 3645 905 3691 ex
928 3627 1061 3716 speciali
1079 3629 1231 3726 Episcopi

89 3733 330 3802 commissione.

140 3865 158 3904 s
185 3838 278 3908 Unde
301 3840 370 3931 jam
398 3839 496 3908 etiam
517 3839 638 3909 factum
665 3849 725 3926 est,
748 3846 784 3906 ut
807 3837 866 3929 (uti
886 3845 1020 3908 testatur
1042 3841 1229 3942 Fagnanus)

94 3973 112 4013 a
136 3946 235 4015 Sacra
256 3946 472 4036 Congregatio
493 3945 630 4016 Concilii
655 3943 841 4032 declaravit,
863 3945 1059 4037 Episcopum
1081 3953 1232 4026 ecclesias

95 4083 113 4121 s
136 4065 313 4146 exemptas,
332 4063 388 4124 aut
403 4054 526 4123 nullius
540 4051 700 4137 dioecesis,
711 4052 843 4121 visitare
858 4052 1032 4142 volentem,
1049 4060 1232 4149 exprimere

96 4163 267 4251 «debere,
292 4185 326 4230 se
347 4162 381 4231 id
410 4162 514 4230 lacere
545 4161 592 4230 uti
620 4159 714 4229 Sedis
742 4159 938 4252 Apostolicae
968 4161 1179 4256 delegatum5
1202 4182 1234 4239 ct

97 4297 114 4336 r
137 4292 231 4362 posse
246 4269 426 4338 etiamillos
447 4269 577 4338 visitare
599 4290 658 4359 per
675 4268 842 4337 Vicariuiu
867 4291 977 4357 suum,
999 4269 1056 4338 scd
1072 4295 1154 4363 opus
1167 4299 1236 4352 esse

255 4397 276 4444 1.
1041 4383 1079 4446 28
