3030 4980
276 516 337 582 388
649 533 824 584 micriros
846 535 885 584 na
908 533 1041 590 runicus.

273 658 450 750 Episcopus
469 655 638 730 Vicarium
658 659 841 746 generalem
857 658 1069 743 constituere;
1089 659 1122 726 t·
1136 655 1315 749 quotuplex
1333 677 1405 724 con-

272 765 362 834 stitui
387 765 487 856 possit
507 763 657 834 Vicarius
677 765 855 854 generalis,
876 769 908 832 5ο
927 787 993 857 qua
1011 764 1117 833 forma
1137 763 1324 832 constitutio
1341 761 1407 830 hac

270 871 342 942 fieri
356 871 481 942 debeat.

813 1069 888 1160 gr.

270 1240 331 1300 Quis
345 1240 429 1291 valent
441 1237 557 1290 vicarius
571 1237 699 1304 generalis
712 1237 844 1302 constitui,
857 1251 905 1291 seu
918 1238 952 1292 do
966 1237 1096 1306 requisitis
1111 1238 1145 1290 ad
1157 1238 1284 1304 ejusmodi
1295 1239 1410 1290 officium

751 1326 926 1393 qualitatibus.

314 1511 458 1592 Qousrro
475 1512 521 1577 1⁸.
537 1547 579 1561 -
595 1509 645 1577 Aa
661 1520 692 1576 ct
711 1495 880 1599 quatenus,
890 1506 1079 1600 requiratur
1092 1521 1131 1577 ut
1145 1509 1188 1577 sit
1201 1508 1357 1578 clericare?
1370 1547 1411 1562 -

268 1618 400 1686 Certum
421 1623 469 1685 est
489 1637 557 1684 non
577 1637 671 1706 posse
686 1615 808 1682 assumi
832 1613 867 1680 in
880 1614 1050 1684 Vicarium
1066 1615 1251 1704 generalem
1268 1616 1333 1684 nisi
1346 1617 1412 1685 cle-

267 1725 382 1794 ricum.
401 1723 438 1790 ld
459 1729 584 1791 constat
597 1743 639 1790 ex
655 1743 693 1788 eo
709 1719 796 1811 quod
812 1720 883 1788 laici
899 1721 1112 1788 ecelesiastica
1125 1723 1258 1811 negotia
1278 1731 1411 1791 tractare

268 1831 515 1922 prohibeantur,
530 1838 630 1920 prout
641 1829 796 1896 statuitur
808 1828 911 1918 capite
926 1829 1135 1898 Decernimus
1152 1832 1197 1921 (2,
1213 1829 1253 1897 de
1266 1829 1410 1918 Ιηᾰὲοίίε)

267 1935 403 2028 aliisquo
415 1935 565 2027 pluribus
576 1935 662 2025 juris
675 1933 830 2002 textibus.

312 2043 406 2111 Unde
422 2040 509 2134 quod
523 2041 636 2109 saltem
649 2049 836 2110 tousuratus
849 2063 917 2109 esse
938 2041 1054 2110 debeat
1073 2041 1225 2111 Vicarius
1239 2043 1412 2132 generalis,

266 2158 314 2219 est
333 2149 501 2217 unanimis
524 2147 695 2216 doctorum
721 2147 892 2216 sententia.
925 2149 1073 2216 «Potest
1096 2149 1313 2218 nibilominus
1335 2171 1415 2242 pure

272 2282 289 2323 a
312 2255 413 2324 laicus
427 2253 467 2322 de
482 2254 613 2322 licentia
626 2262 658 2322 et
672 2255 877 2323 concessione
889 2255 988 2346 Papae
1003 2278 1072 2323 essa
1086 2255 1239 2324 Vicarius
1254 2258 1416 2345 generalis

271 2388 289 2430 a
314 2362 465 2453 Episcopi
487 2361 522 2428 in
537 2361 771 2451 spiritualibus.
788 2361 898 2430 Potest
912 2362 1000 2429 enim
1021 2362 1109 2454 Papa
1124 2362 1205 2431 laico
1219 2361 1417 2432 demandare

271 2495 289 2537 u
312 2469 628 2538 oausasclericorum
640 2468 737 2536 etiam
749 2469 945 2537 criminales.
963 2495 980 2534 >r
1003 2469 1208 2560 (Laurenius,
1222 2469 1262 2538 de
1282 2471 1418 2539 Vicariis

268 2578 393 2669 Epiro„
412 2599 482 2666 cap.
503 2579 534 2662 1,
551 2598 584 2665 q.
602 2575 668 2665 37.)
689 2578 722 2642 2ο
736 2575 810 2644 Non
822 2584 930 2643 umen
947 2577 1125 2667 requiritur
1139 2586 1177 2644 ut
1188 2578 1216 2643 si
1232 2578 1266 2643 in
1282 2578 1419 2669 majori-

268 2686 331 2753 bus
352 2683 576 2752 minoribusve
598 2681 769 2750 ordinibus
792 2683 997 2751 constitutus.
1025 2683 1082 2750 Est
1106 2685 1230 2774 pariter
1252 2685 1419 2752 unanimis

271 2793 439 2859 doctorum
456 2788 614 2857 sententia
623 2814 632 2876 ;
649 2789 774 2879 quasin
790 2811 828 2856 eo
850 2788 1021 2876 fundatur,
1046 2789 1133 2880 quod
1149 2789 1240 2858 nulla
1262 2800 1349 2858 extet
1364 2792 1420 2858 lex

271 2897 495 2984 ecclesiastica,
520 2894 560 2963 ad
580 2893 634 2986 jus
657 2917 831 2963 commune
853 2896 1029 2985 pertinens,
1046 2919 1121 2986 quae
1143 2895 1177 2964 id
1197 2899 1420 2966 necessarium

271 3004 399 3090 iecerit,
418 3000 550 3070 aliunde
564 3022 642 3070 vero
659 3001 798 3092 simplex
816 3010 1002 3070 tonsuratus
1016 3003 1057 3069 sit
1070 3025 1170 3094 capax
1182 3003 1422 3093 jurisdictionis

272 3108 461 3203 spiritualis.
481 3112 513 3174 3⁰
528 3109 566 3175 In
582 3109 692 3196 regnis
705 3115 813 3174 amen
830 3108 1078 3200 Hispaniarum,
1092 3107 1244 3178 Vicarius
1260 3111 1423 3200 generalis

274 3216 369 3285 debet
383 3237 452 3284 esse
474 3212 666 3282 sacerdotali
682 3212 795 3282 ordine
811 3215 989 3305 insignitus
998 3241 1007 3302 ;
1023 3238 1066 3283 ex
1081 3216 1309 3286 constitutione
1325 3223 1423 3287 Decet

275 3327 462 3392 Romanum
483 3319 659 3388 Clementis
680 3320 770 3407 Vlll,
796 3343 871 3411 quae
897 3320 1073 3390 hodiedum
1095 3321 1202 3413 quoad
1226 3323 1287 3392 hoc
1310 3325 1423 3413 vigere

277 3427 437 3498 censenda
458 3435 517 3494 est.
540 3430 573 3493 4⁰
593 3425 708 3507 Quoad
730 3426 904 3495 hodiernos
924 3427 1214 3496 GalliaeEcclesias
1234 3429 1324 3497 nulla
1341 3429 1425 3498 mihi

279 3535 419 3607 occurrit
439 3535 522 3602 ratio
537 3532 707 3600 dubitandi
723 3535 803 3625 quin
819 3535 928 3624 vigeat
939 3534 994 3625 jus
1009 3557 1192 3622 commune,
1210 3536 1242 3603 id
1263 3545 1322 3623 est,
1341 3539 1425 3628 quin

279 3645 380 3736 possit
395 3643 429 3710 in
444 3641 614 3712 Vicarium
627 3641 811 3729 generalem
826 3643 950 3708 assumi
962 3641 1103 3734 simplex
1119 3651 1317 3712 tonsuratus.
1332 3643 1427 3712 Nihil

281 3754 369 3820 enim
393 3751 428 3817 iu
447 3746 648 3818 Concordato
669 3747 747 3814 anni
767 3751 850 3814 1802
868 3749 1028 3839 reperitur
1045 3750 1085 3818 de
1100 3750 1240 3820 Vicariis
1262 3753 1430 3840 generali·

282 3860 344 3926 bus
370 3864 538 3924 statutum.
568 3853 678 3922 Solius
701 3862 808 3922 autem
833 3857 997 3923 saecularis
1018 3859 1183 3948 potestatis
1205 3857 1431 3928 ordinationes

281 3987 339 4034 seu
366 3963 503 4047 decreta,
531 3961 598 4029 vim
628 3983 693 4028 non
723 3959 842 4029 babent
875 3963 1070 4031 immutandi
1093 3965 1178 4054 juris
1203 3965 1428 4035 ecclesiastici.

284 4079 317 4141 5ο
341 4071 425 4139 Cum
444 4068 579 4154 clericis,
608 4067 787 4158 majoribus
808 4068 978 4139 ordinibus
1005 4070 1153 4140 nondum
1180 4071 1327 4158 initiatis,
1354 4073 1433 4141 illi-

281 4181 382 4249 citum
396 4176 516 4244 nonsit
532 4197 667 4243 uxorem
685 4174 815 4261 ducere,
831 4185 900 4242 orta
914 4187 961 4244 est
976 4179 1060 4245 inber
1075 4179 1257 4247 canonistas
1271 4183 1430 4270 quaestio,

283 4297 394 4358 utrum
411 4282 545 4350 clericus
567 4283 620 4349 hic
640 4290 672 4350 et
689 4304 777 4350 nunc
798 4284 1008 4353 matrimonio
1032 4286 1173 4373 vinctus,
1196 4287 1297 4376 possit
1313 4288 1349 4354 in
1366 4289 1432 4360 Vi-
