3032 4976
281 411 344 475 258
656 431 833 477 rancrnrns
856 431 894 476 nr.
916 427 1048 475 rnnrcns.

281 558 389 618 eutem
423 557 471 617 est
502 549 634 641 judicis,
661 549 827 619 Ordinarii
860 553 1055 642 presertim,
1085 557 1234 641 potestas.
1262 589 1308 603 -
1336 551 1407 618 Item
1487 572 1491 639 ζ

281 655 388 724 differt
408 655 519 748 quoad
539 657 706 726 sententia
727 658 793 725 nim
821 671 851 726 et
878 658 1074 750 efficacicm;
1100 679 1176 726 nam
1195 680 1236 726 ex
1259 657 1410 726 sententia
1488 692 1492 753 j

276 763 396 853 judicis
420 764 527 832 oritur
552 765 647 851 actio,
672 773 703 832 et
725 765 872 856 exceptio
899 766 946 833 rei
969 765 1122 858 judicatae
1146 793 1154 832 :
1178 772 1294 834 neuma
1320 765 1410 832 datur
1492 841 1493 846 ἵ

280 891 321 938 ex
349 870 611 961 pronuntiatione
634 871 761 960 arbitri,
783 870 839 940 sed
860 894 966 964 prenae
987 879 1113 940 tantam
1134 870 1259 962 petitio.
1276 909 1320 922 -
1337 871 1411 938 Item
1489 853 1493 917 3

277 975 385 1044 differt
405 975 517 1068 quoad
536 977 767 1060 coemtionem,
785 977 945 1070 siquidem
971 977 1075 1069 jadex
1095 978 1287 1047 sententiam
1309 975 1411 1045 valide
1489 966 1494 1028 i

281 1105 349 1150 ase
368 1082 467 1150 latam
488 1082 607 1173 exequi
629 1091 733 1172 potest
753 1105 842 1151 :non
868 1089 978 1152 eutem
995 1091 1099 1174 potest
1118 1081 1252 1169 arbiter,
1267 1082 1345 1174 qnia
1364 1081 1415 1171 jn·
1490 1075 1496 1104 '‘

279 1189 467 1258 riedictione
495 1197 592 1277 caret,
617 1189 674 1258 sed
702 1191 852 1259 executio
883 1189 1098 1259 demandetur
1118 1189 1221 1281 judici
1246 1189 1416 1258 Ordinatio

281 1297 386 1388 ipsius
400 1296 473 1365 Rei.
490 1296 557 1364 Has
572 1305 603 1364 et
617 1297 792 1366 nonnullas
810 1296 889 1366 alias
907 1295 1103 1368 differentias
1117 1297 1192 1366 vide
1206 1320 1248 1366 ex
1260 1296 1335 1387 jure
1354 1295 1417 1364 Ro·

281 1425 379 1471 mano
403 1403 567 1494 probatas,
582 1401 670 1494 apud
697 1401 989 1494 Schmalzgrneber
1001 1404 1050 1494 (in
1072 1404 1202 1474 titulum
1232 1407 1286 1490 42,
1305 1402 1380 1471 libri
1400 1405 1417 1468 2

282 1508 512 1598 Decretatium,
531 1532 565 1577 n.
581 1513 601 1577 2
617 1519 648 1578 et
662 1511 757 1602 seq.).

329 1617 462 1699 Quinto,
484 1615 592 1684 differt
613 1617 712 1685 etiam
737 1617 958 1710 multipliciter
981 1618 1102 1686 arbiter
1125 1617 1211 1709 juris
1235 1617 1277 1684 ab
1301 1616 1421 1685 arbitro

281 1723 575 1816 compromissario.
591 1723 675 1793 Nam
691 1724 806 1793 arbitri
820 1725 905 1816 juris
924 1723 1075 1817 compelli
1094 1735 1231 1817 possunt
1245 1723 1286 1792 ad
1304 1745 1422 1792 munus

282 1831 343 1898 hoc
367 1828 631 1920 suscipiendum
653 1853 720 1899 non
743 1840 853 1900 autem
876 1832 990 1900 arbitri
1010 1831 1294 1925 compromissarii.
1316 1829 1353 1899 Si
1375 1839 1421 1896 ta-

283 1959 359 2004 men
378 1936 497 2004 arbiter
512 1937 818 2028 compromissarios
831 1938 1003 2008 arbitrium
1025 1940 1125 2008 semel
1147 1937 1299 2028 suscepit,
1317 1937 1421 2005 adim-

282 2042 371 2133 plere
395 2040 478 2110 illud
502 2050 643 2130 tenetur,
661 2044 723 2111 nisi
749 2057 922 2114 excusetur
943 2069 983 2114 er
1008 2045 1168 2114 incidente
1195 2043 1422 2134 impedimento

283 2149 406 2240 aliquo.
425 2150 562 2219 -Item
579 2151 694 2219 arbitri
706 2151 790 2241 juris
807 2151 928 2221 habent
947 2152 1208 2242 jurisdictionem
1224 2149 1318 2241 qnasi
1334 2149 1422 2217 ordi-

284 2255 422 2342 nariam,
440 2263 471 2323 et
496 2265 666 2346 propterea
692 2257 794 2326 instar
817 2259 886 2326 veri
911 2257 1034 2348 indicis
1059 2265 1167 2349 partes
1192 2257 1306 2342 citare,
1333 2263 1422 2322 testes

284 2363 484 2448 exarninare,
500 2368 531 2429 et
554 2362 618 2430 alie
641 2362 747 2431 tacere
771 2372 907 2454 possunt
930 2364 971 2432 ad
992 2385 1098 2432 cauam
1121 2361 1342 2431 definitionem
1371 2383 1423 2427 ne
1495 2415 1496 2428 r

285 2469 424 2537 cessarie
440 2495 447 2536 ε
464 2476 576 2536 atvero
595 2468 709 2537 arbitri
733 2469 1011 2560 compromissarii
1031 2492 1097 2538 non
1117 2477 1251 2560 possunt
1266 2477 1373 2560 partas
1385 2465 1423 2532 ed
1495 2501 1496 2504 π

285 2574 552 2668 comparendum,
583 2598 641 2643 neo
679 2584 774 2644 testes
809 2578 849 2644 ad
880 2575 1117 2645 testificandum
1152 2575 1356 2667 compellere.
1384 2611 1424 2624 -

284 2684 378 2771 ltem,
396 2683 587 2750 asententie
599 2682 716 2750 arbitri
729 2683 814 2774 juris
836 2683 992 2775 appellari
1011 2691 1127 2775 potest,
1142 2705 1209 2751 non
1226 2705 1337 2754 veroa
1356 2703 1426 2749 sen·

285 2791 387 2858 tentia
407 2789 521 2857 arbitri
545 2789 831 2880 compromissarii.
853 2788 949 2881 (Vide
971 2789 1274 2881 Schmatzgraeber,
1291 2788 1362 2858 loco
1383 2788 1428 2855 ci-

288 2897 380 2988 tato.)

333 3008 447 3072 Serto.
465 3004 553 3072 Inter
573 3004 735 3073 arbitrum
756 3005 1077 3098 compromissarinm
1103 3005 1232 3097 proprie
1257 3004 1381 3073 dictum
1399 3011 1428 3068 et

289 3112 527 3197 arbitratorem,
545 3133 602 3179 sex
622 3109 813 3180 discrimina
826 3121 995 3182 enumerat
1014 3112 1165 3182 laudatus
1184 3110 1428 3200 Schmelzgrue-

288 3220 345 3287 ber
363 3217 409 3308 (in
425 3217 556 3286 titulum
579 3221 633 3306 42,
651 3219 729 3287 libri
750 3222 763 3285 1
791 3219 1022 3308 Decretalinm,
1042 3243 1075 3288 n.
1097 3219 1143 3308 4),
1159 3241 1233 3310 quae
1248 3217 1324 3286 vide
1346 3216 1427 3308 apud
1496 3197 1497 3278 ?

289 3327 411 3419 ipsum,
435 3324 560 3395 aliosve
585 3326 779 3416 canonistas,
802 3327 838 3394 in
859 3328 1005 3418 ipsoram
1031 3326 1273 3396 commentariis
1297 3326 1332 3394 in
1356 3327 1430 3392 titu-
1496 3319 1497 3322 '

288 3434 359 3502 lum
374 3436 429 3520 42,
443 3431 521 3500 libri
537 3437 552 3500 1
570 3433 801 3503 Decretalinm.

334 3541 496 3632 Septimo.
518 3540 674 3609 «Arbitri
686 3539 774 3629 juris
788 3551 924 3632 possunt
937 3541 1090 3611 constitui
1105 3563 1147 3611 ex
1163 3541 1263 3610 variis
1283 3542 1389 3610 causis
1403 3548 1432 3606 et

295 3675 313 3714 a
336 3647 511 3738 aliquando
536 3647 633 3715 etiam
655 3646 783 3715 debent.
804 3651 906 3717 Casus
929 3650 1048 3741 quibus
1074 3649 1219 3738 exlegis
1246 3649 1432 3740 praescripto

297 3781 315 3821 c
338 3754 490 3822 constitui
517 3753 647 3840 debent,
670 3767 746 3821 sunt
771 3756 913 3824 maxime
939 3764 1109 3848 sequentes
1128 3782 1135 3822 :
1153 3755 1187 3823 in
1210 3777 1309 3822 cansa
1330 3753 1433 3844 suspi-

298 3889 315 3927 α
338 3861 439 3928 cionis
462 3860 593 3949 objecta
615 3858 720 3949 judici
740 3863 854 3951 (capite
881 3867 935 3950 39,
954 3863 1158 3954 Suspiciones
1181 3865 1236 3949 39,
1258 3861 1298 3929 de
1325 3861 1433 3952 Officio

298 3995 315 4034 c
337 3967 438 4057 dclcp.
457 4003 501 4017 -
515 3965 627 4056 Capite
643 3967 684 4034 Si
697 3981 812 4035 contra
827 3972 860 4056 4,
878 3980 910 4038 et
923 3971 1027 4062 capite
1040 3969 1088 4039 Ab
1104 3969 1237 4038 arbitres
1255 3974 1307 4057 11,
1325 3969 1434 4038 eodem

299 4099 316 4138 a
340 4073 445 4158 titulo,
461 4073 495 4139 in
514 4071 543 4162 6)
562 4099 569 4138 :
588 4073 615 4139 si
640 4071 761 4141 diversi
774 4074 899 4164 judices
918 4099 1017 4168 super
1031 4077 1234 4145 revocatione
1255 4075 1435 4144 litterarum

298 4177 585 4270 «apostolicarum
610 4178 793 4249 discordent
809 4183 922 4272 (capite
947 4183 1128 4252 Pastorulis
1156 4186 1210 4270 14,
1228 4182 1268 4252 dc
1292 4185 1434 4276 Rescrip·
