3046 4968
275 472 336 538 122
650 499 826 547 rnecrsrus
849 500 887 544 nn
909 497 1041 544 runicus.

319 617 358 683 ll.
376 618 539 708 Distingui
555 629 690 712 possunt
710 621 744 688 in
759 619 888 711 judices
903 619 1095 709 sinpulurcs,
1115 623 1146 685 et
1157 617 1285 708 judices
1300 615 1417 686 collec-

273 723 365 791 tivos.
382 725 448 793 Alii
465 749 580 819 nempe
599 729 644 794 ite
657 727 844 819 judicialem
857 733 1044 817 potestatem
1059 723 1236 816 possident,
1252 734 1288 793 nt
1311 748 1418 793 unus-

271 831 407 922 quisque
429 833 517 900 solus
535 857 604 902 eam
627 855 777 903 exercere
798 834 902 901 valeat
927 859 934 899 :
957 832 1014 902 alii
1035 853 1113 899 vero
1133 853 1203 898 eam
1223 853 1290 899 nou
1309 833 1419 924 possi-

270 937 346 1008 dent
357 949 517 1033 quatenus
531 943 665 1032 singuli,
682 942 737 1012 sed
750 950 909 1034 quatenus
921 940 1058 1025 collecti,
1072 961 1130 1009 seu
1145 961 1219 1008 cum
1233 940 1305 1008 aliis
1317 941 1421 1009 simul

267 1043 461 1134 judicantes,
485 1056 516 1116 ει
539 1049 571 1115 in
594 1049 654 1118 hoo
679 1049 848 1140 posteriori
870 1069 946 1116 casu
971 1069 1035 1115 non
1060 1047 1285 1138 unusquisque
1311 1048 1417 1132 solus,

270 1152 326 1220 sed
340 1153 448 1246 ipsum
461 1155 633 1244 collegium
646 1165 694 1224 est
710 1178 808 1224 verus
818 1155 933 1246 judex.
951 1154 1058 1223 Priori
1075 1153 1171 1223 modo
1182 1153 1308 1245 judices
1323 1163 1418 1240 suut,

270 1261 361 1328 verbi
370 1262 486 1350 gratia,
500 1261 657 1331 Summus
665 1263 816 1332 Pontifex
829 1261 964 1330 relative
975 1260 1211 1330 aduniversam
1223 1261 1419 1348 Ecclesiam,

140 1457 141 1460 Ἴ
269 1375 301 1432 ει
316 1367 451 1458 quilibet
469 1368 502 1436 in
517 1367 647 1438 dioecesi
661 1392 719 1437 sua
733 1369 912 1461 Episcopus
931 1396 937 1436 :
958 1367 1128 1459 posteriori
1146 1366 1242 1436 modo
1257 1367 1420 1436 Romame

269 1477 537 1566 congregationes
554 1478 792 1562 cardinalium,
808 1477 939 1569 quando
960 1476 1157 1569 judicialiter
1177 1475 1369 1566 procedunt,
1387 1487 1423 1544 et

264 1583 391 1673 judices
405 1607 518 1654 omnes
534 1585 590 1676 qui
607 1587 717 1678 plures
734 1585 928 1676 delegantur
944 1594 980 1654 nt
999 1582 1209 1672 colleginliter
1230 1606 1341 1652 causas
1366 1584 1423 1650 di-

268 1691 401 1759 rimant.

314 1798 425 1866 lll.1n
447 1797 632 1868 ordinarios
652 1807 684 1868 et
698 1799 871 1890 delepatos.
894 1798 1063 1866 Ordinarii
1085 1798 1241 1866 dicuntur
1261 1797 1283 1864 ii
1303 1820 1424 1866 omnes

23 1999 26 2008 Α
69 1947 70 1952 κ
128 1949 129 1956 .
166 1991 167 1994 Ἴ
270 1906 327 1998 qni
342 1905 714 1998 potestatemjudieandi
729 1906 850 1974 habent
864 1929 906 1974 ex
919 1907 994 1998 jure
1009 1905 1138 1974 muneri
1156 1928 1216 1973 suo
1233 1926 1399 1972 annexam
1408 1931 1419 1993 ς

270 2011 419 2102 delegati,
435 2013 493 2104 qui
507 2035 578 2082 eam
595 2013 759 2104 occipiunt
771 2013 812 2082 ab
826 2013 972 2100 homine,
990 2011 1023 2079 id
1039 2021 1099 2097 ast,
1117 2035 1158 2080 ex
1175 2012 1303 2102 speciali
1322 2033 1422 2080 man-

268 2119 343 2188 dato
358 2120 527 2211 principis,
549 2120 601 2188 vel
616 2121 749 2189 alterius
768 2119 939 2206 ordinarii,
957 2119 1129 2210 delegandi
1153 2118 1338 2188 facultatem
1357 2119 1422 2188 ha-

267 2227 385 2294 bentis.
396 2227 583 2296 Notandum
596 2237 704 2296 autem
717 2236 765 2296 est
779 2227 902 2319 eosqui
915 2225 1080 2296 ordinarii
1091 2234 1262 2310 vocantur,
1277 2225 1421 2318 duplicis

267 2355 336 2402 esse
350 2334 496 2424 generis;
512 2342 588 2402 sunt
604 2335 690 2402 enim
705 2334 761 2427 qui
778 2334 823 2402 ita
833 2333 1091 2425 jurisdictionem
1107 2333 1230 2402 habent
1243 2355 1263 2402 a
1275 2335 1350 2426 jure
1366 2335 1422 2403 ol-

268 2441 342 2510 ficio
361 2463 421 2510 suo
441 2463 616 2527 annexum,
641 2450 678 2510 ut
696 2464 767 2510 eam
791 2441 865 2509 aliis
887 2439 1038 2530 delegare
1059 2448 1201 2532 queant3
1224 2438 1331 2533 qualis
1352 2449 1419 2528 est,

267 2548 358 2616 verbi
380 2548 496 2638 gratia,
516 2548 718 2639 Episcopus:
736 2555 767 2614 et
787 2553 864 2616 sunt
883 2547 953 2637 qui,
971 2547 1045 2615 licet
1063 2554 1253 2638 potestatem
1275 2547 1421 2638 judicia-

267 2655 330 2724 lem
350 2655 472 2745 pariter
487 2655 522 2723 vi
536 2653 618 2744 legis
638 2665 669 2724 et
689 2678 728 2722 ex
750 2654 858 2724 officio
875 2653 1028 2738 habeant,
1046 2677 1117 2722 eam
1134 2663 1243 2724 tamen
1264 2654 1420 2745 delegare

267 2771 451 2855 nequeunt;
476 2761 569 2846 verbi
591 2762 708 2851 gratia,
731 2761 884 2830 Vicarins
905 2760 1067 2850 generalis
1089 2760 1254 2852 Episcopi.
1285 2761 1419 2830 Priores

267 2872 376 2939 stricto
399 2892 496 2938 sensu
516 2867 674 2938 ordinarii
692 2877 787 2964 sunt5
808 2868 1002 2961 posteriores
1024 2870 1133 2936 minus
1157 2869 1271 2938 stricto
1295 2892 1416 2956 sensu;

268 2979 344 3071 quia
360 2978 432 3046 ideo
447 2985 575 3046 tantum
595 2975 754 3045 ordinarii
774 2984 946 3063 vocantur,
970 2984 1007 3044 ut
1023 2975 1225 3066 intelligatur
1240 2975 1296 3046 'eos
1310 2975 1421 3068 depu-

268 3084 328 3152 tari
343 3084 464 3174 abipsa
477 3082 549 3172 lege
564 3081 798 3170 ecclesiastica3
817 3080 858 3149 ad
874 3080 1116 3150 distinctionem
1132 3081 1270 3150 aliorum
1287 3083 1343 3176 qui
1357 3084 1421 3152 de-

266 3191 416 3279 legantur
430 3211 488 3280 per
503 3188 640 3280 speciale
658 3187 849 3257 mandatum
865 3210 924 3257 seu
939 3189 980 3255 ab
995 3188 1138 3257 homine.

311 3296 369 3365 [v.
384 3297 423 3364 ln
434 3307 648 3386 competentes
657 3303 689 3364 et
698 3295 960 3387 incompetentes.
976 3295 1171 3388 Competens
1181 3295 1300 3366 dicitur
1310 3295 1418 3389 judex

269 3403 402 3472 relative
425 3401 465 3469 ad
490 3402 634 3493 aliquam
663 3424 793 3470 causam
821 3400 1062 3490 definiendam,
1085 3403 1217 3494 quando
1239 3404 1295 3472 illa
1319 3427 1421 3474 causa

268 3510 371 3605 ipsius
386 3508 606 3600 jurisdictioni
628 3508 782 3601 subjacet,
806 3517 837 3577 et
856 3508 990 3578 aliunde
1007 3532 1073 3577 non
1093 3509 1212 3579 adsunt
1230 3519 1326 3579 certas
1352 3511 1420 3580 cir-

267 3617 484 3703 cumstantie,
501 3615 535 3683 in
556 3615 677 3708 quibus
694 3615 820 3707 judices
838 3639 857 3684 a
875 3615 947 3706 lege
964 3616 1180 3710 prohibentur
1199 3639 1239 3686 ne
1261 3619 1301 3687 de
1319 3641 1420 3688 causa

268 3723 503 3820 (quamtumvis
524 3743 639 3790 eorum
655 3721 876 3813 jurisdictioni
895 3722 1051 3814 subjecta)
1074 3733 1269 3814 cognoscant
1287 3733 1318 3792 et
1339 3747 1419 3818 pro-

269 3834 430 3902 nuntient.
452 3831 676 3922 Incompetens
696 3838 743 3897 est
761 3829 876 3921 judex,
896 3829 1029 3922 quando
1048 3830 1101 3898 vel
1117 3830 1219 3924 ipsius
1232 3831 1419 3922 jurisdictio

266 3940 308 4009 ad
323 3961 455 4008 eausam
469 3959 538 4006 sese
553 3958 619 4005 non
636 3936 794 4023 extendit,
811 3937 864 4004 vel
881 3936 1059 4006 intervenit
1071 3937 1181 4029 alique
1194 3961 1235 4008 ex
1252 3938 1419 4030 praedictis

268 4045 531 4134 circumstantiis,
553 4043 726 4137 inquibus
745 4044 850 4135 alege
871 4051 1002 4113 cautum
1024 4053 1084 4131 est,
1103 4051 1139 4114 nt
1154 4045 1277 4114 nullius
1295 4046 1420 4116 valoris

172 4187 176 4192 ·
270 4156 311 4224 sit
322 4153 443 4246 judicis
458 4152 626 4222 sententia.

313 4263 356 4332 V.
374 4262 411 4330 In
424 4259 549 4352 judiees
559 4259 697 4352 proprie
711 4258 824 4342 dictos,
841 4267 874 4327 et
892 4259 925 4326 in
940 4257 1092 4328 arbitros.
