3032 4976
566 487 641 532 mus
663 487 766 534 erma.
1171 469 1230 536 tet

92 643 139 660 -
162 607 264 676 Verbi
290 605 410 698 mia,
435 605 492 677 ubi
514 605 593 678 olim
615 607 748 678 luerunt
769 605 901 678 termini
924 608 1114 697 ominium,
1138 610 1235 680 etiam

93 712 193 784 bodie
203 736 272 784 esse
283 721 542 808 presumuntur,
557 713 621 784 nisi
633 713 811 806 probmtur
821 714 948 784 mutati.
963 714 1027 798 Qui
1037 717 1116 786 olim
1129 739 1237 810 posse-

92 819 156 906 dit,
171 821 350 892 etiamnum
362 830 461 916 atquo
473 841 516 892 ex
526 820 639 896 eodem
653 821 747 894 titulo
759 821 925 914 possidere
935 823 1160 915 praesumitur,
1173 831 1233 894 etc.

138 928 268 1003 unua
283 933 330 1000 ν.
346 969 390 984 -
409 929 562 1016 Qualitas
573 951 645 1022 qua
657 929 858 1000 naturaliter
868 929 1096 1013 inretimur,
1109 953 1238 1026 semper

93 1034 204 1106 udasoe
212 1037 441 1130 presumitur,
462 1035 560 1107 donec
571 1039 730 1131 probetur
749 1037 965 1110 conuenere.
983 1077 1028 1092 -
1040 1038 1143 1110 Verbi
1156 1061 1236 1130 gm-

94 1144 153 1231 tia,
167 1145 314 1216 naturale
322 1153 354 1214 et
365 1145 568 1216 ordinarium
580 1155 628 1216 est
638 1145 773 1216 cuilibet
784 1145 909 1216 bomini
921 1153 959 1215 ut
970 1147 1014 1216 sit
1024 1147 1075 1216 sui
1087 1170 1234 1241 oompos;

94 1249 183 1318 uude
199 1249 301 1320 donee
316 1250 471 1343 probetur
485 1250 626 1343 aliquem
644 1251 678 1320 in
692 1249 919 1320 alienationem
928 1252 1053 1334 ‚mentis
1070 1251 1235 1342 incidisse,

95 1364 202 1425 mente
225 1379 325 1426 sanus
349 1358 598 1450 presumendus
621 1366 680 1430 est.
706 1357 788 1428 Item
813 1357 937 1427 clericis
960 1359 1106 1428 naturale
1132 1367 1239 1429 estut

94 1466 161 1533 sint
175 1465 244 1557 apti
260 1464 302 1534 etl
318 1464 474 1535 beneficia
492 1463 717 1554 ecelesiastica,
737 1488 797 1559 pro
812 1465 931 1557 quibua
946 1464 1037 1535 nulla
1055 1465 1238 1536 extraordi-

94 1571 189 1641 uaria
212 1571 352 1665 qualitas
375 1573 520 1664 exigitur
541 1600 549 1642 ι
573 1572 650 1642 hine
673 1573 700 1642 si
722 1573 798 1666 quis
820 1571 1016 1642 beneficium
1038 1573 1236 1666 impetravit,

93 1679 307 1770 praesumitur
321 1678 458 1750 idonens
473 1678 575 1749 donee
590 1679 790 1749 eontrarium
805 1679 972 1771 probetur.
989 1679 1036 1748 At
1049 1701 1128 1749 vero
1142 1681 1169 1750 si
1185 1703 1238 1750 re-

93 1785 245 1878 quiratur
257 1786 397 1880 qualitas
408 1785 679 1875 extraordinaria,
694 1785 727 1854 id
743 1794 803 1873 est,
816 1808 913 1880 quam
927 1785 1035 1855 elerici
1048 1787 1239 1857 naturaliter

92 1901 127 1962 at
145 1894 362 1964 eommuuiter
380 1913 446 1964 non
466 1893 598 1980 babent,
618 1893 710 1963 verbi
729 1893 847 1984 gratia,
868 1893 1013 1962 lauream
1036 1893 1071 1961 iu
1089 1894 1165 1986 jure
1182 1917 1238 1964 ea-

93 2000 213 2070 nonieo
227 2001 280 2070 vel
295 2001 329 2069 in
342 2015 435 2071 roera
455 2001 630 2091 theologia,
653 2000 724 2072 hae
744 2023 811 2070 uon
831 2001 1058 2093 presumitur,
1078 1999 1136 2070 sed
1156 2021 1238 2093 pro-

93 2107 202 2178 banda
217 2117 276 2176 est.

140 2216 268 2286 Mons
287 2221 332 2286 be.
351 2251 395 2272 -·
410 2219 512 2286 Furta
527 2215 568 2286 de
581 2215 701 2309 perlue
714 2213 866 2298 auum,
884 2235 925 2286 eu
940 2237 1006 2308 que
1021 2217 1134 2285 areima
1146 2219 1239 2308 saun

93 2325 171 2405 sirit,
189 2324 225 2392 its
237 2323 404 2393 meliorem
412 2336 548 2416 purtem
562 2323 773 2416 interpretari
786 2321 949 2392 debemus.
965 2359 1011 2376 -·
1023 2319 1184 2416 Expressa
1195 2323 1239 2392 itu

93 2429 234 2500 beheim
247 2431 281 2499 in
300 2430 404 2524 eapite
424 2435 458 2518 2,
475 2428 561 2501 tituli
578 2435 633 2518 tl,
650 2429 725 2500 libri
744 2433 761 2497 e
781 2429 1009 2498 Deemtalium.
1028 2427 1113 2499 Hine
1130 2429 1165 2498 iu
1180 2451 1239 2500 ae·

93 2539 182 2608 tibus
196 2561 240 2608 ex
254 2561 289 2610 so
303 2537 576 2627 indifferentibus,
595 2539 652 2631 qni
668 2559 786 2630 nempe
800 2555 859 2632 per
873 2559 908 2606 se
926 2545 959 2606 et
973 2537 1146 2607 iutrineaee
1159 2538 1237 2610 mali

93 2667 161 2716 noa
184 2655 274 2736 suut,
299 2647 373 2716 lieet
395 2645 475 2716 talea
490 2667 559 2716 aare
583 2645 708 2740 possint
725 2645 768 2715 ob
790 2665 930 2738 pravum
947 2643 1061 2732 tinam,
1081 2643 1237 2714 dalietum

93 2774 264 2847 nunquam
281 2755 502 2848 praesumitur,
519 2753 575 2822 sed
591 2749 797 2845 probandum
813 2761 871 2821 est.
888 2751 929 2821 Et
943 2751 990 2821 sie
1005 2749 1039 2820 in
1055 2751 1238 2844 possidente

93 2859 308 2954 presumitur
324 2862 410 2931 bona
429 2861 522 2948 tides,
544 2859 646 2930 donee
664 2859 863 2930 eontrarium
883 2857 1050 2952 probetur.
1072 2857 1236 2929 Iudicium

94 2969 218 3063 pariter
245 2969 460 3062 presumitur
488 2977 572 3040 reete
596 2967 734 3054 luetum3
761 2975 794 3036 et
818 2967 998 3058 generatim
1026 2967 1237 3057 presumitur

94 3075 136 3146 cle
160 3076 278 3169 quous
299 3075 443 3162 offloiali,
467 3073 576 3168 quoad
597 3089 637 3144 ea
659 3096 732 3166 quae
756 3081 901 3165 speetant
923 3071 965 3142 ad
989 3071 1132 3142 offioium
1151 3073 1235 3165 ejus,

94 3187 184 3277 quod
211 3190 298 3254 reete
322 3181 607 3252 administraverit
637 3183 719 3252 ltem
742 3179 921 3272 generatim
951 3181 1236 3272 praeumptionem

93 3313 155 3383 pro
169 3313 204 3359 se
217 3289 337 3359 babent
354 3311 461 3360 eausa
478 3289 543 3358 illae
558 3307 633 3382 quae
649 3287 803 3359 dicuntur
818 3285 1035 3378 favorabiles,⁸
1051 3286 1143 3356 verbi
1161 3309 1237 3378 gra-

92 3397 152 3484 tia,
167 3414 266 3466 eausa
280 3396 539 3484 matrimonialis,
554 3395 590 3464 in
605 3417 670 3488 qua
685 3393 895 3486 presumimr
914 3413 974 3484 pro
992 3391 1103 3464 valore
1122 3391 1237 3462 matri-

93 3504 196 3574 monii
214 3503 317 3574 donee
333 3503 533 3574 eontrarium
549 3502 722 3595 probatum
737 3523 834 3574 eausa
851 3498 988 3587 venditi,
1010 3499 1045 3571 in
1064 3521 1130 3592 qua
1149 3521 1236 3592 pra-

90 3612 313 3704 sumptionem
328 3632 387 3704 pro
400 3619 493 3703 parte
505 3610 673 3702 emptoris,
687 3617 747 3678 ete.

135 3719 267 3788 Rasum
297 3723 343 3788 θ’.
374 3755 420 3770 -
448 3717 592 3802 Quilibet
616 3717 832 3809 praesumitw·
861 3717 960 3786 borma
991 3713 1057 3785 ure?
1078 3714 1238 3807 petetur

90 3827 214 3902 meua
229 3857 276 3880 *-
289 3825 375 3895 Satis
394 3843 451 3919 per
466 3849 501 3895 aa
516 3833 612 3919 patet.
637 3823 819 3895 Nonnullae
836 3831 945 3894 tamen
964 3823 1077 3914 regulo
1092 3822 1163 3894 hmo
1179 3845 1238 3894 ex-

90 3933 255 4026 eeptiones
272 3933 405 4026 patitur.
429 3933 533 4005 Verbi
547 3931 665 4024 gratia,
684 3932 713 4000 ai
727 3932 941 4025 praesumptio
956 3929 1110 4002 bonitatis
1126 3938 1239 4023 vergat
1271 3927 1274 3936 ¹

91 4039 127 4110 iu
147 4037 377 4132 prejudioinm
395 4039 496 4126 tertii,
517 4040 625 4109 locum
646 4061 713 4108 uon
733 4038 830 4107 babet
850 4046 907 4108 :et
928 4036 973 4108 sio
988 4037 1092 4131 judex
1112 4038 1170 4131 qui
1188 4047 1239 4108 est

92 4152 249 4237 cognatus
268 4145 321 4216 vel
334 4145 507 4216 familiaris
521 4146 580 4216 uui
598 4169 640 4216 ex
662 4146 822 4239 partibus,
841 4146 1054 4239 presumitur
1068 4144 1188 4239 injuste
1203 4147 1236 4216 iu

94 4253 237 4324 lotorem
258 4251 357 4345 bujue
373 4253 473 4347 pertis
490 4253 708 4346 judicaturus,
731 4260 831 4348 atque
844 4276 886 4324 ex
903 4251 964 4324 bae
982 4253 1238 4350 prmsumpb'one
