3046 4968
302 431 359 494 tas
671 445 846 499 ruacrarus
869 449 907 496 11
929 447 1061 496 runicus.

301 603 316 636 «
341 572 380 640 de
398 575 433 640 V.
451 575 506 656 S.,·
522 571 579 639 ubi
599 570 640 638 ad
661 570 776 661 judicii
803 572 1017 640 substantiam
1047 572 1259 664 requiruntur
1275 579 1340 640 tres
1363 595 1437 664 per·

300 711 316 747 u
340 704 439 767 sona,
455 679 576 763 ludex,
593 681 692 747 Actor
714 687 745 746 et
768 679 882 748 Reus:
905 701 980 748 casu
1006 689 1115 748 autem
1143 703 1208 772 qno
1228 679 1378 772 princeps
1398 680 1439 748 de

255 843 258 850 .
300 819 316 858 a
340 811 436 859 causa
460 789 545 855 inter
565 809 599 854 se
620 793 652 854 ct
672 785 840 854 subditum
865 810 963 855 suum
989 797 1197 856 controversa
1218 797 1438 877 cognosceret,

299 927 316 964 u
339 904 456 989 praeter
475 895 583 986 ipsum
600 902 631 961 et
648 893 881 982 collitigantcm
900 894 1070 962 subditum
1088 917 1186 962 nemo
1201 894 1438 962 interveniret:

299 1032 316 1070 u
339 1027 428 1094 ergo.
450 1041 496 1054 -
517 999 579 1068 Sed
605 1000 745 1068 tenenda
770 1011 818 1068 est
833 1000 1040 1072 affirmativa
1062 1001 1231 1069 sententia.
1252 1001 1299 1068 lta
1325 1001 1441 1069 Glossa

300 1143 317 1178 u
343 1114 387 1204 (in
401 1134 430 1178 c.
458 1111 541 1179 Cum
557 1108 715 1176 venissent
733 1111 786 1195 12,
801 1107 841 1175 de
855 1107 1016 1198 Iudiciis),
1033 1107 1157 1193 Abbas,
1174 1109 1335 1198 Layman,
1352 1107 1441 1176 Bar—

300 1249 316 1286 u
339 1221 429 1305 bosa,
444 1215 596 1306 Pirhing,
606 1215 770 1302 Viestner,
783 1215 841 1307 qui
851 1223 961 1284 111111
976 1239 1051 1284 cum
1066 1215 1139 1283 aliis
1155 1223 1278 1301 monet,
1293 1215 1348 1282 tali
1362 1237 1442 1283 casu

300 1358 317 1397 u
340 1325 518 1397 consultius
540 1331 571 1391 et
593 1323 660 1414 juri
687 1323 828 1391 naturali
851 1323 1053 1392 conformius
1072 1331 1202 1391 acturos
1223 1322 1384 1413 principes
1409 1331 1442 1390 et

301 1467 318 1504 u
340 1433 464 1504 similes
484 1431 692 1520 magistratus
706 1453 890 1522 supremos,
907 1429 934 1496 si
949 1430 1000 1497 vel
1021 1429 1154 1498 arbitris
1176 1452 1289 1498 causas
1303 1429 1389 1498 inter
1406 1453 1442 1498 sc

300 1573 317 1610 u
340 1553 372 1613 ct
392 1539 539 1610 subditos
554 1545 779 1606 controversas
797 1536 989 1606 decidendas
1015 1538 1232 1624 committant,
1249 1537 1302 1604 vel
1312 1536 1442 1627 judices

301 1681 317 1718 c
341 1647 527 1720 ordinarios
549 1645 601 1712 vel
621 1645 785 1734 delegatos
810 1644 1019 1728 constituant,
1037 1645 1094 1734 qni
1113 1643 1169 1737 jus
1188 1644 1273 1712 inter
1294 1644 1381 1734 ipsos
1408 1653 1442 1711 et

300 1787 316 1826 α
341 1755 486 1826 subditos
500 1775 576 1822 suos
591 1751 713 1838 dicant,
729 1751 825 1842 juxta
840 1752 947 1840 legem
963 1751 1004 1818 Si
1016 1749 1169 1819 adversus
1181 1755 1214 1838 2,
1227 1773 1255 1818 c.
1270 1747 1443 1818 8111111111-

300 1888 393 1935 csus
409 1865 537 1954 fiscum,
559 1868 591 1928 et
612 1859 742 1950 praxim
766 1859 971 1944 modernam,
990 1881 1053 1950 qua
1079 1859 1151 1926 lites
1178 1881 1292 1927 eorum
1314 1858 1443 1926 fiscales
1515 1921 1516 1950 ,

301 1976 582 2063 «cognoscuntur
605 1975 636 2034 et
661 1967 880 2034 terminantur
899 1967 941 2034 ab
964 1965 1016 2051 iis,
1038 1966 1094 2056 qui
1118 1987 1256 2034 camera
1277 1988 1335 2034 seu
1360 1965 1443 2034 fisco

301 2109 317 2148 1
342 2077 497 2171 principis
520 2073 706 2167 praesident.
734 2073 897 2142 Ceterum
921 2072 1088 2163 responsio
1111 2071 1283 2164 multiplici
1306 2072 1443 2163 probari
1515 2085 1516 2164 1

297 2218 317 2256 a
339 2189 536 2277 argumento
547 2188 650 2271 potest
665 2207 672 2248 :
687 2179 798 2270 primo
814 2203 855 2247 ex
867 2179 970 2270 capite
987 2181 1071 2248 Cum
1085 2179 1242 2248 1111111111
1257 2179 1366 2266 citato,
1381 2178 1443 2247 ubi

301 2324 317 2362 s
340 2291 482 2383 cognitio
497 2285 699 2380 quaestionis,
716 2307 814 2377 super
828 2283 922 2352 Sedis
936 2283 1131 2375 apostolicae
1152 2283 1334 2375 privilegiis
1354 2292 1441 2371 orta,

301 2431 318 2470 c
342 2403 521 2488 denegatur
532 2393 697 2486 judicibus
711 2415 843 2461 summa
862 2391 919 2460 illa
940 2390 1023 2459 Sede
1046 2391 1269 2459 inferioribus.
1288 2390 1444 2460 Secundo

300 2538 317 2578 a
340 2533 380 2579 ex
402 2509 473 2596 lege
496 2506 542 2572 Et
563 2503 622 2570 boc
646 2505 683 2568 tt
711 2501 836 2593 (juncta
856 2501 963 2589 glossa
983 2500 1170 2590 marginali)
1183 2499 1219 2567 11.
1244 2499 1284 2568 de
1305 2500 1441 2568 Haercd.

301 2646 317 2684 u
340 2615 458 2694 instit„
484 2611 542 2680 ubi
564 2609 742 2699 imperator
757 2607 908 2675 Tiberius
924 2608 958 2674 in
974 2629 1070 2675 causa
1089 2607 1222 2698 propria
1244 2607 1445 2674 seutentiam

302 2754 319 2792 11
342 2723 466 2792 dixit...
487 2716 591 2786 Tertio
615 2737 655 2782 ex
671 2714 741 2804 lege
763 2737 836 2793 111,
854 2737 882 2782 1.
899 2714 941 2782 Si
961 2715 1033 2804 quis
1057 2715 1173 2805 imper.
1192 2712 1364 2796 maledic,
1383 2714 1447 2784 ubi

301 2861 317 2900 1
342 2828 527 2900 decernitur
541 2831 576 2892 11
595 2823 623 2890 11
648 2822 704 2912 qui
726 2821 839 2889 animo
860 2821 1036 2911 injuriandi
1059 2821 1266 2890 maledixerit
1284 2821 1444 2913 principi,

302 2938 382 3007 uad
407 2937 516 3027 ipsum
543 2929 740 3014 remittatur,
758 2936 795 2995 ut
819 2935 992 3016 cognoscat
1015 2926 1056 2994 de
1074 2926 1195 3016 injuria
1215 2926 1280 2994 sibi
1303 2926 1444 2996 illata...

301 3072 318 3112 a
344 3048 471 3128 Quarto
484 3062 526 3108 ex
547 3037 686 3122 ratione;
704 3056 781 3102 nam
810 3033 870 3101 boc
889 3033 1020 3102 videtur
1035 3033 1165 3122 exigere
1189 3031 1358 3123 plenitudo
1380 3055 1448 3123 po-

301 3181 318 3218 c
341 3149 474 3232 testatis,
491 3146 532 3214 ob
548 3165 648 3234 quam
664 3142 738 3231 cogi
757 3162 821 3208 non
841 3149 946 3230 potest
964 3147 1000 3208 ut
1015 3139 1147 3208 alterius
1164 3138 1288 3229 judicio
1303 3162 1337 3208 se
1357 3141 1448 3208 sub-

301 3286 317 3324 1
339 3256 439 3348 jiciat.
462 3251 583 3336 Quinto
600 3249 752 3339 donique,
767 3247 844 3338 quia
859 3267 935 3314 cum
950 3247 1100 3338 princeps
1114 3246 1276 3339 ejusmodi
1290 3247 1342 3314 vel
1362 3271 1447 3316 ma·
1514 3303 1515 3306 ,

301 3394 318 3430 c
341 3364 508 3452 gistratus,
532 3377 706 3448 supremus
726 3355 768 3420 ait
790 3353 901 3442 legum
924 3352 1084 3439 conditor,
1101 3361 1209 3421 custos
1227 3353 1280 3420 vel
1300 3353 1445 3443 vindex,

300 3503 316 3538 o
341 3469 422 3538 nihil
435 3467 497 3534 uisi
507 3485 640 3554 aequum
651 3461 843 3552 justumque
854 3461 1123 3550 pronuntiaturus
1135 3455 1362 3550 praesumitur.
1374 3462 1448 3532 Nec

300 3607 316 3642 u
341 3577 445 3644 obstat
460 3578 556 3662 caput
571 3571 673 3636 Foras
693 3567 841 3652 citatum,
857 3575 889 3632 et
907 3566 962 3633 alii
978 3573 1087 3633 textus
1102 3565 1158 3657 qui
1179 3565 1213 3632 11
1235 3567 1446 3636 contrarium

300 3677 473 3770 «allegari
500 3683 653 3766 possunt;
678 3673 754 3761 quia
778 3671 939 3739 ternarius
962 3671 1016 3739 1111
1038 3693 1250 3761 personarum
1281 3693 1450 3743 numerus

302 3820 318 3856 c
342 3783 549 3880 praescriptus
568 3786 616 3846 est
638 3777 747 3847 solum
764 3778 838 3867 jure
860 3777 1001 3868 positivo
1024 3778 1182 3866 bumana,
1200 3802 1266 3870 quo
1289 3780 1450 3874 princeps

178 3916 179 3920 ’
301 3925 317 3962 α
340 3909 527 3984 supremus,
542 3891 651 3977 utpote
667 3906 686 3951 a
705 3907 739 3950 sc
755 3883 806 3952 vel
831 3883 1086 3952 antecessoribus
1109 3884 1251 3973 condito,
1270 3909 1335 3955 nou
1357 3889 1451 3978 liga—

302 4033 317 4066 1
341 4013 395 4070 111
412 4027 420 4066 :
438 4003 672 4086 consequenter
695 4013 760 4059 non
782 3990 972 4082 prohibetur
987 4014 1045 4082 per
1059 4015 1093 4060 se
1114 3993 1279 4086 loquendo
1307 3995 1341 4062 in
1367 3997 1450 4067 tali-

300 4139 317 4175 1
341 4110 402 4175 bus
416 4104 520 4173 causis
540 4099 659 4191 judicis
685 4097 784 4166 simul
802 4107 833 4165 et
849 4097 977 4166 Actoris
993 4097 1043 4168 vel
1065 4099 1126 4168 Rei
1146 4123 1319 4191 personam
1336 4109 1451 4174 susti.

302 4243 316 4284 11
343 4233 429 4282 nere.
455 4237 472 4274 11
