3030 4980
292 431 354 496 sto
663 451 839 499 macrinus
860 452 900 500 on
921 451 1056 500 sumans

288 569 371 638 nihil
384 569 472 640 aliud
488 571 591 642 tuisse
602 595 703 666 ιιιιιιιιι
714 571 841 642 nudum
857 572 1087 660 ministerium,
1103 594 1161 645 seu
1179 593 1303 642 meram
1319 573 1362 642 ad
1378 597 1432 642 ar-

289 678 423 747 bitrium
446 679 597 772 Episcopi
618 679 874 771 delegationem
900 703 975 772 qum
1001 681 1096 752 brevi
1121 689 1243 770 umen,
1268 703 1310 750 ex
1332 704 1433 773 geue-

288 785 348 856 rsli
362 785 596 858 consuetudine
617 788 686 864 uim
706 789 789 878 legis
810 789 988 877 obtinente,
1012 789 1048 858 in
1070 787 1215 860 offioium
1237 797 1432 882 perpetuum

288 893 467 978 transierit;
497 894 543 964 ita
567 903 603 964 nt
627 895 697 987 ipsa
724 896 793 966 sola
817 895 858 965 ad
888 895 1187 966 archidiaconatum
1213 897 1431 988 promotione,

286 1000 443 1093 predicta
452 1000 677 1092 jurisdictione
691 1002 926 1076 santonensi
941 1001 1136 1095 potirentur.
1157 1003 1257 1094 (Vide
1271 1003 1433 1076 Thomas-

287 1108 704 1200 sinum,parte1,l.2,o.
725 1114 780 1197 19,
799 1133 833 1179 ιι.
852 1109 921 1202 12.)

331 1214 522 1288 Dicentem
542 1215 859 1288 Archidinoouorum
874 1215 1061 1310 jurisdictio
1080 1216 1163 1288 citra
1182 1217 1351 1288 terendam
1369 1241 1433 1288 ex-

285 1323 586 1400 communicationis
606 1325 799 1396 seutentiam
820 1332 943 1397 ammte
955 1333 1027 1405 est;
1050 1323 1212 1417 siquidem
1236 1324 1434 1397 duodecimo

285 1428 383 1498 etiem
406 1431 524 1500 oaeoulo
549 1431 596 1500 sio
620 1432 779 1502 statuebat
802 1431 989 1502 Alexander
1008 1431 1074 1502 1112
1101 1429 1344 1504 Arolidiooouir
1366 1455 1435 1502 non

286 1538 416 1608 videtur
428 1539 468 1610 de
481 1539 693 1609 cmlceimtico
716 1539 922 1609 institutione
941 1540 1046 1622 licere,
1064 1540 1127 1608 nisi
1148 1539 1329 1610 auctoritas
1347 1541 1434 1631 Epi·

284 1669 457 1739 scoporum
486 1647 662 1736 occesserit,
689 1647 725 1714 in
749 1647 878 1739 aliquos
905 1645 1101 1716 sententiam
1124 1647 1343 1738 promulpere
1364 1649 1435 1739 (oa-

285 1756 350 1845 pite
367 1759 397 1842 5,
415 1755 499 1824 tituli
519 1759 574 1844 23,
590 1753 669 1824 libri
693 1758 706 1822 l
727 1753 968 1845 Decretalium).
986 1755 1024 1822 ln
1047 1777 1114 1846 qua
1137 1753 1289 1826 deoreoti
1309 1754 1433 1824 locutio

284 1859 355 1930 heo
369 1864 564 1932 senteutiam
573 1863 793 1955 promulpare
805 1884 866 1953 pro
880 1861 964 1954 stylo
976 1859 1074 1953 hujus
1090 1860 1257 1953 temporis,
1272 1859 1361 1930 idem
1378 1887 1433 1932 so-

284 1977 339 2036 net
352 1991 390 2037 eo
404 1970 775 2040 excommunicationem
790 1969 1011 2061 pronuntiare
1017 1994 1031 2052 ;
1047 1979 1145 2060 prout
1159 1967 1360 2040 unanimiter
1375 1971 1434 2038 in-

284 2076 437 2166 telligunt
449 2079 629 2147 canonistas
648 2077 736 2171 (vide
751 2078 837 2148 inter
851 2077 932 2146 alios
945 2076 1136 2164 Gouralem,
1147 2076 1183 2146 in
1195 2079 1432 2146 commentario

283 2184 318 2252 in
334 2186 418 2253 hauc
432 2185 652 2278 decretalem),
670 2194 702 2254 et
717 2185 795 2255 satis
810 2192 897 2278 petet
910 2206 953 2256 ex
969 2184 1101 2259 rubrica
1122 2186 1274 2276 prefixa,
1290 2207 1369 2276 qum
1387 2187 1434 2253 sio

282 2290 380 2360 habet
395 2319 403 2361 a
420 2293 675 2363 Archidiooonus
690 2293 730 2362 de
742 2294 827 2385 jure
842 2293 1011 2363 communi
1024 2314 1093 2362 non
1111 2304 1218 2384 potest
1234 2315 1433 2364 excommu-

283 2400 403 2470 nicare.
421 2401 526 2484 Quam
541 2413 650 2470 autem
666 2423 709 2470 ox
722 2401 797 2491 jure
813 2400 981 2474 communi
995 2421 1062 2470 uon
1078 2399 1243 2472 habebunt
1254 2399 1431 2470 Archidia·

281 2507 354 2576 coni
382 2507 689 2582 excommunicandi
713 2515 918 2599 potestatem,
944 2528 1016 2579 cem
1041 2505 1153 2579 multia
1179 2507 1213 2578 in
1229 2507 1310 2578 loeis
1335 2508 1432 2578 titulo

280 2614 524 2683 consuetudinis
543 2614 767 2701 obtinuerunt,
783 2623 820 2682 ut
838 2619 930 2684 notet
947 2622 978 2681 et
994 2613 1109 2705 probat
1132 2614 1229 2682 citato
1250 2614 1323 2683 loco
1338 2614 1433 2686 Gou-

282 2721 376 2790 zeles.
394 2721 573 2792 Visitaudae
594 2730 702 2791 eutem
723 2720 897 2790 dioeceseos
921 2729 1075 2812 potestas,
1102 2721 1233 2793 nonnisi
1256 2723 1431 2794 recentiori

283 2851 355 2897 aevo
368 2829 404 2896 iu
417 2827 615 2898 ordinariam
630 2827 880 2898 archidiaconis
894 2835 1046 2899 cesserat.

324 2936 370 3004 Es
391 2957 469 3025 ergo
498 2935 560 3005 fuit
580 2957 600 3004 a
623 2943 747 3004 remota
777 2934 971 3026 antiquitate
1000 2935 1234 3026 episcopalium
1260 2937 1433 3008 curiarum

279 3043 397 3131 forma,
413 3051 462 3132 ut,
479 3052 600 3134 praeter
613 3043 825 3136 Episcopum,
846 3043 930 3114 aliua
950 3043 1103 3114 existeret
1116 3043 1233 3136 judex,
1251 3045 1433 3118 Archidia-

278 3173 380 3220 conua
394 3171 523 3242 nempe,
547 3151 806 3243 jurisdictionem
827 3149 973 3237 habeus,
989 3173 1056 3226 oon
1078 3149 1273 3242 delegatam,
1291 3151 1349 3222 sed
1371 3177 1434 3224 or-

278 3256 452 3344 dinariam,
471 3256 504 3325 id
520 3265 615 3344 esta
635 3257 706 3346 lege
726 3267 815 3327 etex
834 3257 928 3329 titulo
943 3257 1014 3349 ipso
1033 3256 1132 3328 officii
1155 3258 1228 3345 sui,
1245 3258 1304 3356 qui
1321 3268 1435 3330 tamen

277 3363 348 3432 vice
363 3364 526 3455 Episcopi,
548 3373 579 3432 et
597 3364 700 3454 ipsius
721 3364 852 3434 nomine
872 3386 910 3432 ao
928 3364 1131 3454 auctoritate,
1152 3364 1208 3457 jtts
1228 3365 1336 3446 dicere
1352 3389 1436 3438 ceu-

280 3479 417 3541 seratam.

321 3580 376 3648 111.
393 3581 516 3646 Formo
531 3577 722 3669 eps'acopalls
737 3579 849 3662 eume,
861 3603 902 3648 ea
915 3602 979 3672 quo
1003 3579 1126 3649 Vieam'i
1143 3581 1312 3672 pectorales
1330 3583 1366 3652 irs
1383 3585 1434 3652 lo-

276 3709 354 3756 cum
376 3684 691 3754 Archidioconorum
712 3707 896 3758 successere.
931 3685 1170 3758 «Summotim
1198 3688 1281 3758 illud
1305 3701 1436 3760 constat

280 3819 297 3858 a
323 3791 651 3884 (aitThomessiuus),
662 3790 939 3870 Archidiaconum
950 3817 1008 3886 per
1024 3793 1121 3887 plura
1137 3795 1259 3867 saeoula
1270 3805 1436 3868 extrema

280 3929 298 3968 a
319 3901 417 3970 etiam
432 3899 532 3990 hujus
552 3896 656 3966 aetatis
680 3899 808 3990 (nempe
828 3912 902 3993 poet
920 3923 1046 3970 aunum
1065 3903 1164 3971 etiam
1188 3902 1434 4000 millesimum),

281 4033 299 4072 a
321 4013 498 4097 spectatum
515 4004 617 4073 tuisse
629 4012 666 4072 ut
681 4003 849 4076 Vioarium
862 4009 1049 4098 generalem
1064 4009 1217 4102 Episcopi
1231 4036 1239 4094 3
1261 4011 1319 4080 sed
1332 4013 1436 4083 Vica-

281 4137 299 4177 ιι
322 4112 628 4202 riumperpetuum3
646 4110 813 4180 Vicus-ium
825 4136 891 4182 non
904 4115 945 4190 od
956 4116 1120 4208 Epeoopo
1136 4130 1366 4210 assumptum,
1378 4122 1438 4192 sed

279 4246 298 4286 e
320 4239 342 4285 o
348 4218 428 4308 jore
436 4216 565 4300 dotem,
576 4225 614 4288 ut
622 4217 803 4309 loquuntur
813 4221 1002 4296 canonista.
1015 4223 1062 4295 Eo
1072 4245 1172 4315 porro
1181 4226 1320 4301 nomine
1330 4251 1435 4321 penes
