3048 4976
560 507 635 554 rens
664 507 769 554 rems.
1168 489 1229 556 195

98 653 114 692 n
135 626 284 720 deinceps
306 648 365 695 nec
384 625 568 696 monachus·
583 649 641 696 nce
657 628 745 697 nllus
764 627 996 698 ecclesiasticus
1017 627 1138 698 alienes
1153 653 1231 700 cau-

97 759 113 798 «
135 756 186 802 sss
200 735 377 826 suscipiens
394 733 566 824 injudicio
583 734 735 804 defendet
752 761 760 802 ι
778 735 813 804 id
828 736 915 803 enim
936 744 1046 827 aperta
1063 759 1232 806 mercena-

98 843 183 910 aris
208 864 306 933 opem
330 868 337 908 :
365 851 396 910 et
419 863 514 910 nemo
538 841 600 909 tsle
623 842 703 932 quid
727 864 828 932 egens
853 851 974 912 nostroe
999 843 1232 913 moderationis

90 976 114 1036 ¹c
135 950 331 1042 supplicium
360 949 494 1038 effugiet
523 975 530 1016 :
560 957 783 1041 preterquam
810 949 838 1017 si
863 949 947 1018 forte
968 973 1044 1019 cum
1072 953 1113 1019 sit
1135 975 1233 1020 ceusu

97 1057 355 1142 «ecclesiastico,
385 1079 404 1124 s
434 1055 529 1124 nobis
553 1055 708 1147 jubentur
736 1056 871 1126 ulterius
904 1056 1103 1147 litigantium
1132 1059 1233 1150 pertis

96 1165 354 1236 «defensionem
384 1165 546 1257 suscipere
553 1191 562 1251 ;
588 1174 666 1234 tunc
690 1167 778 1234 enim
801 1173 1023 1258 preterquam
1048 1167 1137 1258 quod
1165 1190 1232 1237 non

96 1299 112 1338 n
133 1275 197 1342 erit
210 1272 473 1364 reprehensionis
488 1295 574 1364 spes,
588 1272 624 1340 in
638 1294 768 1363 pienum
787 1295 918 1364 qnoque
932 1294 999 1341 non
1019 1271 1121 1342 cedet.
1139 1274 1234 1342 Prae-

97 1407 112 1446 n
134 1403 208 1449 sens
230 1388 338 1449 eutem
355 1379 539 1448 subnotatio
563 1379 596 1446 in
613 1379 765 1448 omnibus
780 1401 910 1470 qnoque
927 1379 1078 1448 civilibus
1101 1381 1234 1471 judiciis

94 1513 110 1552 s
133 1488 198 1578 legi
211 1488 302 1577 jussa
317 1495 377 1574 ost,
394 1495 430 1554 ut
445 1509 521 1554 cum
537 1487 640 1554 nostri
656 1485 775 1554 decreti
791 1486 956 1554 scientiam
978 1485 1162 1572 habuerint,
1178 1511 1233 1556 eos

94 1621 110 1660 a
131 1595 267 1664 omniuo
282 1616 346 1662 non
360 1593 533 1661 admittent
544 1593 586 1662 sd
599 1592 730 1662 illorum
746 1615 860 1661 causes
873 1593 1027 1681 agendas.
1042 1619 1059 1658 s
1079 1593 1233 1685 (Citutum

90 1701 175 1792 apud
202 1699 372 1788 Gonzslez,
397 1699 669 1768 commentarium
700 1699 735 1767 in
765 1721 835 1790 esp.
864 1703 895 1786 3,
921 1699 1006 1769 tituli
1032 1704 1087 1787 37,
1110 1701 1187 1769 libri
1214 1705 1229 1768 1

90 1807 335 1898 Decretnlium.)

131 1915 166 1984 S.
178 1916 357 2004 Gregorius
370 1915 510 2006 Magnus
523 1915 569 2008 (in
580 1915 723 2005 Evsng„
737 1915 871 1984 bomilia
883 1916 936 2006 il)
952 1915 1054 1985 :Ecce
1061 1917 1141 2007 jam
1150 1939 1234 2010 pene

89 2023 180 2092 milla
195 2037 243 2091 est
256 2024 368 2092 seculi
381 2023 479 2104 actio,
497 2045 601 2114 mam
613 2045 678 2091 non
691 2022 870 2091 sacerdotes
883 2023 1125 2092 administrent.
1144 2028 1232 2092 Dum

89 2151 162 2219 erpo
183 2131 221 2198 in
234 2142 345 2199 sarecto
360 2129 476 2197 babitu
496 2129 675 2211 constituti,
694 2130 856 2198 exteriora
874 2141 951 2198 nant
971 2152 1044 2221 pue
1067 2131 1231 2216 exhibent,

88 2239 182 2328 quasi
195 2237 380 2306 sanctuarii
393 2236 518 2328 lapides
529 2237 612 2327 foris
626 2237 751 2327 jacent.

129 2345 318 2414 Concilium
333 2345 483 2416 Versum
499 2345 577 2412 suni
593 2349 671 2430 755,
689 2366 811 2412 cunone
829 2347 869 2412 16
887 2372 894 2412 :
913 2349 954 2414 Ut
969 2346 1077 2415 clerici
1091 2348 1235 2418 conduc-

88 2465 169 2520 tores
189 2475 258 2520 non
275 2453 352 2533 sint,
370 2453 431 2520 boc
450 2465 508 2534 est,
525 2463 564 2520 ut
578 2475 643 2519 non
655 2452 797 2520 babeant
814 2453 957 2520 actiones
969 2455 1149 2536 seculares,
1169 2457 1235 2523 nisi

83 2581 145 2648 pro
167 2579 269 2626 eausa
292 2559 528 2650 orphanorum,
546 2558 598 2626 ccl
619 2555 879 2639 viduarum,ch
902 2558 1119 2641 ecclesiarum,
1143 2559 1235 2629 ordi-

87 2678 186 2734 nante
200 2665 365 2758 Episcopo
385 2689 444 2734 suo
458 2664 510 2733 uel
522 2664 656 2734 Abbate.

127 2773 313 2843 Concilium
329 2773 560 2863 Mognntinum
576 2773 654 2840 unni
671 2775 879 2859 813,csncne
892 2776 945 2858 11,
955 2772 1081 2841 clericis
1096 2774 1233 2842 vetitum

86 2879 160 2948 facit
180 2909 187 2949 :
211 2881 437 2951 Contentioncs
452 2891 483 2946 et
498 2879 570 2949 lites
583 2879 738 2948 celsinus
753 2901 889 2959 amare,·
904 2879 941 2948 in
950 2880 1085 2972 placitis
1098 2883 1235 2950 secula-

85 2988 176 3057 ribus
192 2987 374 3079 disputare,
393 2999 526 3078 excepta
542 2986 724 3077 defensione
743 2985 970 3078 mpltanorum
991 3000 1023 3055 et
1037 2986 1215 3056 cidamum
1220 3015 1234 3072 ,·

85 3095 295 3165 conductores
310 3108 370 3162 aut
382 3107 612 3186 procuratores
627 3115 691 3161 esse
704 3095 914 3162 secularium
929 3117 1051 3163 rerum.

128 3203 340 3271 Innocentius
352 3201 410 3288 lll,
426 3223 512 3270 anno
528 3204 626 3287 1216,
641 3201 674 3268 in
688 3200 824 3270 concilio
840 3201 982 3289 generali
1001 3229 1008 3268 :
1026 3205 1234 3272 Sententiam

84 3309 260 3400 sanprrinis
275 3309 386 3377 nullus
400 3309 532 3376 clericus
544 3309 642 3377 dictet
661 3321 720 3376 aut
740 3309 910 3400 proferot‚·
923 3307 980 3377 scd
996 3332 1051 3378 nee
1066 3311 1234 3401 sanquinis

84 3417 267 3486 vindictam
287 3428 445 3498 exerceat,
461 3428 522 3483 aut
543 3416 600 3484 ubi
619 3429 807 3483 enerceutur
820 3415 958 3483 intersit.
980 3415 1070 3509 (Cap.
1090 3421 1232 3487 Senten-

83 3526 167 3593 tiam
185 3529 220 3608 9,
238 3522 323 3591 tituli
343 3527 396 3608 50,
414 3523 489 3590 libri
507 3526 524 3588 3
543 3523 683 3613 Decret.)

125 3630 312 3700 Concilium
324 3630 577 3714 Tarraconense,
588 3651 658 3720 cap.
674 3632 711 3696 11
726 3629 863 3700 :Nullus
875 3629 1114 3698 monachorum
1121 3634 1231 3721 foren-

83 3741 124 3806 sis
140 3737 270 3828 nepotii
292 3748 456 3827 susceptor
469 3735 521 3804 uel
532 3749 684 3804 eecrutor
698 3735 829 3816 existat,
845 3735 911 3803 nisi
932 3737 1022 3826 quod
1042 3741 1234 3808 monasterii

83 3843 230 3937 reposcit
256 3843 396 3927 utilitas,
423 3841 546 3911 Abbate
575 3841 638 3910 sibi
662 3841 877 3909 nibilominus
901 3842 1093 3931 imperante.
1123 3845 1233 3936 (Apud

82 3951 352 4035 thomassinum,
375 3953 469 4018 Vetus
487 3963 518 4018 ct
536 3972 620 4018 noca
634 3946 728 4028 dise,
747 3956 830 4039 part.
851 3949 923 4033 3,1.
943 3951 975 4033 3,
989 3971 1017 4016 c.
1039 3952 1092 4036 17,
1107 3972 1142 4018 n.
1163 3955 1230 4042 11.)

125 4059 314 4130 Concilium
340 4055 558 4143 londinense,
578 4057 655 4123 anni
680 4058 777 4140 1102,
800 4077 922 4122 oenone
944 4059 963 4121 2
989 4083 996 4123 :
1021 4057 1070 4127 Ne
1096 4058 1232 4148 quilibet

83 4167 193 4236 elerici
206 4166 272 4233 sint
291 4164 499 4234 secularium
518 4163 690 4255 prepositi
706 4163 759 4230 uel
768 4174 1011 4253 procuratores,
1028 4177 1087 4236 aut
1100 4165 1233 4258 judices

82 4273 268 4368 sanpusisir.
