3046 4962
549 473 624 524 raes
646 476 751 526 aetna.
1182 457 1222 526 47

91 629 106 666 a
128 597 279 670 idiomate
299 601 493 692 impressum
507 653 560 688 ...,
577 623 682 692 nuper
695 599 889 692 accepimus.
907 597 1000 682 Quod
1023 598 1156 692 quidem
1172 601 1223 670 vel

92 737 107 772 a
127 709 167 776 ob
181 707 284 776 solam
299 707 536 798 ignorationem
552 707 747 800 praelaudati
761 707 881 776 decreti
894 707 1065 797 contigisse
1087 709 1226 778 arbitra·

93 844 108 881 a
129 814 373 907 mnr,velquod
384 815 1227 908 satisexplorataatquecompertavobisnonfuerint

92 947 109 986 ι
129 923 264 991 exitiosa
278 944 315 992 ac
329 945 481 1018 peruersa
494 923 647 1013 dogmata
660 945 735 1014 quae
750 923 786 990 in
806 945 844 991 eo
861 921 1036 991 traduntur
1051 949 1059 990 ε
1077 921 1225 1014 alioquin

92 1055 107 1093 ι
129 1029 275 1098 dubitare
289 1029 345 1096 rix
369 1050 545 1120 possumus
567 1027 607 1098 de
635 1027 875 1098 fraternitatum
891 1037 1074 1099 vestrarum
1094 1028 1162 1097 zelo
1189 1051 1227 1099 ac

93 1161 109 1202 ι
129 1137 220 1226 vigili
244 1135 366 1220 studio,
384 1158 449 1228 quo
465 1143 550 1204 certe
564 1135 759 1204 infidelium
782 1156 899 1204 manus
915 1156 981 1204 non
1005 1135 1181 1221 incidisset,
1197 1135 1225 1204 si

92 1270 107 1306 ι
128 1243 238 1311 oculos
249 1242 477 1334 judiciumque
492 1250 635 1311 vestrum
649 1251 744 1312 antea
759 1242 920 1312 subiisset.
937 1242 984 1311 Eo
996 1242 1083 1310 enim
1095 1242 1229 1310 tendere

94 1375 109 1414 ι
128 1371 164 1418 sc
187 1349 353 1418 collimare
369 1348 530 1418 vidissetis
555 1349 727 1418 execrandi
753 1349 850 1418 loetus
875 1357 1053 1436 auctorem,
1071 1358 1107 1417 ut
1129 1349 1226 1418 colla·

93 1481 108 1520 ι
128 1467 193 1524 um
208 1456 372 1526 aGbristo
387 1457 527 1525 Domino
542 1465 575 1523 ct
587 1456 756 1524 Salvatore
780 1465 891 1526 nostro
914 1456 1067 1524 Ecclesiae
1084 1479 1152 1525 suae
1169 1479 1227 1548 po-

93 1591 107 1626 ι
129 1571 287 1648 testatem,
303 1585 369 1632 nou
392 1562 498 1631 solnm
521 1561 682 1653 dirigendi
706 1585 763 1654 per
776 1562 910 1631 consilia
929 1569 960 1630 et
975 1563 1154 1651 suasiones,
1170 1564 1226 1632 sed

93 1697 107 1734 a
127 1670 226 1738 etiam
242 1669 380 1761 jubendi
401 1669 574 1762 perleges,
593 1691 629 1738 ac
650 1669 765 1738 devios
783 1679 1053 1761 contumacesque
1066 1671 1226 1740 exteriore

93 1804 107 1840 ι
125 1777 252 1868 judicio
264 1785 296 1845 et
307 1775 493 1845 salubribus
508 1777 614 1869 paenis
627 1776 796 1846 coercendi
812 1785 907 1868 atque
923 1776 1072 1866 cogendi,
1086 1777 1228 1848 labefac-

93 1911 108 1949 α
129 1893 185 1970 tet,
199 1883 358 1952 convellat
372 1891 403 1952 et
418 1905 551 1974 prorsus
565 1883 727 1970 eliminet3
744 1883 995 1952 ecclesiasticum
1011 1883 1226 1954 ministerium

93 2018 108 2056 c
129 1991 173 2059 ita
188 1990 339 2058 saeculari
354 1988 569 2058 dominationi
584 1989 771 2081 subjiciens,
786 1999 821 2060 ut
835 1990 878 2058 ad
893 1991 977 2058 banc
990 2001 1133 2082 spectare
1149 2014 1228 2083 pro-

94 2127 108 2162 ι
130 2099 272 2185 nuntiet,
286 2097 325 2166 de
338 2105 472 2166 externa
483 2099 572 2167 omni
584 2107 616 2166 et
627 2099 774 2167 sensibili
786 2098 1022 2189 gubernatione
1035 2121 1228 2190 cognoscere

94 2233 109 2270 ι
130 2205 341 2298 rejudicare.
361 2208 507 2274 Prccum
531 2229 570 2273 cc
588 2205 808 2298 perimerem
828 2217 980 2297 systema,
992 2208 1073 2298 jam
1093 2207 1227 2299 pridem

93 2341 108 2378 c
130 2313 171 2381 ab
196 2313 380 2405 Apostolica
405 2312 500 2394 Sede,
513 2313 699 2406 praesertim
726 2336 800 2381 vero
815 2335 836 2380 a
849 2315 975 2380 Ioanne
988 2316 1085 2383 XXII
1098 2314 1227 2404 praede-

93 2447 107 2484 r
129 2443 250 2489 cessare
258 2433 379 2503 nostro,
390 2421 618 2489 constitutione
628 2420 813 2512 iambicam,
825 2420 1020 2512 Licetjuxta
1032 2417 1226 2507 doctrinam,

93 2553 108 2591 ι
129 2527 354 2618 reprobatum,
373 2550 411 2596 ac
424 2550 490 2618 pro
505 2527 656 2596 heretico
671 2549 817 2618 capressc
831 2525 1041 2608 damnatam,
1058 2526 1227 2596 fallacibus

93 2662 107 2700 a
131 2635 322 2703 ratiunculis
392 2632 565 2726 impudens
579 2635 719 2726 scriptor
733 2633 891 2704 obtrudit.
905 2663 921 2700 a
944 2635 991 2725 (ln
1006 2635 1151 2705 Bullario
1165 2635 1227 2706 Be·

88 2740 208 2810 nedicti
226 2741 318 2828 XIV,
338 2766 369 2810 n.
388 2745 444 2828 ll,
462 2749 485 2809 t.
504 2746 537 2827 l,
553 2765 585 2833 p.
604 2743 682 2827 tus,
699 2742 814 2810 Romae
834 2743 943 2832 1757.)
961 2741 1078 2834 Liquet
1100 2767 1141 2810 ex
1169 2743 1229 2812 boc

87 2850 178 2918 brevi
202 2849 398 2940 dogmatico,
417 2872 481 2917 aon
498 2849 602 2918 solum
619 2850 775 2919 elcanae
801 2848 897 2916 XXll
919 2872 1064 2940 expresse
1081 2873 1145 2942 pro
1161 2851 1228 2918 lte·

88 2959 184 3026 retica
202 2956 391 3027 damnatum
406 2958 504 3028 luisse
518 2965 658 3050 systema
670 2979 735 3049 quo
747 2957 797 3024 vis
808 2957 950 3025 coactive
964 2957 1114 3025 Ecclesiae
1130 2957 1229 3027 deue-

87 3075 197 3154 gatur,
214 3065 271 3134 sed
286 3065 382 3134 etiam
396 3063 545 3134 camdem
558 3064 797 3134 damnationem
817 3064 916 3134 luisse
930 3087 950 3131 a
964 3064 1138 3134 Benedicta
1149 3063 1228 3135 XlV

19 3229 20 3268 ἦ
88 3173 327 3243 confirmatam.

131 3282 189 3350 lll.
206 3280 302 3348 Bulla
319 3283 491 3350 Auctorem
502 3279 584 3370 fidei
600 3307 610 3346 .·

132 3389 221 3456 later
249 3387 483 3480 propositiones
514 3385 631 3478 synodi
660 3385 849 3454 Pistoieusis
877 3387 912 3453 in
944 3385 1003 3456 hac
1031 3387 1122 3457 bulla
1147 3412 1229 3460 con-

90 3493 267 3576 demnatas,
285 3495 426 3562 occurrit
452 3504 484 3562 et
508 3494 570 3562 ista
596 3494 657 3563 sub
682 3515 820 3562 numero
847 3503 963 3586 quarto
983 3523 991 3562 ε
1012 3521 1028 3560 a
1049 3494 1230 3587 Propositio

93 3627 111 3664 a
132 3601 314 3688 affirmans,
333 3601 474 3670 abusum
495 3602 567 3693 sore
590 3601 797 3668 (irascereris
823 3601 985 3683 Ecclesiae,
1010 3603 1230 3694 trcrusercudo

94 3735 110 3772 a
133 3709 227 3778 illam
242 3709 334 3777 ultra
348 3709 467 3778 limites
487 3707 644 3777 doctrinae
669 3730 708 3775 cc
727 3729 871 3790 morum,
887 3722 919 3776 et
942 3731 1014 3777 eam
1031 3709 1231 3778 extendendo

92 3816 178 3885 aad
204 3839 255 3884 res
281 3817 465 3896 exteriores,
490 3828 521 3884 et
538 3837 601 3905 per
625 3816 693 3883 vim
718 3814 874 3905 exigendo
898 3815 935 3884 id
956 3815 1045 3907 quod
1064 3816 1184 3907 perdet
1210 3841 1231 3884 a

92 3950 109 3987 a
126 3925 341 4014 persuasione
353 3936 384 3991 et
398 3923 514 4004 corde;
536 3932 605 3990 tum
626 3923 736 4008 etiam,
754 3923 859 3990 multo
881 3911 990 3991 minus
1005 3922 1051 3991 cd
1065 3945 1139 3991 cam
1155 3947 1233 4014 per-

92 4057 109 4094 «
136 4031 237 4098 tinere
262 4030 388 4120 eciqcrc
410 4052 471 4121 per
485 4030 553 4098 cim
576 4028 770 4098 celeriorem
793 4029 1024 4119 subjectionem
1044 4031 1110 4098 suis
1124 4029 1232 4100 decre·

93 4165 109 4200 «
135 4141 175 4206 tis
194 4163 264 4204 :-
278 4137 445 4218 Quatenus
468 4136 726 4204 indeterminatis
753 4135 816 4204 illis
840 4137 947 4204 verbis
972 4135 1235 4208 extendendoad

94 4269 184 4313 ares
215 4244 399 4326 exteriores,
434 4252 521 4313 notet
552 4243 641 4311 velut
669 4243 808 4310 abusum
840 4243 1039 4312 auctoritatis
1068 4243 1230 4334 Ecclesiae,
