3046 4962
583 501 781 552 msmmumo.
1230 487 1248 552 3

3 611 5 636 '
113 633 178 694 tum
207 649 250 694 ne
276 623 345 696 sola
373 626 428 696 illa
452 650 527 720 pars
554 627 715 720 reliquam
741 649 823 719 opus
849 627 1038 698 extensione
1069 627 1136 697 tere
1160 628 1251 699 adae-

112 743 236 824 quaret,
261 743 328 802 tntu
347 757 387 802 ne
401 757 544 826 presens
559 742 726 823 tractatus,
744 743 788 806 tot
803 735 899 803 simul
915 734 1076 824 congestis
1093 736 1249 822 materiis,

111 839 194 908 ultra
218 841 353 908 modam
378 850 586 910 excresceret.
614 839 679 910 Sed
703 851 734 908 et
756 841 927 910 sectionem
954 841 1048 910 dere
1064 841 1250 933 judiciaria

111 945 202 1036 opud
225 947 390 1038 repulsares
415 948 726 1039 pretermittendum
749 945 917 1035 duximus,
942 947 1100 1016 nonnulla
1123 947 1163 1016 de
1190 949 1251 1018 hoc

110 1049 145 1118 in
158 1061 297 1122 tractatu
312 1052 352 1122 de
366 1053 534 1123 ordinibus
549 1054 707 1144 relipiosis
718 1055 916 1123 annotaturi.

152 1159 233 1227 lude
258 1169 363 1230 autem
392 1161 485 1231 facile
514 1161 685 1254 perspiciet
712 1162 811 1230 lector
840 1185 936 1253 quem
967 1161 1060 1230 nobis
1087 1161 1250 1253 praecipue

109 1287 244 1358 scopum
260 1266 510 1359 prefixerimns.
523 1269 699 1339 Voluimns
711 1290 827 1360 nempe
836 1268 891 1360 jus
904 1290 1076 1338 commune
1087 1290 1250 1360 exponere

109 1373 217 1462 quoad
231 1397 304 1442 eam
327 1397 396 1444 rem
407 1375 630 1467 judiciariam,
647 1397 722 1470 quae
737 1375 903 1469 Episcopis
918 1397 1096 1468 eorumque
1112 1375 1251 1444 Vicariis

3 1471 5 1482 '
108 1479 329 1568 generalibus,
356 1504 393 1550 ao
417 1482 488 1550 aliis
511 1482 683 1575 episcopali
703 1483 892 1551 auctoritate
911 1481 1067 1572 delegatis
1085 1481 1251 1574 judicibus

108 1585 254 1677 subjacet
272 1614 280 1655 ι
296 1588 419 1680 quibns
436 1599 473 1659 nt
495 1590 598 1659 veluti
619 1589 965 1682 theorico-practicam
990 1590 1148 1660 manuale
1172 1613 1251 1683 snp-

2 1784 6 1794 ,
105 1691 328 1781 peditaremus
353 1696 548 1789 potissimae
574 1696 783 1767 intendimus.

150 1799 290 1869 Addidit
311 1811 418 1872 antem
441 1804 570 1874 animos
589 1805 629 1872 ad
649 1803 809 1897 ejusmodi
829 1827 895 1874 non
918 1827 1029 1897 parvae
1053 1803 1250 1876 difficultatis

105 1915 265 1998 coeptnm,
287 1931 353 1978 non
372 1910 469 1981 modo
487 1911 697 2004 presentium
717 1923 900 2003 temporum
928 1913 1010 1981 ratio
1031 1911 1251 2003 (vehementer

105 2015 273 2108 siquidem
303 2017 546 2088 desiderabatur
572 2029 603 2088 et
631 2042 651 2087 a
680 2018 792 2088 multis
816 2019 1081 2111 expostulabatnr
1109 2017 1251 2088 dilucida

105 2123 360 2217 tacentibusque
392 2147 502 2194 rerum
533 2125 824 2218 permutationibus
852 2126 1092 2196 accommodata
1120 2126 1161 2194 de
1188 2125 1249 2198 hoc

103 2240 304 2322 argumento
325 2232 481 2324 tractatio)
487 2260 497 2321 ς
519 2233 575 2302 sed
596 2243 626 2302 et
644 2233 809 2326 precipue
832 2256 946 2302 eorum
965 2233 1113 2303 virorum
1132 2233 1249 2304 cohor-

3 2367 6 2386 *
103 2340 200 2419 tatio,
216 2337 338 2431 quibus
353 2362 404 2420 me
424 2338 531 2409 decuit
549 2340 682 2410 omnino
702 2363 825 2410 morem
844 2363 969 2432 gerere,
990 2341 1112 2434 quique
1130 2343 1251 2434 paratis

3 2533 4 2536 Ἴ
101 2447 170 2536 jam
200 2446 273 2514 attis
293 2447 373 2515 meis
388 2447 660 2539 publicationibus
681 2448 799 2540 praeire
819 2447 902 2517 hano
922 2458 1141 2542 opportunum
1156 2449 1250 2518 arbi-

103 2555 182 2622 trati
197 2561 286 2621 sunt.
