3032 4976
266 444 330 510 teo
521 533 525 542 Ι
622 463 798 513 rnaorsms
825 465 865 512 ns
886 463 1023 514 moruus.

261 605 327 676 quo
353 583 448 654 aliter
469 583 554 655 inter
583 585 810 656 contrahentes
834 595 1033 656 conventum
1059 584 1139 674 lnit;
1167 584 1259 656 verbi
1287 587 1409 677 gratio

260 691 290 758 si
305 691 445 784 quisque
460 691 495 760 in
509 693 579 762 loco
599 701 781 762 contractus
800 717 834 762 se
852 715 1088 787 responsurum
1105 694 1269 785 promisit,
1285 703 1317 762 ct
1332 695 1409 764 foro

262 796 417 868 domicilii
431 822 583 891 expresse
597 801 799 870 renuntiavit
816 825 824 868 ι
841 823 920 870 nem
935 808 1120 870 contrectas
1131 823 1173 870 ex
1188 802 1410 871 conventione

260 903 368 995 legem
383 906 545 998 accipiunt
562 907 685 998 (regida
701 910 964 996 contrectasti,
980 907 1017 975 in
1032 907 1083 999 t);
1100 906 1188 978 nnde
1199 909 1301 1000 posita
1315 908 1408 1000 ejus-

261 1011 351 1080 modi
366 1014 451 1084 intsr
465 1013 692 1083 contrahentes
706 1015 932 1104 conventione,
946 1014 1048 1102 nens,
1063 1015 1124 1082 atei
1136 1015 1265 1101 absens,
1282 1015 1317 1083 in
1334 1016 1409 1086 loco

260 1127 443 1190 contractus
462 1122 631 1192 conveniri
651 1123 780 1214 poterit,
806 1129 838 1190 et
856 1122 920 1192 nisi
944 1131 1142 1215 compareat,
1165 1131 1202 1193 ut
1224 1130 1407 1194 contumax

258 1225 411 1317 judicari.

304 1339 340 1402 2·
353 1335 389 1405 Si
404 1336 494 1406 locus
507 1344 692 1406 contrectes
708 1337 752 1408 sit
769 1336 871 1406 simul
885 1336 993 1430 proed
1011 1338 1119 1407 Reum
1134 1337 1224 1406 locus
1238 1334 1406 1415 domicili;

258 1441 338 1533 quia
352 1449 430 1512 tunc
443 1443 559 1512 saltem
570 1443 695 1512 rntione
708 1443 869 1513 domicilii
882 1443 1006 1514 ibidem
1018 1443 1185 1517 conveniri
1198 1444 1327 1534 poterit,
1344 1445 1410 1512 etsi

260 1549 387 1618 absens.
403 1549 481 1639 Sed,
498 1559 535 1619 nt
548 1548 708 1638 diximus,
722 1551 757 1619 in
769 1550 831 1620 hoc
842 1551 1050 1644 paragrapho
1059 1551 1279 1644 supponimus
1290 1549 1409 1621 diver-

259 1679 334 1726 sum
348 1681 416 1727 essa
430 1657 540 1728 locum
553 1665 737 1728 contrectas
752 1681 771 1726 e
785 1657 857 1728 loco
871 1659 1030 1729 domicilii
1044 1658 1118 1730 Rei.

306 1769 338 1833 3⁰
354 1765 391 1834 Si
403 1774 520 1858 agatur
537 1765 578 1835 de
592 1765 757 1836 reddenda
771 1767 898 1838 retione
912 1766 1214 1855 ndministrstionis,
1237 1766 1295 1859 qui
1309 1788 1408 1837 ocsus

261 1872 349 1942 intre
362 1872 570 1966 expenditur.

304 1985 338 2049 l·
353 1982 390 2050 Si
408 1981 451 2049 lis
463 1979 504 2048 de
523 1988 689 2050 contractu
708 1989 809 2069 mota,
822 1982 894 2074 jam
913 1981 975 2050 luit
994 2003 1056 2074 per
1067 1981 1192 2070 Reum,
1210 1988 1324 2074 poetaa
1338 1983 1408 2050 rite

230 2163 234 2172 Δ
260 2087 424 2176 iunctum,
441 2094 617 2158 conum
636 2115 644 2155 :
662 2095 740 2156 tunc
762 2089 882 2158 scilieet
903 2089 1007 2181 ipsius
1027 2089 1145 2178 haeres,
1163 2088 1226 2159 etsi
1242 2089 1360 2157 absens
1374 2099 1408 2156 ct

259 2194 565 2286 alibi-domicilium
581 2194 716 2283 habene
733 2195 901 2265 conveniri
916 2204 1020 2287 potest
1039 2196 1075 2264 in
1092 2195 1164 2266 loco
1182 2195 1239 2264 uhi
1258 2203 1406 2287 coptum

259 2301 329 2392 jem
344 2296 391 2371 cit
402 2301 576 2394 judicium.

306 2415 338 2478 ὅ·
364 2411 419 2478 An
441 2410 541 2482 etiam
565 2409 771 2502 aliquetenus
793 2410 1006 2503 excipiendus
1026 2410 1072 2482 sit
1091 2433 1197 2498 casus,
1224 2410 1408 2501 quotiens

260 2516 345 2586 bone
368 2516 525 2609 possidet,
549 2518 620 2586 sive
643 2518 677 2585 in
697 2517 768 2586 loco
790 2527 985 2606 contrectes,
1010 2518 1081 2590 sive
1102 2517 1192 2605 alibi,
1216 2515 1409 2588 <dificultate

259 2647 326 2698 nou
348 2633 451 2696 tuost.
468 2625 677 2694 Contcndnnt
690 2625 869 2698 canonistas
880 2635 931 2694 set
945 2625 1178 2711 communiter,
1194 2625 1228 2691 in
1244 2624 1308 2692 hcc
1327 2645 1406 2692 casu

256 2731 402 2824 judicem
430 2732 492 2804 loci
521 2732 579 2804 ubi
607 2731 709 2800 initus
736 2740 785 2800 cu
813 2740 998 2802 contrectes
1028 2753 1093 2801 non
1122 2731 1244 2800 hebere
1266 2729 1404 2822 quidem

247 2839 516 2930 ¹jurisdictionem
531 2840 566 2908 in
582 2861 754 2931 personam
769 2839 913 2912 absonus
933 2841 1008 2927 Rei,
1023 2839 1079 2908 sed
1095 2847 1207 2908 tamen
1225 2861 1321 2930 posse
1332 2841 1407 2908 Ao-

258 2947 322 3014 tori
334 2945 509 3018 concedere
522 2943 762 3014 immissionem
776 2945 812 3013 in
826 2947 1063 3038 possessiouem
1076 2947 1241 3014 bonorum
1250 2944 1405 3036 ejusdem

257 3050 329 3122 Rei.
344 3053 392 3121 lta
402 3051 573 3122 ccilicctut
583 3051 667 3126 hano
679 3052 923 3126 immissionem
935 3052 1036 3144 possit
1049 3053 1120 3144 ipsc
1131 3052 1263 3144 exequi,
1278 3052 1407 3120 siintrs

258 3183 359 3232 suum
372 3161 575 3232 territorium
590 3160 676 3234 hona
688 3159 750 3231 Rei
762 3161 826 3228 sita
845 3161 912 3228 sint
928 3187 936 3228 ε
954 3163 1007 3230 sin
1022 3169 1134 3229 autem
1150 3160 1230 3228 alibi
1245 3159 1307 3228 sita
1325 3160 1403 3247 sint,

258 3268 456 3360 requirendo
468 3267 557 3336 illiers
571 3267 633 3337 loci
647 3266 792 3358 judicem
807 3277 846 3336 ut
860 3269 1011 3337 camdem
1033 3267 1275 3336 immissionem
1290 3267 1406 3335 dectu-

258 3385 325 3444 net.
336 3376 458 3445 Putant
467 3374 545 3443 dicti
557 3375 733 3442 canonistas
745 3373 780 3441 id
791 3383 900 3466 aperte
912 3374 1023 3465 colligi
1034 3397 1076 3444 ex
1088 3373 1241 3444 decretali
1251 3377 1406 3442 Romam

261 3483 307 3573 (1,
325 3483 374 3552 tit.
392 3487 426 3568 2,
443 3480 500 3550 lib.
518 3485 551 3570 2,
568 3482 603 3550 in
620 3482 665 3573 o),
682 3481 718 3548 in
733 3503 799 3572 que
814 3483 862 3550 sic
876 3481 989 3550 statuit
1000 3481 1209 3550 Innocentius
1222 3481 1268 3549 tv
1286 3507 1295 3548 ι
1316 3483 1406 3549 Cou-

260 3590 422 3661 trolzcntcs
437 3611 513 3657 uero
534 3589 680 3657 aliarum
699 3587 884 3672 diocesem,
904 3611 1001 3680 super
1019 3587 1236 3656 contractibus
1255 3587 1348 3656 initis
1367 3591 1406 3658 iu

257 3697 430 3766 lilerncrui
447 3695 575 3765 dioecesi
588 3697 632 3764 ad
647 3695 766 3764 eudem
784 3696 861 3787 (nisi
880 3697 1093 3764 inveniantur
1113 3695 1245 3784 itidem)
1272 3696 1407 3764 trahere

260 3826 414 3874 coramsc
428 3826 494 3872 riou
509 3802 624 3872 debent
641 3803 686 3894 (1)
700 3802 821 3870 invitos
837 3827 848 3869 .·
862 3803 937 3871 lieet
949 3803 983 3870 in
995 3803 1228 3894 possessionem
1244 3802 1407 3871 dorwnrm

261 3933 334 4004 que
348 3911 394 3980 idi
414 3911 546 3992 dulcet,
564 3911 666 3978 etiam
681 3929 757 3977 cum
771 3909 854 3977 olibi
868 3911 998 4001 mptum
1013 3911 1066 3978 ecci
1083 3909 1224 4001 fuciunt,
1247 3910 1277 3978 si
1291 3933 1407 3978 eorum

294 4183 325 4250 (tl
338 4179 435 4246 Nempe
448 4176 665 4244 Archicpisoopus
681 4177 833 4230 Rhemensis
846 4184 890 4230 aut
902 4180 985 4246 ipsius
997 4181 1134 4246 officiales,
1148 4184 1176 4232 ut
1188 4196 1219 4232 ex
1234 4181 1408 4248 paragraphis

262 4263 471 4336 precedentibus
483 4261 599 4327 ejusdem
613 4259 751 4311 decretalis
767 4264 844 4325 patet.
