3046 4962
581 531 656 579 raas
679 533 781 580 rnrna.
1212 517 1246 583 lit

114 651 267 720 Coercere
290 661 397 722 antem
420 677 512 744 posse
532 653 704 722 Ecclesiam
729 656 804 750 jnre
827 655 960 747 proprio
983 678 1042 747 per
1057 659 1250 749 temporales

114 769 142 825 et
154 759 339 850 corporales
352 783 476 850 poenas,
491 761 582 828 verbi
595 763 713 850 gratia,
728 784 787 853 per
798 785 971 848 carcerem,
984 763 1249 854 flagellationem,

114 863 259 952 mulctas,
291 867 428 934 exilium
458 875 489 934 et
517 867 596 934 alias
624 867 812 958 hujusmodi
843 870 1153 960 animadversiones,
1186 897 1252 942 non

114 971 298 1040 admittunt.

154 1079 276 1148 Contra
290 1079 473 1171 opinionem
488 1080 576 1148 illam
592 1081 696 1172 posita
710 1091 758 1150 est
774 1083 874 1174 brrjus
892 1085 1005 1175 capitis
1025 1086 1135 1172 thesis,
1152 1111 1251 1178 qnam

113 1186 256 1278 sequemi
270 1196 538 1276 argumentorum
555 1190 639 1257 serie
656 1211 767 1258 veram
783 1191 970 1282 probamus.

649 1467 719 1557 §c

442 1641 628 1702 Argumentum
645 1645 676 1688 ex
693 1637 816 1688 Ecclesiae
833 1639 915 1704 praxi.

153 1827 296 1895 Ecclesia
319 1849 339 1895 a
356 1827 470 1920 primis
490 1827 559 1894 suis
580 1826 681 1895 initiis
696 1827 1071 1896 excommunicationum
1099 1851 1194 1921 prena
1215 1832 1250 1900 in

109 1934 333 2024 delinquentes
349 1957 408 2001 usa
421 1941 470 2002 est
488 1961 496 2002 ι
511 1933 802 2003 excommunicatio
824 1943 931 2002 autem
954 1943 1022 2004 erat
1037 1936 1135 2004 simul
1150 1947 1182 2005 et
1196 1939 1251 2006 in-

109 2040 239 2110 divisim
253 2063 349 2134 poena
360 2042 565 2134 temporalis:
580 2063 657 2110 nam
671 2043 971 2110 excommunicatus
986 2041 1109 2114 bonore
1120 2052 1151 2112 et
1165 2045 1250 2114 fama

107 2148 241 2216 cadebat
260 2147 347 2240 apud
370 2148 559 2237 catholicos3
577 2148 730 2240 aquibus
749 2169 866 2238 nempe
885 2156 1040 2240 tanquam
1064 2151 1251 2220 malefactor

108 2255 303 2342 habebatnr3
325 2277 384 2322 nec
404 2263 531 2324 tantum
554 2255 650 2324 rama
678 2254 908 2323 detrimentum
932 2255 1028 2324 hodie
1051 2258 1173 2348 patitur
1192 2261 1250 2351 qui

106 2387 125 2431 a
151 2363 305 2432 tribunali
332 2363 483 2432 saeculeri
507 2362 653 2431 criminis
680 2384 755 2430 reus
779 2362 960 2432 declaratus
987 2371 1046 2450 est,
1070 2387 1169 2456 quam
1192 2368 1249 2457 qui

106 2471 270 2561 prioribus
286 2469 436 2538 Ecclesiae
453 2469 581 2538 saeculis
598 2469 932 2538 excommunicatione
947 2470 1155 2562 plectebatur.
1174 2473 1247 2541 Jam

107 2600 183 2646 vero
207 2577 326 2646 famam
349 2577 562 2647 essebonum
588 2576 763 2668 temporale
789 2577 920 2667 negabit
945 2578 1068 2646 nullus.
1083 2577 1246 2649 Preterea

105 2686 397 2755 excommunicatio
421 2707 530 2756 secum
546 2685 694 2754 trahebat
717 2693 885 2768 externam
912 2685 1088 2776 quamdam
1113 2709 1245 2779 separa-

106 2795 260 2862 tionema
279 2793 437 2862 societatis
458 2792 603 2861 fidelium
627 2793 812 2861 consortio:
831 2792 886 2859 illa
906 2800 1014 2862 autem
1036 2795 1196 2884 separatio
1214 2808 1246 2864 et

11 2919 12 2926 ¹
105 2899 146 2966 ab
159 2899 300 2968 Ecclesia
313 2897 426 2989 ejectio
441 2907 509 2966 erat
522 2897 665 2990 profecto
681 2920 777 2987 paena
802 2899 979 2988 corporalis
995 2907 1026 2966 et
1046 2901 1242 2990 temporalis,

11 3071 12 3074 ,
105 3029 169 3097 qna
194 3007 505 3092 excommunicatus,
529 3003 739 3096 quantumvis
765 3004 901 3090 invitus,
927 3004 1097 3073 efficaciter
1120 3005 1244 3075 afficie-

104 3109 210 3178 batur.
233 3109 320 3198 Ergo
343 3110 411 3200 ipae
433 3107 805 3178 excommunicationum
827 3129 905 3178 usus
921 3109 1049 3200 probat,
1066 3109 1240 3180 Ecclesiam

104 3218 164 3285 sibi
180 3225 337 3308 perpetuo
351 3216 500 3283 tribuisse
514 3237 572 3306 per
584 3238 695 3306 peenas
711 3215 903 3306 temporales
914 3225 945 3284 et
956 3217 1138 3307 corporales
1152 3241 1241 3287 coer-

104 3325 197 3392 cendi
214 3332 412 3414 potestatem.

147 3435 269 3501 Atvero
284 3453 348 3498 non
371 3429 743 3499 excommunicationum
769 3429 952 3516 dumtaxat,
970 3430 1024 3498 sed
1049 3441 1082 3498 et
1103 3433 1241 3503 aliarum
1353 3507 1355 3512 ,

11 3523 12 3594 l
104 3561 274 3630 poenarum
289 3538 331 3605 ab
345 3538 437 3606 initio
454 3559 531 3606 usus
545 3537 579 3604 in
595 3535 736 3604 Ecclesia
750 3537 865 3626 viguit.
883 3537 967 3604 Nam
983 3538 1017 3604 in
1032 3538 1164 3608 clericos
1179 3543 1243 3609 cri-

11 3661 12 3714 }
104 3647 199 3714 minis
211 3647 377 3713 convictos
390 3645 600 3735 depositione,
617 3666 672 3711 seu
690 3643 870 3734 privatione
885 3643 994 3730 officii,
1009 3646 1242 3716 substractione

11 3729 13 3758 ’
101 3753 279 3840 lructnum,
297 3775 353 3820 scu
369 3751 521 3842 stipendii
535 3751 658 3819 ratione
675 3750 820 3818 muneris
837 3749 957 3818 eisdem
973 3751 1085 3837 debiti,
1097 3763 1128 3818 ct
1143 3754 1240 3822 etiam

11 3851 12 3854 ¹
101 3859 330 3950 degradatione
352 3857 683 3926 animadvertebatur.
705 3856 769 3924 Eas
786 3865 894 3924 autem
916 3879 1028 3947 poenas
1050 3861 1243 3950 temporales

100 3977 131 4036 et
143 3966 327 4058 corporales
341 3966 443 4036 luisse
457 3967 531 4056 quis
546 3987 612 4034 non
625 3964 756 4032 videat?

11 4153 12 4156 Ἴ
142 4075 374 4162 Nihilominus,
399 4096 472 4144 cum
498 4082 644 4142 auctores
669 4074 726 4164 qui
747 4073 898 4140 Ecclesiae
919 4072 1082 4162 denegant
1100 4083 1243 4165 potesta-

11 4157 13 4220 ἔ
99 4195 162 4253 tem
184 4206 242 4275 por
257 4205 370 4274 poenas
392 4181 574 4274 corporales
592 4193 623 4249 ct
643 4181 836 4271 temporales
858 4179 1040 4266 coercendi,
1056 4181 1117 4250 bac
1137 4183 1242 4254 deno-

11 4315 12 4350 1
99 4293 278 4362 minatione
300 4291 483 4380 intelligant
497 4313 551 4360 eas
566 4313 641 4382 qum
658 4289 777 4358 directe
792 4310 910 4378 corpus
926 4288 978 4356 vel
1001 4289 1086 4356 bona
1101 4290 1242 4360 fortunae
