3032 4976
581 442 655 488 raas
678 441 781 491 rarat.
1187 421 1244 489 301

110 561 267 632 domicilii
285 585 364 632 esse
395 564 553 654 qenerale,
579 571 643 631 tres
672 563 751 632 alios
779 571 885 632 aulem
910 563 998 632 foros
1019 564 1249 653 particulares.

109 671 195 738 Nam
207 669 311 761 judex
325 669 387 738 loci
402 669 525 754 delicti,
538 671 628 738 verbi
643 671 758 759 gratia,
773 670 1029 761 jurisdictionem
1043 669 1139 737 habet
1155 672 1250 739 dom-

109 786 202 846 taxat
214 800 273 867 pro
282 801 358 845 casu
368 778 424 845 illc
437 777 623 869 particulari
635 778 742 846 delicti
752 779 792 845 ah
805 787 959 846 extraneo
971 778 1006 843 in
1016 800 1075 844 suo
1088 778 1251 846 territorio

109 886 241 975 patrati.
251 884 385 954 Elidem
398 885 501 954 currit
512 885 617 978 quoad
631 884 773 976 judicem
787 885 848 953 loci
860 893 1053 972 contractus,
1067 897 1099 952 ct
1107 883 1251 976 judicem

109 991 158 1058 rei
182 993 265 1061 sitae.
284 992 406 1060 atvero
425 991 617 1061 Ordinarius
639 991 794 1060 domicilii
814 992 1074 1083 jurisdictionem
1099 993 1250 1061 hebetia

109 1098 279 1167 subditum
295 1098 488 1188 generaliter
494 1123 503 1184 ;
522 1100 566 1166 ila
580 1107 616 1167 ut
627 1097 821 1178 extendatur
836 1100 932 1167 etiam
947 1099 1003 1166 illa
1015 1098 1197 1190 jurisdictio
1209 1101 1250 1168 ad

108 1231 223 1275 casum
242 1207 482 1298 particularem,
500 1229 566 1296 quo
581 1207 719 1299 quisque
740 1229 781 1274 ex
804 1207 897 1274 dictis
916 1206 1021 1274 trihus
1036 1207 1107 1274 aliis
1129 1207 1250 1297 judici-

106 1313 174 1381 bus
196 1313 285 1381 illam
305 1313 425 1404 pariter
444 1312 551 1382 habet.
569 1313 611 1381 Et
631 1312 703 1380 idco
728 1313 846 1380 dicitur
867 1313 973 1382 forum
997 1313 1151 1381 domicilii
1175 1337 1250 1382 cum

109 1421 218 1488 tribus
231 1420 303 1488 aliis
318 1442 527 1506 concurrere;
544 1417 631 1512 quod
646 1419 710 1488 dici
727 1421 839 1512 nequit
859 1418 899 1486 de
921 1419 989 1488 ullo
1004 1443 1044 1488 ex
1061 1421 1165 1488 tribus
1180 1421 1251 1490 aliis

106 1527 192 1595 foris
212 1555 219 1594 :
236 1550 324 1614 nam,
337 1527 428 1595 verbi
444 1526 559 1616 gratia,
576 1527 633 1618 qui
647 1534 694 1594 est
709 1535 834 1594 tentum
848 1526 950 1618 judex
967 1527 1090 1594 ratione
1106 1527 1247 1613 wisilat,

108 1658 179 1702 oon
201 1643 304 1727 potest
328 1633 473 1725 judicare
493 1635 527 1702 in
553 1657 649 1702 causo
671 1633 777 1705 delicti
803 1642 859 1702 aut
881 1641 1061 1702 contractus
1077 1661 1084 1701 :
1101 1657 1118 1701 e
1138 1643 1250 1704 contra

101 1740 212 1833 judex
228 1740 383 1810 domicilii
397 1749 501 1833 potest
515 1763 556 1810 cx
568 1764 606 1809 ec
618 1741 686 1808 solo
698 1741 791 1808 tilulo
804 1740 969 1808 subditum
985 1763 1081 1809 suum
1092 1740 1250 1832 judicare,

105 1849 210 1917 etiam
236 1848 270 1915 in
292 1870 388 1916 causa
405 1847 511 1915 delicti
533 1848 567 1914 in
586 1848 692 1915 alieno
718 1847 880 1915 territorio
903 1849 1034 1937 patrati,
1050 1856 1081 1915 ct
1104 1849 1139 1915 in
1155 1871 1251 1917 causa

106 1963 296 2024 contractus
310 1956 343 2022 in
358 1955 463 2023 alieno
478 1954 640 2022 territorio
653 1953 736 2035 initi,
753 1960 785 2020 et
808 1955 842 2022 in
861 1975 957 2022 causa
977 1950 1017 2020 dc
1037 1976 1072 2021 re
1092 1955 1124 2023 in
1146 1955 1252 2024 alieno

106 2062 276 2132 territorio
304 2061 376 2129 sita.
410 2061 491 2142 Qua
522 2071 634 2128 mutua
667 2067 807 2152 quatuor
834 2059 980 2128 fororum
1015 2061 1126 2129 relatio
1156 2061 1252 2131 valde

106 2169 307 2239 attendenda
321 2178 380 2256 est,
395 2179 431 2238 ut
447 2168 582 2237 materia
594 2166 635 2236 de
645 2166 777 2258 judiciis
793 2176 876 2236 recte
890 2168 1102 2258 intelligatur.
