3056 4972
280 435 342 498 162
648 453 825 496 valeranus
847 452 885 496 ns
908 451 1040 496 eunicus.

278 586 339 643 tate
363 576 567 660 constitutus,
592 574 722 663 quando
741 573 770 640 ei
792 595 887 640 cansa
906 571 1101 639 demandata
1119 581 1167 638 est
1191 598 1198 638 ε
1222 576 1427 638 nouantem

277 682 413 772 requiri,
432 690 467 749 ut
483 688 554 772 post
567 689 728 768 acceptam
743 679 978 769 delegationem
995 677 1068 744 talis
1084 687 1282 769 permaneat.

322 793 354 856 l.
378 789 503 856 Dantur
526 797 634 854 tamen
655 809 748 854 casus
769 785 932 871 nonnulli,
957 786 1134 876 inquibus
1158 785 1338 875 delegatae,
1364 807 1432 874 per

276 905 377 962 status
395 895 446 962 sui
463 893 676 962 mutationem
694 892 953 983 jurisdictionem
972 891 1103 977 amittit,
1125 891 1199 960 licet
1217 891 1431 982 personalem

276 1025 332 1070 seu
360 1002 480 1068 intuitu
510 1021 657 1091 persona
687 1000 750 1091 ipsi
777 1021 976 1085 concessam3
1004 1007 1036 1067 et
1061 999 1133 1068 ideo
1164 999 1200 1066 in
1224 997 1432 1090 praecedcnti

275 1109 480 1176 conclusione
501 1106 604 1197 posita
630 1107 691 1174 fuit
713 1128 779 1175 vox
803 1107 1008 1196 reprclorr'ter.
1037 1105 1101 1173 llos
1122 1115 1232 1173 autem
1256 1127 1352 1172 cesus
1377 1105 1432 1171 sic

275 1225 443 1286 enumerat
473 1213 762 1303 Schmalzgrueber
793 1215 837 1302 (in
868 1213 918 1280 tit.
945 1218 1000 1299 29,
1030 1213 1105 1281 libri
1140 1217 1152 1280 l
1186 1211 1428 1296 Decretalium,

275 1345 308 1390 n.
330 1324 381 1411 47)
407 1347 414 1387 :
442 1324 472 1386 1⁰
495 1321 522 1387 si
546 1318 711 1409 delegatus
733 1320 767 1387 in
789 1319 896 1388 delicti
919 1341 1049 1410 poenam
1072 1319 1221 1410 privatus
1247 1319 1287 1386 sit
1314 1317 1432 1387 officio

275 1429 327 1497 vel
350 1428 505 1517 dignitate
525 1453 576 1512 ...;
600 1430 633 1493 2⁰
650 1426 678 1493 si
706 1427 871 1516 delegatus
894 1425 1039 1518 deposita
1065 1425 1223 1516 dignitate
1253 1426 1431 1494 transisset

275 1536 316 1603 ad
342 1541 461 1602 statum
489 1532 780 1624 incompatibilem‚
803 1533 945 1624 exempli
969 1533 1076 1622 gratia
1099 1530 1247 1602 ducendo
1268 1555 1429 1617 uxorem,

276 1643 375 1710 etsie
404 1639 639 1731 jurisdictionis
669 1639 891 1708 ecclesiastica
916 1637 973 1707 fiat
1003 1640 1158 1731 incapa13
1183 1643 1214 1706 3·
1237 1640 1264 1706 si
1288 1639 1432 1728 religio-

277 1769 351 1816 nem
378 1747 546 1836 ingressus
569 1745 678 1832 luerit,
697 1769 763 1814 non
782 1767 1036 1838 quamcumque,
1058 1746 1113 1814 scd
1140 1746 1251 1832 talem,
1274 1747 1309 1814 in
1329 1745 1432 1836 cujus

224 1919 227 1927 .
276 1853 560 1922 constitutionibus
587 1875 759 1921 cansarum
789 1852 1010 1942 delegatorum
1042 1855 1186 1943 cognitio
1217 1863 1247 1920 et
1274 1853 1431 1920 executio

277 1959 456 2051 specialiter
471 1959 674 2051 prohibetur.

324 2073 354 2134 9.
376 2068 487 2136 Cessat
504 2065 689 2159 jurisdictio
711 2065 848 2156 delegati
864 2089 921 2157 per
940 2069 1176 2136 revocationem
1197 2066 1427 2157 delegationis,

278 2201 297 2244 a
312 2175 480 2264 delegante
492 2175 543 2241 vel
559 2173 630 2262 ejus
642 2173 808 2264 superiore
821 2173 950 2241 factam.
966 2175 1007 2242 Et
1024 2177 1069 2242 sic
1085 2183 1194 2243 tenent
1206 2173 1431 2242 communiter

279 2284 444 2351 Doctores.

322 2387 537 2457 Statuendum
557 2395 663 2454 tamen
686 2395 733 2454 est
755 2385 929 2455 discrimen
949 2389 1033 2457 inter
1053 2389 1197 2479 primum
1218 2387 1429 2475 delegantem

279 2506 310 2565 et
333 2494 595 2585 subdelegantem
617 2523 623 2561 :
647 2495 774 2585 primus
798 2495 950 2584 delegans
967 2517 1119 2563 revocare
1136 2504 1243 2585 potest
1262 2493 1430 2586 jurisdic-

279 2605 400 2671 tionem
430 2602 464 2668 in
489 2609 605 2688 totum,
628 2602 725 2668 etiam
758 2623 855 2669 cansa
879 2602 945 2692 jam
976 2604 1113 2693 incepta.
1142 2602 1265 2669 Atvero
1290 2601 1352 2669 alia
1377 2611 1431 2668 est

280 2709 420 2780 conditio
442 2708 588 2798 ejusqui
612 2707 835 2797 subdelegavit
857 2735 866 2794 3
889 2709 917 2775 is
938 2709 1038 2794 enim,
1066 2708 1118 2776 vel
1143 2709 1368 2797 subdelegavit
1390 2709 1430 2776 in

281 2827 396 2902 totum,
423 2814 474 2882 vel
498 2814 639 2905 aliquam
666 2815 835 2884 dumtaxat
858 2837 963 2884 eausae
987 2823 1111 2907 partem
1140 2843 1147 2882 :
1173 2815 1209 2884 Si
1229 2817 1334 2908 prius,
1354 2816 1429 2905 jam

281 2931 429 2992 censetur
445 2919 551 2989 officio
574 2943 633 2987 suo
657 2921 800 3006 functus,
824 2945 883 2989 nec
904 2930 1019 3013 potest,
1043 2944 1140 2991 causa
1163 2923 1301 3013 incepta,
1321 2921 1430 3012 juris-

282 3031 454 3099 dictionem
477 3051 496 3094 a
516 3026 725 3116 subdelegato
748 3051 926 3101 revocare:
951 3029 978 3094 si
1000 3027 1173 3118 posterius,
1200 3049 1274 3095 cum
1299 3027 1431 3119 aliquid

278 3131 512 3227 jurisdictionis
537 3132 599 3199 sibi
624 3137 852 3222 reservaverit,
877 3135 1007 3225 poterit,
1032 3135 1129 3201 etiam
1160 3155 1257 3201 cansa
1275 3134 1429 3224 incepta,

165 3275 167 3280 ·
281 3237 575 3326 subdelegationem
600 3261 761 3308 revocare.
791 3241 887 3334 (Vide
907 3239 1213 3328 Schmalzgrueber,
1236 3241 1270 3305 in
1295 3240 1344 3306 tit.
1367 3245 1428 3326 29,

282 3348 304 3414 l.
326 3351 339 3412 l
359 3341 586 3430 Decretalium,
611 3368 642 3412 n.
662 3347 998 3434 tt;ecFerra1-is,v⁰
1018 3347 1203 3438 Detegetur,
1223 3371 1256 3413 n.
1278 3350 1318 3413 79
1337 3375 1343 3415 :
1365 3350 1431 3438 qui

284 3476 352 3521 rem
370 3451 470 3518 variis
485 3449 625 3517 textibus
636 3451 720 3542 juris
736 3456 899 3546 probant.)

331 3565 361 3628 a.
377 3556 680 3646 Cessaljurisdictio
692 3559 829 3651 delegati
842 3559 972 3654 quando
982 3560 1174 3628 sententiam
1188 3561 1427 3651 pronuntiavit,

283 3689 418 3758 carraque
434 3663 619 3732 executioni
636 3666 802 3736 mandavit
818 3668 869 3736 vel
883 3666 1032 3734 mandari
1048 3666 1212 3757 pracepit.
1236 3666 1367 3734 Constat
1384 3689 1429 3734 ex

285 3777 388 3866 capite
417 3776 455 3838 In
481 3771 597 3838 litteris
624 3771 668 3860 (9,
692 3773 779 3841 tituli
801 3779 857 3861 29,
879 3775 901 3842 l.
928 3779 942 3842 1
967 3774 1207 3864 Decretalium).
1234 3775 1271 3842 ln
1293 3796 1358 3866 quo
1380 3776 1431 3843 sic

167 3942 168 3950 ,
287 3879 473 3950 Alexander
482 3879 545 3946 lll:
562 3880 617 3944 Eo
629 3880 806 3969 quojudeo
816 3881 981 3971 delepotus
989 3903 1050 3971 per
1061 3903 1093 3948 se
1104 3881 1225 3971 velper
1234 3881 1340 3949 olium
1353 3904 1430 3951 sen-

285 3990 424 4058 tentiam
437 3987 619 4054 eceoutlom'
630 3986 814 4070 mandavit,
826 3989 878 4058 vel
886 3989 1044 4058 mandari
1047 3990 1218 4082 pracepit,
1230 3991 1262 4080 ej
1265 4013 1302 4058 us
1313 4003 1429 4058 aecto-

284 4100 366 4166 ritas
382 4107 412 4161 et
420 4085 610 4184 jarrisdictc'o
626 4107 745 4178 cessut;
760 4097 837 4187 quia
849 4098 948 4164 semel
961 4109 1005 4164 est
1019 4097 1122 4187 officio
1134 4098 1275 4187 (unctus.
1287 4099 1428 4180 Quando

168 4217 170 4222 '
287 4226 365 4297 ergo
392 4201 556 4290 delegatus
579 4199 640 4269 hoc
663 4204 825 4292 praestitit,
852 4225 918 4271 nou
941 4213 1043 4294 potest
1060 4203 1202 4296 amplius
1227 4227 1295 4272 sese
1317 4227 1427 4274 caussa
