3030 4980
451 519 455 526 .
528 487 602 533 rans
629 485 774 532 saeuum.
1158 463 1220 530 383

76 640 96 680 c
121 610 236 681 eodem
258 609 410 703 accipi.»
438 609 487 700 (ln
507 631 578 700 cap.
605 612 755 678 Romano
778 610 810 694 l,
834 607 874 676 dc
899 606 1014 699 Officio
1037 605 1168 688 Vioorii,
1187 608 1221 674 in

73 729 184 804 sexto,
203 742 237 787 n.
258 719 303 808 3.)

122 827 307 894 Pnorosnro
322 822 378 890 11⁸.
397 859 442 874 -
456 825 643 913 Nonpotcst
655 825 763 912 facere
778 823 970 914 Episcopus,
987 836 1025 892 ut
1040 823 1098 914 qui
1108 823 1224 891 volun-

76 933 205 1000 tariam
221 931 399 999 dumtaxat
407 927 677 1020 jurisdictionem
692 930 779 998 uolet
794 953 950 1012 caucos,
964 931 1006 999 sit
1020 954 1113 999 vaus
1132 931 1225 999 Vico-

74 1039 147 1106 rz'ns
162 1035 323 1128 pectoralis
339 1035 375 1104 ia
388 1057 484 1102 sensu
492 1035 515 1125 j
519 1035 599 1102 oris.
609 1073 654 1088 -
668 1035 790 1126 Nequit
811 1035 897 1102 enim
921 1035 1101 1126 Episcopus
1121 1033 1226 1102 iacere

74 1152 114 1211 ut
136 1143 293 1213 Vicarius
313 1141 475 1232 generalis
496 1141 552 1209 ille
570 1143 627 1227 sit,
652 1142 710 1232 qai
728 1149 815 1209 caret
828 1141 1038 1210 attributione
1053 1140 1226 1208 vicariatus

75 1251 240 1340 generalis
262 1248 472 1317 constitutiva
499 1257 530 1315 et
554 1247 741 1336 essentiali3
769 1248 861 1338 atqui
880 1247 953 1316 talis
973 1248 1055 1316 loret
1074 1246 1225 1316 Vicarius

74 1357 230 1448 Episcopi
265 1356 323 1447 qui
357 1355 577 1423 voluntariam
614 1353 787 1422 dumtaxat
820 1353 1078 1445 jurisdictionem
1118 1353 1225 1424 valide

73 1472 186 1555 posset
208 1485 360 1532 exercere
381 1460 447 1529 :ad
469 1461 642 1528 essentiam
662 1461 749 1528 enim
773 1460 949 1529 vicariatus
969 1460 1132 1550 generalis
1151 1483 1224 1552 pcr-

74 1572 181 1639 tinere
197 1581 234 1640 ut
246 1570 310 1662 ipsi
324 1577 486 1659 competat
499 1567 696 1660 pmcralitas
718 1591 774 1636 sau
800 1567 1029 1636 urzioersalitos
1044 1568 1224 1659 (moraliter

73 1679 190 1746 saltem
206 1675 379 1766 intellecta)
388 1675 634 1765 jurisdictionis
650 1674 852 1766 episcopalis,
870 1697 970 1766 supra
985 1674 1154 1766 probatum
1177 1685 1225 1744 est

76 1785 192 1876 (hujus
213 1785 329 1876 capitis
353 1783 373 1874 ᾖ
390 1785 419 1872 1)
443 1811 450 1849 :
473 1781 528 1850 sed
545 1805 644 1874 penas
666 1805 754 1869 eum,
773 1783 829 1873 qui
849 1782 1067 1851 voluntariam
1083 1791 1223 1872 tautum,

73 1902 267 1961 nouantem
289 1890 536 1975 contentiosam,
557 1889 710 1981 Episcopi
727 1888 984 1980 jurisdictionem
1004 1889 1109 1958 valide
1129 1913 1224 1960 exer-

73 2021 149 2067 cere
174 2007 289 2090 potest,
313 1996 499 2066 nullatenus
520 2005 582 2064 stat
604 1996 790 2088 jurisdictio
815 1996 965 2089 Episcopi
985 1997 1146 2088 pennalis
1166 2021 1224 2068 seu

74 2105 293 2186 ostensolia·
314 2103 410 2172 habet
431 2105 552 2194 quippe
574 2103 746 2172 dumtaxat
768 2102 939 2172 dimidiam
963 2105 1050 2172 illius
1068 2104 1224 2196 jurisdic-

73 2211 176 2280 tionis
193 2218 342 2304 partem:
360 2231 440 2300 ergo
455 2209 570 2300 nequit
583 2231 651 2276 esse
677 2231 775 2278 verus
794 2208 830 2276 in
848 2232 945 2278 sensu
962 2209 1049 2300 juris
1073 2209 1224 2280 Virarius

73 2318 252 2408 generalis.

121 2426 207 2494 Hinc
218 2425 370 2494 Vicarius
392 2423 450 2515 qui
471 2423 512 2492 ab
532 2424 692 2514 Episcopo
709 2423 921 2514 deputaretur
936 2447 1088 2516 expresse
1104 2435 1135 2494 et
1154 2450 1221 2495 res-

73 2534 206 2602 trictiva
229 2531 270 2600 ad
294 2531 489 2601 voluutariae
515 2531 751 2622 jurisdictionis
786 2533 991 2618 exercitium,
1013 2556 1220 2625 nequaquem

73 2640 161 2710 toret
183 2641 336 2709 Vicarius
355 2639 529 2730 generalis,
557 2638 613 2706 sed
636 2660 745 2706 merus
766 2638 947 2728 delegatum
970 2640 1096 2731 ipsique
1116 2640 1223 2731 appli-

74 2749 189 2818 candae
213 2749 319 2816 forent
345 2748 571 2840 dispositiones
599 2747 684 2839 juris
706 2769 781 2837 quae
805 2745 1001 2840 delegatum,
1025 2757 1219 2817 nouantem

74 2879 152 2948 qum
168 2855 353 2945 generalem
374 2854 525 2946 Episcopi
539 2854 707 2922 Vicarium
731 2852 918 2943 respiciunt.

121 2964 305 3032 Pnorosrrro
320 2963 391 3030 1112.
406 3001 451 3014 -
466 2963 541 3030 Non
550 2972 659 3051 potest
671 2962 778 3052 socero
793 2961 985 3052 Episcopus,
1002 2974 1041 3030 ut
1059 2965 1119 3054 qui
1140 2987 1221 3034 con-

76 3072 253 3139 tortiosom
277 3069 456 3138 dumtoaot
473 3067 745 3159 jurisdictionem
771 3069 859 3138 volet
882 3091 1038 3152 ermom,
1062 3072 1104 3140 sit
1125 3096 1221 3142 versu

78 3178 240 3269 officialis
252 3178 287 3245 ia
301 3199 395 3244 sensu
408 3175 513 3268 juris.
531 3175 689 3262 -Nam,
706 3197 746 3242 cx
770 3177 990 3267 propositione
1006 3178 1124 3269 prima,
1141 3181 1222 3251 Offi-

75 3285 167 3352 cialis
178 3284 307 3376 proprie
320 3284 425 3352 dictus
435 3305 492 3352 seu
503 3281 705 3373 principalis,
718 3283 851 3350 omnino
861 3283 948 3351 idem
958 3295 1006 3352 est
1016 3308 1053 3353 ac
1068 3286 1222 3358 vicarius

75 3392 239 3482 generalis
251 3391 400 3481 Episcopi
412 3415 420 3476 ;
435 3391 479 3456 ita
491 3397 526 3455 ut
539 3389 573 3454 iu
585 3387 752 3456 officialem
765 3389 955 3479 hujusmodi
964 3389 1020 3481 jus
1029 3395 1220 3464 canonicum

75 3521 144 3567 non
158 3505 310 3588 agnoscat
326 3496 388 3564 nisi
404 3519 479 3564 eum
491 3495 548 3586 qui
564 3493 606 3561 sit
620 3517 695 3563 vere
709 3495 870 3584 generalis
886 3496 1035 3589 Episcopi
1047 3500 1217 3570 Vicarius:

74 3630 156 3697 argo
171 3605 285 3673 omnia
299 3603 483 3672 essentialia
502 3601 543 3668 ad
565 3601 827 3670 constituendum
850 3603 1021 3673 Viearium
1037 3609 1218 3696 generalem

75 3721 154 3781 sunt
180 3713 276 3781 etiam
301 3709 483 3778 essentialia
508 3710 549 3777 ad
576 3708 837 3778 constituendum
861 3709 1042 3780 Officialem
1061 3741 1068 3781 :
1087 3716 1155 3796 sed,
1184 3728 1221 3786 ut

76 3819 174 3888 modo
194 3818 419 3908 probavimus,
435 3815 476 3883 ad
499 3813 762 3882 constituendum
778 3814 948 3884 Vicarium
968 3819 1151 3906 generalem
1168 3843 1220 3888 re-

75 3927 220 4018 quiritur
230 3923 464 4015 jurisdictionis
476 3922 666 4013 episcopalis
683 3922 878 4011 generalitas
898 3947 955 3992 seu
974 3925 1217 4010 universalitas;

75 4055 154 4122 ergo
170 4031 282 4101 eadem
300 4030 525 4100 universalitas
543 4027 584 4096 ad
603 4027 809 4097 efficiendum
825 4053 939 4098 verum
959 4031 993 4097 in
1014 4055 1112 4103 sensu
1132 4035 1218 4126 juris

77 4139 254 4208 Officialem
273 4139 392 4230 pariter
406 4137 595 4230 requiritur.
609 4135 682 4204 lam
699 4159 789 4224 vero,
802 4139 859 4228 qui
873 4140 1106 4208 contentiosam
1121 4143 1218 4213 dum-

77 4255 166 4316 taxat
190 4245 448 4338 jurisdictionem
474 4243 581 4314 valide
607 4266 757 4312 exercere
788 4245 885 4333 valet,
911 4267 974 4314 non
1002 4248 1218 4322 coniocrsalom
