3056 4972
300 474 364 538 224
672 491 848 538 rnrcrsrns
870 491 910 538 nn
931 491 1065 538 runicus.

300 611 446 682 revocari
458 633 624 682 aerumnas
635 639 646 680 .·
658 613 760 682 etiam
774 612 888 705 quood
898 613 1029 703 repotia
1037 613 1118 704 jam
1133 612 1271 705 acepta,
1287 625 1318 681 et
1329 633 1440 680 curuos

301 721 336 788 in
351 721 469 812 quidus
477 743 541 812 per
556 720 668 813 ipsum
682 720 721 790 lis
733 721 835 812 [coit
859 733 937 788 onte
951 733 1091 788 mortem
1105 719 1303 812 hujusmodi
1319 733 1441 789 contes-

303 840 387 896 tato.
406 827 530 920 (Capite
551 832 583 915 l,
601 827 688 896 tituli
704 830 758 914 to,
775 827 851 895 libri
867 831 882 894 1
902 826 1206 917 Clementinarum.l
1224 828 1274 896 Ex
1288 849 1353 919 qua
1366 827 1441 896 Cle-

302 935 446 1004 mentina
471 936 630 1027 seqnitur,
656 935 754 1004 etiam
782 941 958 1004 contestata
982 935 1050 1023 lite,
1074 957 1200 1004 cessam
1224 935 1442 1027 procuratoris

301 1050 489 1134 potestatem
512 1065 571 1135 per
590 1051 727 1111 mortem
747 1042 984 1129 constituentis,
1000 1043 1029 1110 si
1048 1043 1249 1112 constituens
1268 1042 1360 1112 illnm
1384 1042 1443 1111 de·

300 1150 463 1242 putaverit
477 1172 537 1242 pro
551 1150 649 1218 rebus
668 1149 821 1220 Ecclesia
835 1172 917 1232 aaa,
932 1149 985 1218 ccl
996 1149 1141 1241 beneficti
1154 1151 1220 1221 cui.

345 1261 376 1324 7.
392 1257 528 1348 Expirat
539 1258 757 1349 procuratoris
771 1264 911 1351 potestas
924 1279 983 1351 per
994 1257 1100 1349 ipsius
1114 1257 1256 1345 obitum;
1273 1279 1312 1326 eo
1325 1278 1442 1348 nempe

298 1386 409 1451 sensu,
425 1363 514 1456 qnod
528 1364 570 1434 ad
586 1363 734 1434 heredes
747 1365 853 1458 ipsius
869 1387 934 1433 non
947 1373 1102 1434 transeat.
1119 1363 1221 1456 quue
1234 1363 1276 1433 ab
1288 1363 1442 1433 omnibns

300 1479 336 1542 ut
354 1479 478 1542 certum
494 1471 687 1560 admittitur,
700 1495 743 1542 ex
762 1495 802 1541 ea
819 1471 943 1541 ratione
957 1472 1046 1564 quod
1065 1471 1100 1540 in
1115 1479 1323 1564 procuratore
1338 1470 1442 1560 eliga-

300 1589 354 1648 tur
372 1579 551 1671 personalis
569 1578 743 1648 industria.
768 1579 972 1672 applicanda
992 1587 1101 1648 antem
1124 1581 1217 1650 venit
1237 1579 1307 1648 haec
1327 1577 1442 1668 regula

299 1688 398 1758 etiam
412 1687 446 1754 in
460 1709 537 1756 casu
551 1686 690 1778 inceptae
704 1687 772 1779 jam
787 1709 906 1758 causae.

827 1901 915 1993 aa.

299 2065 335 2116 De
350 2065 563 2130 procuratoribus
577 2063 791 2117 communitatum
805 2078 851 2115 seu
870 2062 1080 2127 universitatum,
1093 2063 1138 2128 qui
1154 2067 1180 2112 ct
1192 2059 1294 2128 syndici
1304 2065 1443 2112 vocantur.

344 2227 382 2294 ln
393 2224 615 2317 superioribus
630 2225 845 2318 paragraphis
858 2225 986 2315 egimus
997 2224 1038 2294 de
1050 2231 1270 2316 procuratore,
1281 2231 1445 2316 quatenus

301 2357 322 2402 a
343 2333 480 2425 privatis
501 2332 648 2426 personis
672 2333 860 2401 constituto.
887 2332 984 2401 Nunc
1005 2332 1046 2400 de
1069 2332 1333 2423 procuratoribus
1359 2353 1445 2422 qnos

300 2440 364 2509 sibi
378 2440 577 2508 constituunt
591 2439 828 2521 universitates,
840 2438 1077 2508 disserendum.
1092 2438 1318 2510 Universitatis
1332 2445 1445 2505 antem

301 2548 434 2616 nomine
458 2547 511 2615 nic
536 2547 752 2637 intelligimus
774 2547 941 2637 quodlibet
968 2569 1086 2638 corpus
1111 2546 1233 2614 morale
1259 2567 1302 2613 ex
1327 2544 1445 2613 multis

301 2654 449 2746 personis
462 2653 663 2740 coalescens;
680 2651 792 2744 quales
803 2662 891 2740 sunt,
901 2654 993 2722 verbi
1008 2653 1128 2744 gratia,
1139 2653 1295 2739 civitates,
1309 2651 1445 2720 ordines

301 2761 455 2851 religiosi,
489 2761 696 2846 monasteria,
728 2759 892 2847 Ecclesiae,
922 2760 1057 2850 collegia
1086 2759 1282 2845 studiorum,
1307 2758 1446 2847 collegia

298 2867 467 2959 opificum.
494 2865 691 2958 Hujusmodi
714 2887 791 2934 veru
812 2867 1062 2935 universitatum
1086 2889 1144 2935 sen
1170 2865 1444 2935 communitatum
1515 2943 1516 2960 ἶ

276 2969 280 2980 ’
300 2981 535 3067 procuratores,
553 2973 685 3064 proprio
700 2973 832 3042 nomine
848 2973 975 3066 syndici
989 2974 1094 3043 vocati
1108 2981 1197 3042 sunt.
1213 2971 1317 3040 Hodie
1332 2981 1445 3040 tamen
1515 2961 1516 3020 l

301 3083 368 3150 fere
381 3080 462 3149 solet
477 3081 637 3149 reservari
652 3080 823 3172 appellatio
837 3082 899 3149 ista
912 3081 1175 3172 procuratoribus
1192 3080 1249 3172 qui
1264 3103 1284 3146 a
1298 3077 1446 3169 collegiis

299 3189 486 3258 studiorum
501 3188 709 3278 deputantur.
721 3188 921 3258 Caetcrerum
936 3212 1013 3257 vero
1024 3188 1293 3258 communitatum
1309 3185 1445 3277 syndici

282 3291 471 3364 'commune
486 3299 734 3384 procuratorum
753 3315 873 3362 nomen
889 3295 1042 3362 retinent.
1059 3294 1132 3375 Quo
1154 3301 1336 3385 praenotato
1353 3313 1446 3382 prae-

299 3403 411 3493 cipnas
437 3401 522 3493 juris
550 3401 633 3468 sacri
662 3399 899 3491 dispositiones,
928 3401 968 3469 ad
997 3401 1187 3493 hujusmodi
1214 3407 1447 3492 procuratores

297 3515 489 3600 spectantes,
504 3505 567 3576 hoc
580 3505 676 3575 modo
688 3510 809 3598 exponi
823 3531 917 3600 posse
929 3509 1009 3577 visae
1024 3518 1101 3577 sunt
1118 3535 1126 3576 ε

346 3620 374 3686 t.
392 3617 437 3684 Ut
449 3615 509 3683 rite
524 3614 739 3683 constituatur
753 3614 893 3706 alicujus
908 3616 1129 3686 universitatis
1146 3636 1204 3682 sen
1219 3615 1448 3682 communita-

298 3726 338 3794 tis
363 3721 722 3814 procurator,vocandi
744 3730 821 3790 sunt
840 3723 1028 3814 omnesqui
1049 3723 1105 3815 jus
1129 3719 1277 3810 suffragii
1304 3720 1446 3809 habeut,

294 3833 391 3925 juxta
405 3829 552 3921 regulam
565 3827 650 3920 juris
665 3831 706 3895 29
724 3829 757 3894 in
773 3842 863 3898 secto
876 3857 887 3896 :
902 3829 1000 3913 Quod
1013 3852 1124 3898 ornnes
1139 3829 1259 3920 tangit,
1274 3827 1317 3895 cd
1332 3829 1449 3896 omni-

298 3940 357 4006 bus
371 3937 461 4006 debet
476 3935 665 4028 approbari.
677 3935 799 4027 Estque
813 3946 906 4006 extra
918 3959 1049 4006 omnam
1065 3935 1332 4021 controversiam,
1345 3937 1449 4006 inva-

296 4045 398 4114 lidam
412 4043 480 4112 fore
494 4041 712 4134 procuratoris
727 4043 926 4132 electionem,
940 4045 971 4112 si
987 4057 1099 4114 vocata
1111 4065 1178 4110 non
1192 4042 1314 4111 tuerint
1329 4044 1450 4112 omnia

297 4151 537 4222 communitatis
558 4151 717 4238 membra,
734 4151 853 4242 quibus
868 4152 1061 4243 suffragium
1077 4151 1255 4220 decisivnm
1270 4153 1446 4242 competit.

342 4263 374 4330 2.
393 4256 442 4347 Si,
459 4255 579 4326 vocatis
593 4255 745 4326 omnihus
760 4258 926 4346 vocandis,
943 4258 1127 4351 aliquinum
1141 4257 1287 4344 veniant,
1301 4267 1450 4348 possunt
