3056 4972
588 489 661 532 raas
685 490 790 534 ratur.
1195 467 1254 532 169

109 611 168 674 tur
179 605 341 698 judicium
362 605 611 676 ecclesiasticum
629 608 775 676 nullitate
795 608 954 694 laborare,
972 629 1011 676 er
1029 629 1067 676 eo
1088 607 1156 676 solo
1169 607 1256 700 quod

110 715 215 783 Actor
228 715 280 784 vel
296 715 385 783 Reus
401 714 521 784 surdus
540 723 649 784 mutus
665 716 775 786 inerit.

156 823 239 889 Item
269 821 434 913 praedictis
456 821 654 913 adjungebat
680 823 838 913 legislatio
863 822 1063 893 Justinianea
1088 821 1255 914 prodigos,

109 951 168 998 eos
182 928 303 996 scilicet
319 928 376 1020 qui
391 929 433 996 ob
449 929 565 998 vitium
590 929 825 1021 prodigalitatis
845 951 981 999 suorum
1003 929 1164 997 bonorum
1186 952 1259 1019 ges-

110 1036 204 1104 tione
227 1036 391 1106 interdicti
415 1043 501 1104 sunt.
521 1035 614 1119 Quod
641 1037 772 1128 quidem
797 1037 928 1125 vitium,
944 1037 1017 1106 lieet
1041 1037 1075 1103 in
1100 1036 1168 1105 solo
1187 1036 1258 1104 loro

110 1143 264 1211 saeculari
289 1144 491 1233 recognitum
507 1151 539 1212 et
559 1144 819 1236 pronuntiatum,
836 1144 875 1212 de
899 1145 974 1236 jure
998 1143 1094 1212 etiam
1117 1143 1258 1213 naturali

110 1251 276 1341 impedire
291 1250 384 1318 debet
401 1273 442 1319 ne
457 1273 495 1320 eo
506 1251 657 1320 laborans
671 1258 730 1320 stet
745 1253 779 1319 in
792 1250 915 1343 judicio
928 1251 1140 1320 ecclesiastico
1156 1250 1256 1318 civili.

110 1357 204 1425 Talis
218 1359 306 1425 enim
321 1381 387 1426 non
409 1366 512 1450 potest
535 1358 713 1450 prudenter
727 1359 882 1451 praesnmi
908 1358 1028 1426 habilis
1051 1357 1091 1426 ad
1112 1381 1170 1426 sua
1184 1358 1259 1450 jura

111 1465 145 1532 in
162 1465 300 1533 materia
313 1464 403 1534 civili
417 1488 525 1534 coram
545 1464 654 1556 judice
677 1466 890 1534 ecclesiastico
905 1474 989 1533 recte
1005 1463 1231 1556 prosequenda
1250 1489 1256 1530 :

110 1593 154 1638 an
178 1577 288 1638 antem
310 1569 397 1638 idem
420 1569 593 1639 dicandum
622 1572 663 1639 sit
687 1571 794 1663 quoad
821 1570 982 1663 judicium
1011 1570 1257 1639 ecclesiasticum

111 1677 147 1746 in
165 1677 300 1745 materia
315 1677 489 1765 criminali,
502 1678 545 1745 ita
559 1685 595 1745 ut
608 1699 713 1771 neque
725 1678 759 1746 in
771 1679 828 1746 illa
842 1678 998 1771 prodigus
1015 1679 1116 1769 possit
1130 1676 1260 1746 Actoris

112 1783 168 1851 vel
184 1783 245 1852 Rei
259 1805 432 1873 personam
447 1784 618 1872 sustinere,
637 1785 716 1853 mibi
731 1807 796 1854 non
812 1785 927 1877 liquet.

160 1891 204 1958 Π.
233 1894 280 1958 Dc
301 1892 453 1983 pupilles.
478 1931 523 1942 -
549 1891 615 1960 Nec
641 1892 815 1961 convenire
843 1913 901 1960 nec
927 1891 1094 1960 conveniri
1126 1899 1261 1982 possunt

114 1997 189 2064 sine
209 1998 403 2066 authoritate
426 2000 553 2067 tutoris.
576 1999 624 2067 lta
646 2000 805 2088 legislatio
828 1999 1041 2086 Justinianea,
1059 1999 1101 2066 ab
1119 1999 1261 2067 Ecclesia

114 2103 224 2195 quoad
255 2106 338 2172 bauo
378 2113 500 2198 partem
544 2115 680 2197 recepta.
728 2106 887 2174 ludicatos
923 2113 1032 2174 testare
1062 2105 1135 2173 vide
1172 2105 1258 2196 apud

116 2211 410 2300 Scbmalzgrncber
427 2211 473 2304 (in
501 2213 631 2280 titulum
652 2213 691 2282 de
716 2213 863 2296 tudiciis,
886 2213 960 2282 libri
986 2217 1005 2280 2
1031 2211 1258 2298 Decretalium,

8 2389 9 2392 ,
115 2341 152 2384 n.
172 2319 240 2408 25).
258 2319 305 2386 Ea
320 2340 398 2387 vcro
422 2317 588 2411 dispositio
612 2317 770 2389 fundatur
791 2320 863 2410 lege
883 2320 1036 2407 naturali,
1052 2327 1089 2386 ut
1104 2319 1181 2388 satis
1202 2341 1261 2410 pa-

8 2487 10 2494 ,
117 2435 181 2511 tet,
201 2425 288 2494 unde
310 2426 469 2494 censenda
484 2427 618 2494 omnino
634 2435 681 2494 est
702 2425 878 2496 hodiedum
894 2427 1017 2517 vigere.
1034 2428 1137 2495 Datur
1154 2434 1260 2494 tamen

116 2533 264 2625 exceptio
279 2533 385 2626 quoad
401 2556 514 2602 causas
527 2534 722 2621 criminales,
741 2534 910 2626 inquibus
934 2534 1085 2603 delictum
1104 2557 1168 2602 non
1186 2555 1260 2624 pos-

117 2649 166 2708 set
188 2640 282 2707 alitor
295 2641 437 2732 probari.
457 2641 494 2708 ln
510 2641 562 2708 hie
577 2641 696 2709 seilicet
711 2643 808 2710 etiam
824 2642 970 2734 pupillus
990 2649 1144 2733 tanquam
1162 2641 1261 2707 Actor

117 2747 311 2815 admittitur.
329 2748 431 2818 Verbi
454 2748 570 2838 gratia,
586 2749 613 2814 si
629 2771 710 2840 pner
725 2771 834 2816 coram
855 2749 1013 2841 Episcopo
1029 2748 1181 2817 clericum
1197 2746 1260 2813 cri-

119 2855 218 2924 minis
236 2863 362 2924 accuset
377 2863 408 2923 et
420 2855 516 2946 juxta
532 2855 618 2945 leges
634 2856 743 2947 puniri
758 2879 833 2924 eum
857 2856 1008 2948 postulet,
1024 2877 1141 2945 graves
1162 2853 1259 2921 simul

119 2963 268 3032 indicans
292 2963 404 3031 asserti
429 2963 647 3054 probationes,
665 2972 769 3056 potest
793 2963 971 3055 Episcopus
996 2963 1156 3054 pupillum
1174 2963 1261 3030 hunc

120 3093 181 3162 pro
197 3071 313 3139 Actora
335 3071 453 3138 babere
467 3079 499 3138 et
514 3092 701 3161 processum
726 3071 898 3140 instruere.
917 3070 997 3152 Qua
1013 3070 1158 3161 exceptio
1183 3070 1262 3137 fun-

120 3177 218 3247 datur
247 3177 343 3246 etiam
370 3177 444 3268 jure
475 3177 634 3263 naturali;
662 3177 786 3246 bonum
816 3199 932 3268 nempe
963 3176 1129 3268 publicum
1158 3175 1263 3266 exigit

8 3343 9 3358 ,
121 3284 259 3353 crimina
281 3284 394 3375 plecti;
412 3283 475 3351 nisi
495 3291 604 3352 autem
624 3285 658 3352 in
683 3284 745 3352 boc
766 3307 843 3354 casu
865 3283 1112 3353 admitterentur
1132 3283 1260 3375 pupilli,

8 3415 9 3472 4
120 3395 232 3484 aliqua
245 3393 381 3461 crimina
398 3392 559 3485 impunita
579 3401 795 3462 remanerent.

8 3595 9 3598 Ἴ
168 3501 224 3568 ΠΙ.
245 3503 291 3568 De
304 3499 486 3568 minoribus
500 3504 542 3567 25
551 3501 664 3568 onnia
678 3500 1008 3590 -Distinguendum
1023 3507 1071 3569 est
1085 3499 1170 3567 inter
1184 3521 1262 3567 ccu-

8 3615 9 3704 l
120 3629 175 3676 sos
188 3605 386 3698 spirituales,
404 3629 479 3698 quae
500 3628 617 3699 nempe
637 3615 757 3676 attenta
770 3629 881 3676 earum
909 3608 1046 3676 materia
1066 3607 1105 3676 ad
1119 3605 1262 3698 judicem

8 3721 9 3778 3
122 3714 372 3784 ecclesiasticum
401 3716 573 3805 pertinent,
591 3715 682 3784 verbi
707 3716 824 3806 gratia,
846 3738 959 3785 causas
977 3715 1017 3783 de
1042 3713 1261 3798 matrimonio,

121 3821 162 3888 de
177 3820 345 3907 beneficio,
362 3820 401 3888 de
421 3821 496 3912 jure
509 3827 700 3913 patronatus
714 3837 745 3890 et
761 3823 840 3890 alias
856 3822 1035 3914 ejusmodi3
1052 3820 1136 3890 inter
1151 3843 1263 3890 causas

123 3926 316 4019 temporales
330 3927 555 4016 spiritualibus
574 3951 741 4012 auoecos;
760 3939 791 3998 et
814 3952 927 3998 causas
949 3951 1034 3998 mee
1056 3930 1261 4020 temporales,

8 4059 10 4110 s
121 4057 197 4126 qnae
213 4033 411 4124 pertinerent
431 4035 471 4102 ad
493 4035 635 4126 judicem
652 4037 854 4124 saecularem,
871 4036 933 4104 nisi
949 4035 1140 4105 dirimendae
1159 4045 1265 4104 essent

8 4151 9 4230 ἶ
123 4169 142 4212 a
161 4145 351 4233 magistratu
365 4142 577 4212 ecclesiastico
592 4153 724 4237 propter
740 4144 947 4236 privilegium
971 4143 1045 4230 fori,
1063 4141 1094 4210 id
1111 4150 1171 4231 est,
1187 4142 1264 4239 quie

124 4252 214 4320 Reus
231 4258 278 4318 cst
299 4249 444 4319 clericus.
