3056 4972
559 477 633 525 rrns
656 479 760 526 rarus.
1169 461 1229 528 18³

91 601 176 671 Reus
191 601 324 694 quidem
347 607 451 694 potest
470 599 512 670 ad
524 599 687 692 judicium
703 600 868 692 compelli;
885 608 917 670 et
931 609 1044 670 contra
1065 601 1187 694 ipsum,
1203 607 1231 674 si

90 731 275 800 comparere
285 716 423 795 recuset,
434 715 539 800 potest
551 707 709 776 sententia
718 706 934 798 pronuntiari.
944 708 1065 776 Atvero
1074 717 1231 802 tanquam

91 817 202 909 reputo
224 817 385 907 peneralr's
407 815 590 886 admittitur
616 815 781 883 neminem
809 816 881 904 cogi
903 837 996 906 posse
1018 825 1055 884 ut
1075 825 1230 908 tanquam

91 933 177 993 actor
192 926 227 994 in
240 924 404 1018 judicium
423 925 540 994 veniat.
558 923 714 993 Liberum
736 944 852 1014 nempe
869 930 918 992 est
932 923 1076 1012 cuilibet,
1094 947 1135 994 an
1151 925 1233 994 velit

90 1031 142 1124 jus
157 1041 189 1102 et
204 1033 377 1120 actionem,
394 1055 469 1126 quse
491 1032 554 1124 ipsi
576 1030 732 1102 adversus
747 1030 849 1100 atium
868 1040 1068 1123 competunt,
1084 1031 1232 1103 deserere

94 1141 140 1208 vel
155 1141 321 1233 persequi.
335 1141 416 1224 Quae
432 1139 547 1230 regula
557 1138 730 1229 generalis,
741 1138 812 1230 ipso
824 1139 898 1230 jure
910 1139 1064 1227 naturali,
1079 1147 1116 1208 ut
1131 1150 1229 1232 petet,

92 1247 251 1318 innititur.
268 1249 396 1318 Dantur
410 1257 520 1316 temen
542 1246 709 1316 nonnullae
725 1247 942 1338 exceptiones.

132 1355 306 1447 Excipitur
324 1359 367 1444 1⁰,
384 1355 441 1446 qui
461 1354 621 1424 actionem
644 1355 713 1445 jem
735 1353 904 1446 proposuit
923 1381 931 1423 ι
948 1354 1003 1424 ille
1016 1356 1103 1425 enim
1129 1365 1233 1448 potest

93 1463 129 1532 ad
143 1472 282 1557 coeptam
298 1463 456 1532 actionem
480 1461 737 1554 prosequendam
762 1460 845 1551 cogi.
863 1461 932 1530 Hoc
947 1462 1018 1554 ipso
1035 1463 1122 1532 enim
1144 1464 1230 1556 quod

93 1572 187 1642 semel
214 1571 379 1664 proposita
404 1570 503 1640 tuerit
530 1569 624 1654 actio,
654 1577 849 1660 gravaretur
874 1569 963 1638 Reus
989 1569 1054 1638 nisi
1080 1570 1233 1640 devenire

93 1689 195 1769 posset
225 1678 267 1748 od
296 1679 501 1765 sententiam,
529 1699 594 1769 qua
624 1675 759 1746 actionis
788 1675 947 1766 injustitia
979 1675 1230 1748 demonstretur.

94 1787 171 1856 Hinc
188 1787 223 1855 in
237 1786 312 1878 jure
328 1785 531 1855 Justinianeo
547 1784 648 1876 (anth.
668 1784 735 1867 oei
747 1783 856 1865 semel,
873 1806 901 1851 c.
921 1785 1039 1866 Onom.
1057 1786 1233 1877 ecquando

89 1895 177 1984 jod.)
193 1903 327 1963 cautum
342 1903 403 1982 est,
420 1903 458 1962 ut
481 1893 538 1986 qui
563 1893 722 1962 actionem
749 1892 929 1983 proposuit,
946 1891 987 1960 cd
1008 1891 1097 1961 illam
1120 1917 1233 1986 prose-

93 2001 253 2092 quendam
269 2003 342 2092 cogi
357 2009 480 2094 posset;
497 2023 572 2092 quae
586 1999 640 2068 lex
657 1999 742 2092 juris
765 1997 917 2084 Romani,
935 2007 1089 2091 tanquam
1114 2001 1146 2070 in
1162 2003 1233 2072 soro

93 2111 302 2178 ecclesiastico
315 2119 442 2201 recepta
457 2105 604 2177 habenda
617 2115 675 2175 est.

133 2217 305 2310 Excipitur
321 2221 366 2304 2⁰,
387 2217 444 2308 qui
463 2215 601 2284 alterum
624 2211 816 2282 diffamavit.
835 2212 891 2282 ttle
910 2213 998 2282 enim
1016 2215 1057 2282 ad
1077 2215 1234 2288 diffamati

94 2325 278 2392 instantiam
305 2323 453 2416 compelli
480 2330 584 2414 potest
610 2319 651 2388 ad
676 2319 841 2410 agendum
864 2321 950 2388 intre
971 2332 1095 2392 certum
1121 2328 1232 2395 termi-

93 2453 180 2519 num,
199 2430 263 2500 nisi
276 2429 356 2501 velit
371 2429 538 2498 silentium
553 2427 616 2498 sibi
631 2426 768 2518 imponi.
786 2426 820 2495 Id
837 2426 936 2496 dictat
946 2428 1001 2520 jus
1017 2433 1182 2521 naturale;
1201 2443 1233 2503 et

94 2536 223 2632 insuper
237 2536 424 2606 decernitur
440 2536 476 2604 in
495 2535 570 2627 jure
594 2535 795 2604 tustinianco
812 2533 894 2624 (tege
910 2535 1089 2627 Diffcmori
1104 2543 1134 2626 5,
1147 2564 1176 2608 c.
1196 2541 1235 2610 de

93 2645 265 2736 tnqenuis).
283 2644 352 2712 Dici
368 2653 476 2712 autem
492 2651 601 2735 posset
614 2641 649 2710 in
664 2639 724 2710 hoo
738 2663 827 2727 casn,
846 2640 1067 2714 diffamantem
1084 2667 1150 2716 non
1164 2671 1233 2716 esse

94 2753 219 2842 proprie
237 2754 403 2838 Actorem,
420 2749 475 2820 sed
504 2751 612 2843 potius
636 2749 759 2836 Reum3
781 2771 819 2816 ac
844 2747 981 2839 proinde
1006 2774 1116 2821 casum
1144 2754 1232 2823 hunc

93 2858 284 2950 supradicte
301 2858 425 2947 regulae
447 2855 590 2948 generali
606 2877 672 2924 non
688 2853 919 2924 contradicere.

135 2965 352 3057 Excipiuntur
365 2969 412 3050 3⁰,
428 2965 484 3056 qui
503 2987 545 3032 ex
560 2964 669 3032 officio
683 2970 835 3032 tenentur
847 2963 933 3031 hone
953 2971 984 3032 et
998 2965 1074 3058 jura
1091 2969 1228 3039 aliorum

92 3073 186 3161 tueri,
210 3081 309 3166 prout
343 3080 420 3141 snnt
445 3080 583 3159 tutores,
608 3079 785 3157 curatores,
812 3079 1037 3161 procuratores
1063 3082 1095 3142 et
1120 3077 1231 3147 admi-

94 3179 289 3248 nistratores.
307 3179 357 3248 ltti
375 3180 462 3248 enim
484 3178 633 3270 compelli
650 3185 786 3269 possunt
800 3175 841 3245 ad
857 3177 1021 3266 agendum
1042 3179 1076 3248 in
1094 3182 1230 3274 judicio,

94 3287 220 3378 quando
245 3286 280 3354 id
301 3285 442 3378 postulet
474 3286 627 3355 interesse
653 3306 780 3370 eorum,
805 3306 947 3376 quorum
977 3285 1063 3356 bona
1093 3295 1123 3357 et
1156 3291 1231 3380 jura

95 3399 241 3463 tenentur
256 3417 297 3462 ex
317 3392 426 3462 officio
447 3394 541 3462 tueri.

136 3499 207 3569 XV.
228 3503 348 3570 Utrum
363 3501 459 3569 Actor
472 3512 503 3568 et
518 3502 600 3568 Reus
613 3500 686 3591 copi
696 3498 823 3591 possint
840 3511 878 3567 nt
886 3502 1107 3591 personaliter
1122 3503 1157 3572 in
1165 3507 1230 3595 ju-

96 3606 174 3675 dicio
189 3623 411 3701 compareant,
428 3631 473 3676 on
490 3631 565 3678 vero
584 3608 662 3700 ipsis
677 3630 803 3699 semper
817 3607 956 3676 liberum
971 3609 1015 3676 sit
1035 3631 1095 3700 per
1110 3633 1233 3700 procn-

95 3727 234 3784 ratorem
249 3717 402 3806 litipare?

137 3821 262 3892 Renum
279 3826 324 3891 1².
342 3861 385 3874 -
400 3821 556 3916 Princeps
572 3821 616 3914 (id
632 3832 679 3892 est
695 3822 797 3914 Papa,
815 3821 883 3890 sive
902 3821 1003 3911 solus,
1018 3823 1087 3890 sive
1103 3823 1137 3891 in
1153 3848 1234 3896 con-

95 3928 166 3997 cilio
177 3929 389 4022 mcumenioo)
398 3930 573 4022 praecipere
585 3937 689 4022 potest
700 3936 737 3997 ut
746 3937 854 4020 portes
866 3927 1078 4020 personaliter
1087 3933 1231 4004 veniant.

96 4037 142 4102 lta
155 4037 367 4106 communiter
382 4037 539 4108 doctores.
558 4037 641 4105 Nam
664 4036 739 4105 licet
757 4037 813 4128 jus
834 4035 1083 4104 ecclesiasticum
1096 4036 1234 4131 litigan-

96 4143 180 4211 tibus
209 4144 393 4215 tacultatem
422 4146 516 4214 faciat
545 4144 594 4234 (ut
633 4143 728 4212 modo
764 4143 960 4235 videbimus)
991 4157 1233 4238 procuratorem

98 4251 165 4319 loco
188 4254 237 4322 sui
263 4253 425 4342 mittendi,
442 4277 481 4324 ee
494 4263 603 4322 tamen
627 4253 697 4345 lege
723 4275 788 4322 non
810 4261 938 4322 tenetur
951 4275 1123 4345 supremus
1137 4255 1236 4349 legis-
