3046 4968
568 453 641 498 rans
664 453 770 498 eninr.
1206 431 1243 498 ot·

102 571 245 640 versales
275 572 432 642 insertum
467 599 474 639 :
505 572 550 640 sio
579 595 695 664 nempe
724 572 865 643 decernit
904 573 1111 644 Innocentius
1137 575 1180 642 111
1207 573 1248 642 ad

102 681 343 749 vercellensem
362 681 558 773 Episcopum
574 682 718 750 scribens
737 709 743 749 :
968 691 972 698 '

151 815 169 852 ιι
186 788 281 856 Licet
294 810 335 856 ex
351 799 498 880 suscepto
514 789 679 857 servitutis
694 789 803 857 olt'roio
818 790 919 858 simus
934 789 1087 858 omnibus
1101 789 1135 858 in
1148 790 1247 881 justi-

107 921 123 958 «
147 893 190 963 tia
205 895 380 980 debitores,
394 896 440 964 sic
458 905 565 964 tamen
589 895 710 987 injure
726 919 785 966 suc
807 920 866 964 nos
881 897 1076 990 quibusdam
1097 897 1249 966 convenit

107 1029 123 1066 ιι
146 1001 335 1094 providere,
351 1025 392 1070 ne
413 1003 486 1071 aliis
505 1003 660 1094 injuriam
685 1004 791 1071 facere
807 1003 994 1089 videamur3
1013 1027 1066 1090 ne,
1082 1003 1169 1097 quod
1190 1005 1248 1072 ab·

107 1137 122 1172 a
146 1111 200 1196 sit,
218 1109 294 1178 inde
314 1119 462 1178 sumatur
479 1110 612 1178 materia
634 1109 791 1198 scandali,
809 1110 896 1178 unde
912 1111 1049 1202 provida
1063 1111 1156 1180 debet
1170 1134 1250 1181 con-

106 1242 122 1280 ιι
146 1215 343 1286 sideratione
366 1216 484 1285 sedari.
502 1217 551 1284 Ex
569 1216 785 1286 insinuatione
800 1239 876 1286 sane
891 1217 1084 1286 dilectorum
1104 1216 1247 1286 filiorum

107 1322 319 1390 «consulum
351 1325 534 1390 communis
571 1324 788 1394 Vercellensis
817 1347 876 1393 nos
909 1324 1038 1393 noveris
1074 1325 1245 1417 accepisse,

106 1456 123 1493 ι
145 1429 325 1520 quodcum
341 1429 382 1498 de
397 1429 535 1519 singulis
553 1431 800 1523 quaestionibus,
816 1455 890 1523 qum
915 1439 1010 1500 mota
1025 1432 1154 1500 fuerant
1170 1454 1248 1500 con·
1313 1499 1315 1504 .

107 1565 122 1600 ι
146 1545 197 1604 tre
213 1559 391 1606 eoscoram
413 1538 601 1606 consulibus
622 1538 772 1630 justitiae,
788 1537 883 1630 juxta
906 1538 1174 1608 consuetudinem
1189 1563 1247 1632 ap-

107 1673 122 1707 ι
147 1645 317 1735 probatam
344 1645 443 1712 velint
465 1645 598 1712 cuilibet
624 1645 834 1737 conquerenti
854 1645 992 1737 justitiae
1015 1647 1248 1738 plenitudinem

106 1752 315 1839 «exhibere,
338 1752 413 1820 laici
438 1751 571 1842 qnidam
600 1760 635 1820 ut
658 1775 771 1821 eorum
796 1753 1054 1844 jurisdictionem
1078 1764 1245 1837 evacuent,

106 1885 123 1921 ιι
147 1867 179 1924 et
190 1858 328 1948 fatigent
337 1881 392 1928 eos
400 1859 569 1928 laboribus
577 1866 608 1927 et
617 1859 768 1950 expensis
781 1883 878 1951 super
891 1861 988 1928 rebus
1000 1883 1073 1952 quae
1084 1861 1247 1952 judicium

106 1991 123 2028 ι
146 1964 395 2033 ecclesiasticum
414 1988 478 2034 non
502 1967 688 2058 requirunt,
707 1965 829 2034 litteras
849 1967 1040 2057 apostolicas
1056 1967 1245 2060 impetrant3

106 2097 123 2136 ιι
146 2081 177 2138 et
208 2073 266 2158 sie,
292 2081 412 2163 praeter
439 2071 698 2164 jurisdictionem
725 2073 896 2141 consulum
922 2096 1020 2165 quam
1046 2085 1244 2163 meruerant,

107 2207 124 2242 ιι
148 2201 202 2247 eos
224 2187 346 2269 cogunt
366 2180 587 2272 multiplieiter
602 2180 759 2248 laborare.
778 2180 932 2249 Volentes
954 2180 1055 2270 igitur
1070 2181 1116 2250 sio
1131 2203 1243 2251 eorum

106 2313 122 2350 ι
145 2285 277 2354 utilitati
304 2287 483 2374 consulere,
503 2311 543 2355 ne
569 2288 731 2380 patiamur
745 2287 903 2378 justitiam
925 2288 1063 2357 aliorum
1084 2288 1244 2380 deperire,

105 2421 123 2456 ιι
147 2391 341 2462 mandamus
361 2403 534 2486 quatenus,
550 2393 726 2487 siquando
749 2393 871 2464 alaicis
884 2395 1147 2465 vercellensibus
1160 2396 1247 2464 litte-

106 2527 121 2564 ιι
146 2523 213 2586 ras,
227 2523 326 2592 super
341 2502 437 2569 rebus
452 2503 615 2592 praecipue
637 2525 711 2594 qnae
735 2501 843 2569 lorum
865 2502 1020 2570 seculare
1039 2503 1244 2592 contingunt,

106 2633 122 2672 ι
146 2629 165 2674 a
184 2606 268 2674 Sede
283 2607 469 2698 Apostolica
492 2609 664 2699 contigerit
685 2607 864 2700 impetrari,
883 2607 1035 2676 decernas
1059 2608 1248 2678 auctoritate

105 2723 256 2782 «nostra
286 2715 394 2782 irritas
421 2724 452 2783 et
480 2716 606 2800 inanes,
629 2715 807 2784 dummodo
833 2716 981 2784 consules
1008 2726 1039 2783 et
1064 2717 1245 2786 Commune

105 2847 121 2884 ιι
144 2819 185 2886 de
201 2843 235 2888 se
252 2822 525 2913 conquerentibus
547 2822 582 2890 in
605 2822 729 2913 judicio
752 2821 901 2891 seculari
923 2822 1097 2892 exhibeant
1110 2822 1244 2914 justitiae

12 2951 13 2956 ¹
105 2929 431 3020 «complementum.

148 3062 165 3098 ιι
189 3035 297 3104 Liceat
310 3046 418 3105 tamen
433 3037 513 3127 ipsis
524 3038 580 3130 qui
596 3037 656 3105 snb
672 3036 793 3105 eisdem
809 3037 998 3107 consulibus
1016 3038 1120 3106 taliter
1135 3037 1243 3107 duxe-

104 3169 120 3204 ι
145 3141 211 3208 rint
225 3142 499 3229 contendendum,
516 3144 543 3209 si
566 3167 598 3209 se
613 3143 645 3209 in
668 3143 777 3234 aliquo
794 3143 954 3210 senserint
975 3145 1185 3234 praegravati,
1203 3143 1243 3213 ad

12 3237 14 3314 ι
104 3277 120 3312 ι
145 3259 234 3317 tuam
252 3249 345 3341 (sicut
360 3249 515 3318 hactenus
529 3259 694 3318 servatum
709 3253 766 3339 est)
783 3250 833 3317 vel
850 3249 891 3316 ad
908 3257 1052 3318 nostram
1069 3250 1096 3318 si
1117 3251 1243 3320 malue-
1305 3335 1313 3348 .

106 3383 122 3420 ιι
145 3358 212 3424 rint
226 3357 427 3426 audientiam
442 3357 624 3449 appellare;
644 3357 704 3425 hoc
733 3355 912 3447 praesertim
930 3365 1086 3448 tempore,
1104 3382 1169 3449 quo
1186 3382 1243 3427 va-

12 3453 13 3484 ³
105 3472 235 3532 «caute
257 3463 393 3555 imperio
422 3462 462 3531 ad
486 3463 627 3554 judicem
656 3464 845 3532 seecularem
873 3486 1040 3531 recurrere
1063 3475 1240 3556 nequeunt,

104 3597 120 3634 ι
144 3571 200 3663 qni
218 3571 475 3662 asnperioribus
491 3573 525 3638 in
545 3595 604 3640 sua
616 3572 743 3663 justitia
756 3573 1000 3662 opprimuntur.
1020 3572 1055 3640 Si
1072 3595 1148 3642 vero
1166 3596 1243 3642 con-

12 3671 13 3684 ³
105 3704 121 3742 ι
144 3679 229 3747 sules
248 3679 386 3770 justitiae
408 3687 562 3770 tauquam
579 3680 694 3748 merito
719 3680 860 3771 suspecti
881 3679 1004 3746 fuerint
1020 3680 1169 3766 recusati,
1188 3705 1243 3750 co-

12 3849 13 3854 ,
105 3812 121 3848 ι
144 3808 214 3853 ram
228 3786 360 3854 arbitris
374 3787 589 3854 communiter
600 3784 721 3872 electis,
732 3786 772 3853 de
783 3808 880 3854 causa
895 3786 1088 3876 suspicionis
1100 3795 1216 3877 agatur
1232 3816 1239 3856 :

12 3917 13 3920 ¹
105 3920 122 3956 ι
144 3915 217 3984 quae
234 3893 261 3959 si
278 3892 414 3984 probata
428 3892 527 3964 fuerit
543 3916 611 3962 esse
632 3893 732 3983 justa,
749 3893 791 3961 ad
808 3903 851 3979 te,
869 3893 920 3961 vel
935 3893 975 3960 ad
1003 3893 1069 3962 Nos
1092 3917 1152 3986 pro
1169 3895 1243 3986 jus-

107 4026 122 4062 ι
146 4000 213 4066 titia
229 4009 429 4086 recurratur,
448 3999 530 4068 sicut
551 4002 702 4091 superius
725 4010 772 4069 est
796 4023 1000 4091 expressum.
1019 4027 1035 4063 n
1055 4001 1241 4071 Notandum

12 4147 13 4150 =
105 4105 212 4174 sedulo
235 4115 283 4174 est
306 4129 370 4198 qua
392 4106 432 4174 de
452 4131 550 4176 causa
565 4107 632 4174 haec
649 4106 816 4176 decretalis
838 4107 1005 4198 prodierit.
1023 4107 1061 4174 ln
1080 4107 1241 4199 judicium

105 4213 299 4286 vocabantur
314 4213 463 4284 consules
479 4221 510 4284 et
523 4214 704 4283 Commune
720 4215 763 4306 (la
775 4213 959 4306 commuue)
970 4213 1239 4305 Vercellensium,
