3046 4968
290 477 350 542 tn
661 495 837 540 retornus
860 493 898 540 nu
920 493 1054 540 muscus.

286 618 444 706 (inanime
458 615 498 685 de
512 616 578 684 illis
589 638 662 707 quse
679 615 869 707 spiritualia
891 639 955 682 esse
978 613 1167 702 nuscuntur)
1185 611 1344 680 laieorum
1360 611 1427 702 ju-

287 725 371 792 dicio
390 747 456 793 non
478 723 665 816 disponant.
688 723 812 814 (Capite
838 723 1048 790 Decernirnus
1070 719 1309 805 noetianis
1334 723 1364 802 1,
1387 719 1427 785 li·
1519 791 1520 826 1

285 832 335 900 bri
363 836 381 898 2
406 831 648 919 Decretelium.)
672 830 762 898 Idem
789 831 978 922 exprimunt
1003 829 1059 896 alii
1082 829 1168 919 juris
1192 836 1313 910 textus,
1335 826 1429 893 verbi
1519 897 1520 928 1

284 941 401 1028 grstia,
418 948 514 1030 caput
532 940 615 1007 Cam
628 937 720 1005 laicis
737 941 791 1022 12,
806 936 846 1005 de
859 937 962 1005 ltebus
977 936 1050 1004 ecel.
1068 959 1132 1002 non
1147 932 1339 1002 alienandis.
1358 934 1429 1002 Pu·
1519 937 1520 984 t

283 1055 394 1112 terunt
411 1054 519 1113 temen
534 1067 601 1112 non
614 1044 708 1136 pauci
723 1044 912 1130 coronide,
923 1042 964 1112 eb
977 1043 1136 1133 Episcopo
1151 1041 1293 1130 delegari
1308 1041 1429 1132 probs·
1519 1083 1520 1090 .

283 1152 392 1220 biliter
406 1174 499 1242 posse
514 1151 636 1220 laicum
662 1151 701 1220 ad
723 1173 837 1218 censes
856 1173 944 1218 mere
964 1149 1071 1218 ciuiles
1084 1149 1288 1218 clericorum.
1304 1149 1430 1216 Atvero

282 1282 353 1327 cem
370 1258 556 1350 opinionem
579 1257 749 1326 admittere
772 1281 838 1326 nou
860 1257 1022 1348 permittit
1043 1264 1139 1348 ceput
1152 1255 1356 1346 Sipnifieasti
1373 1257 1428 1340 18,

282 1367 322 1434 de
333 1369 416 1434 Foro
431 1367 637 1457 competenti,
650 1367 684 1434 in
696 1389 762 1458 quo
773 1366 819 1434 sie
833 1366 1010 1455 Gregorius
1022 1365 1069 1432 IX
1082 1393 1089 1432 :
1106 1365 1222 1434 Clerici
1232 1363 1267 1430 in
1275 1361 1429 1454 judicem

280 1496 347 1541 non
361 1495 457 1540 suum
477 1473 551 1562 (nisi
561 1476 648 1565 sorte
667 1473 710 1540 sit
726 1495 869 1564 persona
885 1472 1107 1552 ecclesiastica,
1124 1484 1155 1538 et
1171 1470 1327 1561 Episcopi
1341 1467 1429 1536 11111-
1520 1463 1521 1518 3

279 1581 386 1648 cesani
400 1581 550 1648 uoluntas
564 1579 710 1671 accedat)
726 1581 905 1648 consentire
917 1603 981 1648 non
992 1592 1143 1670 possunt.

327 1693 358 1754 7.
376 1687 420 1754 De
431 1687 505 1776 jure
518 1686 696 1772 ordinario,
708 1688 875 1776 delegatus
890 1711 909 1756 a
922 1686 1011 1778 Papa
1025 1685 1122 1754 dehet
1138 1707 1207 1754 esse
1223 1685 1255 1752 in
1270 1685 1430 1773 dignitate

281 1793 491 1862 ecclesiastice
521 1795 734 1882 constitutus,
763 1794 815 1863 vel
844 1801 1054 1885 personatum
1085 1793 1242 1878 obtinere,
1271 1791 1322 1860 vel
1358 1813 1430 1860 esse

282 1900 896 1992 111111111111111111111111οηί111111]
913 1899 1074 1968 Officielis
1089 1922 1146 1968 seu
1163 1899 1313 1967 Vicerius
1328 1921 1430 1987 gene-
1521 1919 1522 1950 1

280 2007 358 2075 ralis
372 2007 533 2099 Episcopi,
550 2007 603 2075 vel
618 2007 713 2077 Prior
728 2007 951 2076 convenissetis
968 2035 975 2074 :
995 2007 1206 2074 Decernimus
1218 2006 1276 2095 (eit
1293 2005 1432 2074 Boniis-
1521 2003 1522 2070 1

281 2115 351 2182 cius
372 2114 461 2199 Vsst,
478 2137 506 2180 e.
533 2117 709 2182 Statutum
728 2118 781 2199 11,
799 2113 839 2182 de
865 2114 1050 2205 Rescriptis,
1068 2114 1103 2181 iu
1129 2117 1159 2202 6)
1178 2125 1214 2180 ut
1239 2111 1348 2192 nullis,
1366 2114 1434 2180 nisi

281 2219 443 2312 dipnitate
455 2219 616 2312 prenditis,
629 2234 689 2288 ant
698 2234 912 2312 personatum
927 2221 1143 2289 obtinentibus
1156 2243 1212 2288 seu
1224 2220 1432 2288 ecelesiarum

280 2326 520 2395 cathedralium
548 2330 723 2406 canonicis,
751 2351 858 2397 cause
886 2328 1086 2396 auctoritate
1119 2327 1307 2395 litterarum
1335 2327 1432 2394 Sedis

283 2431 483 2522 Apostolica,
501 2431 552 2498 uel
570 2435 770 2522 Lepatorum
794 2433 941 2524 ejsudem
963 2432 1002 2502 de
1025 2445 1141 2502 cetero
1166 2433 1428 2501 committantur.

282 2539 319 2605 ln
336 2538 549 2606 Clementinis
564 2547 673 2606 sutem
693 2541 807 2630 (cupite
822 2541 911 2608 Etsi
925 2538 1123 2630 principalis
1139 2543 1172 2623 2,
1187 2537 1228 2606 de
1246 2538 1430 2628 descriptis)

282 2646 331 2712 sic
345 2644 532 2736 disponitur
550 2671 557 2711 :
575 2648 620 2713 Et
645 2645 673 2712 si
692 2647 888 2737 principalis
911 2646 1061 2737 officialis
1084 2645 1251 2736 Episcopi,
1269 2658 1329 2714 aut
1349 2645 1434 2712 reli-

282 2754 390 2841 piosus
404 2753 652 2820 conventualem
667 2753 814 2822 obtinens
836 2754 1028 2844 prioratum
1105 2776 1128 2820 a
1141 2751 1225 2821 Sede
1247 2753 1434 2843 Apostolica

284 2860 335 2928 vel
358 2863 481 2948 Lepato
506 2857 652 2949 ejusdem
675 2858 752 2926 dari
774 2861 883 2928 ualeat
905 2859 1083 2949 delepotus,
1106 2860 1143 2926 in
1162 2859 1298 2950 officiali
1323 2871 1434 2926 tamen

282 2969 430 3058 sereneo,
449 2978 509 3033 aut
533 2965 682 3055 relipz'oso
707 2967 899 3034 monasterii
923 2966 975 3034 sui
997 2967 1112 3034 Priore
1133 2965 1313 3046 claustrali,
1330 2989 1436 3056 neque

285 3076 345 3142 lzoc
361 3075 510 3141 uolumus
526 3073 704 3142 obseruari.
725 3075 828 3143 «Sub
854 3075 985 3144 nomine
1003 3075 1126 3166 prioris
1146 3073 1364 3142 conventualis
1381 3076 1436 3142 hic

291 3207 307 3244 u
333 3180 469 3248 veniunt
483 3180 581 3246 etiem
595 3179 781 3270 Praepositi,
796 3180 962 3266 flecteres,
977 3181 1171 3264 Guerdisni,
1188 3179 1307 3271 aliique
1320 3203 1438 3249 omnes

293 3313 310 3350 1
333 3305 538 3376 quocumque
554 3287 685 3353 nomine
699 3288 877 3379 nuncupati
892 3288 1077 3379 superiores
1091 3287 1320 3356 conventuales
1335 3311 1437 3376 regu-

295 3421 311 3456 1
334 3391 454 3460 larium
473 3417 480 3458 :
500 3393 690 3459 nemetiam
705 3393 760 3460 isti
774 3402 948 3463 censentur
962 3417 1032 3462 esse
1047 3394 1082 3462 111
1097 3393 1253 3483 dignitate
1269 3394 1439 3464 eeclesias-

297 3528 313 3564 «
338 3499 410 3584 tice,
429 3497 470 3565 ed
489 3497 550 3566 hoc
571 3507 606 3568 ut
627 3521 695 3566 esse
716 3502 839 3590 possint
862 3501 1000 3591 delegati
1026 3501 1239 3593 apostolici.»
1263 3501 1437 3594 (Ferreus,

293 3617 327 3672 ν1
347 3604 530 3695 Delepatus,
549 3626 583 3671 11.
605 3605 673 3694 31.)
693 3607 813 3695 Vigere
832 3617 941 3676 eutem
963 3609 1058 3678 etism
1082 3609 1177 3677 hodie
1198 3609 1252 3700 jus
1273 3610 1308 3676 in
1330 3609 1441 3678 citetis

293 3712 423 3780 duobus
445 3709 657 3778 decretatibus
679 3719 880 3797 contentum,
898 3713 1035 3782 dubium
1061 3737 1126 3782 non
1154 3723 1216 3799 est;
1243 3737 1317 3781 enm
1346 3714 1443 3784 1111111

294 3818 456 3886 contrarie
469 3817 540 3906 lege
553 3825 609 3884 aut
625 3816 859 3886 consuetudine
872 3821 1066 3909 abrogatum
1081 3820 1190 3888 fuerit.

340 3925 490 3992 Diximus
514 3921 553 3990 de
568 3924 650 4013 jure
673 3923 870 4007 Ordinario,·
886 3927 963 4017 quia
989 3925 1028 3993 de
1050 3927 1251 4017 plenitudine
1273 3931 1445 4018 potestatis

296 4041 399 4126 potest
413 4031 500 4123 Papa
515 4031 663 4120 delegere
679 4030 811 4100 clericos
833 4035 890 4124 qui
906 4032 1081 4124 praedictes
1103 4035 1273 4124 qualitates
1293 4057 1359 4102 uon
1377 4035 1446 4104 ha-

296 4142 418 4223 berent,
435 4139 536 4206 immo
550 4138 647 4206 etiem
664 4137 773 4226 inicos,
792 4149 828 4207 ut
844 4161 944 4230 supra
966 4139 1090 4207 dietum
1113 4141 1186 4208 tuit.
1204 4144 1326 4209 Atvero
1341 4164 1381 4209 11
1401 4167 1444 4213 eo

296 4247 383 4344 quod
400 4245 533 4336 dejure
557 4243 732 4312 Ordinatio
752 4244 891 4334 delegati
915 4245 1078 4314 Pontificii
1104 4269 1172 4314 esse
1195 4257 1357 4340 nequeant
1372 4250 1445 4322 nisi
