3032 4976
558 503 632 550 11111
654 503 759 550 inrui.
1163 484 1224 548 813

81 648 146 719 que
175 625 291 717 cupite,
316 631 429 695 testem
457 645 589 695 monere
614 625 655 694 de
680 624 817 695 dicende
841 625 988 713 veritate,
1014 632 1046 694 et
1068 648 1110 695 ne
1135 625 1225 695 illem

81 734 195 805 levore
209 734 262 802 vel
277 733 353 803 odio
367 733 459 821 celet,
477 755 603 803 memor
617 755 716 826 quem
733 755 834 824 greve
854 733 896 803 sit
908 733 1047 828 perjurii
1063 733 1178 804 scelus.

129 844 162 909 1.
187 839 332 910 Omnino
355 839 535 932 requiritur
559 861 579 907 e
603 837 739 908 testibus
761 839 984 930 juramentum
1012 839 1171 933 prestari.
1188 840 1224 910 ld

83 954 209 1016 constet
234 944 385 1016 decretali
400 949 514 1038 Nuper
528 947 597 1039 (51,
616 945 664 1014 tit.
684 950 739 1034 20,
755 945 832 1016 libri
848 951 867 1014 2
884 947 1006 1038 Dece),
1023 947 1059 1016 in
1083 970 1148 1040 que
1167 970 1227 1016 nec

81 1054 170 1146 ipsos
192 1053 360 1145 religiosos
385 1075 405 1123 1
429 1051 614 1148 prestando
636 1053 823 1145 juramento
844 1051 946 1124 eximi
970 1052 1156 1124 decernitur
1175 1053 1227 1123 bis

82 1161 213 1231 verbis:
227 1161 466 1254 Respondemus
480 1160 570 1255 prod
578 1161 700 1231 nullius
715 1161 913 1244 testimonio,
925 1174 1227 1256 quantumcumque

83 1269 251 1362 reliqiosus
270 1269 484 1352 1111111111.ςί
500 1271 641 1363 juratus
663 1269 858 1360 deposuerit,
876 1269 912 1337 in
939 1269 1074 1338 ulterius
1094 1271 1226 1363 preju-

83 1377 206 1447 dicium
222 1376 312 1447 dedet
326 1377 422 1446 credi.
450 1377 491 1446 Et
511 1377 546 1446 in
569 1377 722 1446 decretali
745 1377 977 1446 Fraternitutis
995 1378 1062 1471 (17,
1078 1377 1225 1468 ejusdem

83 1484 183 1575 tituli)
190 1484 385 1577 supponitur
396 1484 556 1576 ejusmodi
569 1484 747 1576 juramenti
759 1485 999 1576 prmsmtionem
1014 1483 1175 1577 pertinere
1186 1484 1227 1553 ed

85 1592 223 1661 formem
242 1592 429 1661 canonicam
451 1591 712 1684 recipiendorum
732 1593 862 1660 testium
881 1617 889 1657 ι
905 1591 1050 1684 deceptis
1069 1592 1164 1684 prius
1186 1592 1229 1660 ab

85 1701 174 1792 ipsis,
198 1699 373 1768 secumdum
396 1701 542 1790 smmum
565 1699 826 1791 recipiendorum
847 1699 990 1781 testium,
1007 1697 1224 1789 juramentis.

84 1807 174 1876 ldem
189 1815 314 1876 constet
328 1829 369 1876 ex
380 1807 452 1898 lege
466 1807 555 1875 luris
562 1806 710 1900 jurandi
724 1812 758 1894 9,
771 1818 803 1875 et
818 1806 947 1898 exlege
964 1805 1103 1875 Tertium
1122 1809 1176 1892 18,
1188 1805 1228 1875 de

86 1913 239 1998 Testidus,
255 1914 452 1984 Justinienei
477 1913 618 2000 Codicis,
633 1913 739 2005 quoad
768 1913 883 1982 hocin
907 1913 979 1982 iore
1001 1914 1099 1983 etiem
1126 1914 1227 1983 eccle·

84 2023 211 2091 sinstico
231 2021 362 2114 recepti.

128 2129 220 2200 Adeo
243 2130 462 2199 necessarium
488 2139 536 2197 est
560 2129 708 2220 prestari
731 2153 750 2198 1
773 2129 908 2198 testibus
932 2129 1171 2221 juramentum,
1193 2138 1228 2199 ut

84 2239 181 2306 etiem
201 2237 233 2306 id
254 2237 412 2306 incensis
435 2236 622 2305 summariis
646 2236 843 2329 requiretur.
860 2235 1177 2328 (Scbmelzgrueber,
1193 2238 1227 2305 in

84 2346 134 2415 tit.
150 2349 205 2434 20,
221 2344 296 2412 libri
312 2349 331 2412 2
348 2345 458 2432 Decr„
475 2366 509 2410 n.
530 2344 596 2434 88.)

129 2451 266 2521 Etiamsi
281 2450 347 2522 duo
358 2451 562 2543 integerrimi
578 2459 672 2522 testes
691 2450 867 2543 deponant,
884 2451 1007 2521 omisso
1025 2452 1225 2544 juramento,

85 2583 126 2630 ne
140 2558 369 2652 semi-plenem
385 2560 519 2651 quidem
535 2560 758 2651 probationem
772 2558 908 2644 iaciunt,
926 2557 981 2626 sed
998 2559 1227 2650 presumptio-

84 2691 161 2737 nem
183 2676 321 2736 tentum.

130 2775 242 2868 Neque
255 2797 349 2866 posse
369 2797 427 2866 per
443 2773 708 2843 consuetudinem
731 2772 853 2861 induci,
872 2782 909 2840 ut
923 2773 1058 2842 testibus
1073 2773 1147 2842 licet
1163 2797 1229 2843 non

79 2881 201 2973 juratis
238 2880 395 2949 habentur
429 2879 522 2966 fides,
552 2879 684 2948 tradunt
724 2879 940 2948 communiter
967 2879 1114 2948 doctores
1152 2903 1227 2948 cum

84 2987 377 3077 Scbmalzgrueber
397 2988 503 3079 (citato
518 2986 613 3078 loeo).

133 3100 164 3162 5.
181 3094 290 3162 Potest
315 3103 423 3162 temen
448 3117 489 3162 ex
515 3115 674 3162 consensu
700 3094 842 3186 partium
866 3115 990 3161 cessere
1010 3093 1188 3184 juramenti
1210 3117 1230 3162 a

85 3199 222 3269 testibus
246 3197 422 3292 praestendi
446 3198 636 3287 necessites3
662 3221 767 3293 neque
793 3208 872 3269 tunc
895 3199 1076 3291 requiritur
1095 3200 1230 3293 insuper

84 3329 237 3376 1111111111
259 3305 391 3396 judicis,
414 3306 477 3374 nisi
502 3307 536 3373 in
560 3306 727 3375 nonnullis
750 3305 945 3399 quibusdem
973 3307 1115 3396 casibus,
1141 3308 1229 3399 quod

84 3415 162 3483 vide
191 3413 358 3483 evolutum
387 3437 407 3481 1
433 3411 565 3482 laudato
593 3413 883 3504 Scbmalzgrueber
910 3415 991 3507 (loco
1018 3415 1087 3500 cic,
1115 3438 1148 3482 n.
1187 3419 1227 3482 911

85 3532 117 3592 et
139 3523 208 3613 91).

132 3633 163 3695 6.
180 3629 224 3697 Ut
248 3626 430 3717 legitimum
450 3628 493 3696 eit
513 3628 737 3720 juramentum
761 3627 905 3716 testium,
923 3626 1127 3698 observande
1152 3635 1230 3697 sunt

86 3735 278 3828 sequentia:
305 3735 429 3816 Primo,
447 3743 483 3803 ut
507 3744 677 3826 praestetur
697 3737 731 3803 in
754 3735 929 3828 praesentie
955 3735 1124 3828 utriusque
1149 3759 1230 3828 per-

85 3845 143 3931 tis;
165 3842 313 3923 secundo,
332 3849 368 3909 111
391 3849 561 3933 praestetur
584 3865 693 3913 eorem
717 3842 826 3936 jndice
853 3865 960 3914 ceusae
980 3842 1032 3912 vel
1054 3843 1229 3934 instentiae,

86 3961 143 4021 ent
173 3949 272 4041 hujus
300 3949 643 4038 commisseri03‘nem
669 3959 772 4042 potest
798 3951 902 4043 judex
928 3972 1068 4019 examen
1096 3951 1228 4021 testium

86 4057 181 4126 elteri
198 4057 363 4146 delegem
381 4057 440 4149 qui
451 4069 559 4127 eutem
574 4059 739 4127 examinet
751 4058 974 4150 juramentum
989 4058 1085 4126 etiem
1099 4059 1230 4152 recipit;

90 4165 198 4247 tutio,
219 4172 255 4232 ut
281 4172 450 4257 prestetur
471 4165 505 4234 in
529 4163 600 4235 loco
624 4163 752 4258 judicii,
775 4190 795 4234 1
820 4189 885 4258 quc
909 4173 1019 4235 temen
1044 4165 1229 4234 conditione

92 4273 284 4342 eximuntur
294 4273 421 4364 aegroti,
432 4272 528 4342 aliive
540 4273 638 4342 simili
651 4295 692 4344 ex
706 4296 804 4344 cause
816 4270 979 4368 impediti3
994 4271 1029 4341 bi
1039 4271 1126 4346 enim
1142 4273 1231 4346 domi
