3046 4968
600 489 673 536 runs
697 490 802 536 rurus.
1213 465 1271 534 133

132 635 205 680 nem
232 611 393 704 suppleat.
422 611 534 694 Quoad
561 611 796 679 consectarium
823 610 921 702 juris,
950 610 976 678 si
1006 615 1091 680 totus
1120 611 1273 702 populus,

129 721 204 789 licet
229 729 401 810 cognoscat
423 719 566 810 judicem
594 719 915 788 excommunicatum
944 717 1057 804 luisse,
1078 725 1110 786 et
1135 719 1276 788 vedidam

131 837 258 918 reputet
273 827 435 918 ejusmodi
455 825 837 912 excommunicationem,
856 824 987 914 ignoret
1002 835 1111 892 tameu
1135 825 1196 894 boc
1211 826 1276 917 ipsi

128 933 388 1025 jurisdictionem
403 933 586 1018 abstulisse,
604 931 722 1002 iterum
739 941 834 1022 urget
856 933 937 1000 ratio
953 930 1102 999 utilitatis
1123 931 1273 1023 publicae,

131 1050 163 1108 et
180 1042 295 1109 merito
316 1039 529 1132 praesumitur
544 1039 685 1108 Ecclesia
707 1039 970 1130 jurisdictionem
992 1039 1154 1131 supplere.
1181 1039 1276 1108 Unde

1 1227 2 1232 ἵ
131 1171 302 1238 uunquam
315 1171 406 1216 error
422 1147 654 1216 communisse
668 1169 765 1214 seusu
776 1168 904 1215 crassus
917 1145 1118 1237 reputandus
1130 1146 1272 1232 videtur,

132 1263 169 1322 ut
184 1255 415 1346 praesumenda
427 1254 469 1322 sit
484 1253 626 1322 Ecclesia
639 1253 902 1343 jurisdictionem
919 1274 984 1320 uon
1001 1253 1162 1343 supplere.

178 1363 362 1432 Pnoeosrrro
375 1363 429 1430 11«.
446 1399 492 1414 -
506 1362 548 1429 Si
559 1383 650 1428 mor
663 1384 726 1428 non
744 1361 786 1428 rit
810 1360 1005 1441 communis,
1022 1359 1079 1428 sed
1093 1383 1278 1452 paucorum

133 1481 279 1550 tontum,
297 1470 451 1537 nrrllr'tute
472 1467 626 1536 laborant
651 1479 726 1535 actu
742 1477 774 1535 et
796 1467 963 1536 sententiae
982 1465 1121 1556 judicis.
1136 1468 1277 1536 —Cum

132 1575 220 1644 enim
237 1575 425 1667 talisjudex
440 1582 546 1644 careat
559 1573 797 1665 jurisdictione,
815 1573 950 1642 nulliter
964 1574 1033 1664 agit
1054 1573 1116 1642 nisi
1138 1573 1280 1642 Ecclesia

130 1682 390 1772 jurisdictionem
414 1683 573 1774 suppleat.
599 1681 740 1750 Ecclesia
765 1693 963 1750 autemnon
989 1681 1128 1773 supplet,
1155 1681 1216 1748 uisi
1238 1683 1279 1749 ob

133 1793 293 1860 rationem
308 1790 447 1883 publicae
465 1789 621 1858 utilitatis.
640 1788 722 1870 Qus
738 1787 872 1880 quidem
893 1787 975 1855 ratio
994 1789 1134 1856 occurrit
1148 1789 1280 1880 quaudo

133 1922 227 1968 error
241 1909 290 1968 est
305 1897 499 1984 communis,
517 1919 582 1966 nou
595 1919 673 1966 vero
686 1895 818 1988 quando
833 1904 881 1964 est
896 1895 1067 1964 dumtaxat
1080 1895 1278 1988 aliquorum,

132 2015 172 2075 ut
190 2015 290 2098 patet.

183 2114 386 2204 objectiones
397 2112 764 2182 monetae-contra
775 2110 954 2180 doctrinam
964 2109 1093 2178 duobus
1105 2111 1281 2202 praemissis

134 2221 412 2313 propositionibus
439 2229 607 2307 assertam,
624 2218 757 2310 objicies
786 2221 828 2286 1⁰.
847 2218 953 2288 Judex
977 2218 1034 2308 qui
1056 2217 1281 2307 jurisdictione

134 2336 234 2413 caret,
258 2351 328 2396 eam
358 2327 392 2394 iu
420 2348 496 2395 casu
521 2326 641 2394 erroris
669 2325 853 2394 communis
877 2325 1046 2415 acciperet,
1070 2323 1121 2392 vel
1145 2326 1186 2393 ab
1210 2327 1281 2416 ipso

133 2456 259 2521 errore,
278 2434 329 2502 vel
357 2457 375 2502 a
400 2433 616 2524 litigantibus,
640 2431 691 2500 vel
716 2455 735 2499 a
760 2431 927 2524 superiore
946 2455 954 2497 ε
975 2430 1065 2522 atqui
1086 2431 1215 2499 nullum
1239 2456 1280 2500 ex

134 2540 188 2608 his
206 2540 271 2610 dici
285 2548 388 2634 potest
404 2567 411 2608 ι
429 2563 494 2608 uon
508 2540 549 2607 ab
565 2561 675 2608 errore
691 2538 855 2607 communi
870 2537 995 2628 populi,
1011 2537 1088 2628 qnia
1101 2537 1280 2606 absurdum

133 2657 185 2716 est
196 2648 455 2738 jurisdictionem
471 2669 511 2715 ex
526 2647 693 2716 erroribus
708 2645 796 2713 nasci
811 2673 819 2712 ε
834 2667 900 2713 non
915 2644 1163 2734 obligantibus,
1180 2645 1237 2736 qui
1252 2655 1283 2713 et

133 2756 199 2848 ipsi
212 2755 439 2847 jurisdictione
454 2761 577 2840 carent,
592 2777 629 2822 ac
654 2753 790 2846 proinde
814 2753 891 2821 dare
910 2750 982 2818 aliis
1005 2761 1171 2843 nequeunt
1189 2779 1196 2819 :
1215 2775 1282 2820 nou

134 2887 155 2930 a
172 2864 351 2955 superiore,
367 2861 424 2954 qui
444 2862 484 2930 de
500 2861 607 2931 danda
629 2861 684 2929 tali
705 2860 807 2952 judici
833 2867 988 2952 potestate
1010 2881 1049 2926 ne
1069 2859 1188 2949 cogitat
1207 2862 1282 2952 qni-

135 2971 213 3039 dem
240 3000 247 3039 :
272 2995 362 3062 ergo.
380 3009 425 3022 -
448 2969 674 3061 Respondetur
696 2990 762 3035 non
787 2965 897 3035 deesse
925 2965 1123 3033 voluntatem
1150 2989 1281 3058 perma-

137 3087 269 3146 nentem
284 3089 315 3146 et
335 3077 518 3167 generalem
534 3077 568 3144 in
590 3074 742 3161 Ecclesia,
756 3073 1014 3163 jurisdictionem
1035 3073 1068 3138 in
1090 3071 1279 3164 hujusmodi

134 3186 266 3254 casibus
280 3184 451 3277 supplendi
471 3211 478 3250 ι
495 3192 683 3252 occurrente
698 3203 776 3271 crgo
790 3180 899 3271 aliquo
913 3202 955 3246 ex
973 3177 1066 3246 dictis
1089 3180 1230 3270 casibus,
1246 3183 1279 3250 vi

136 3293 239 3384 hujus
255 3291 432 3361 voluntatis
448 3289 630 3381 jurisdictio
655 3287 762 3356 statim
789 3286 969 3378 suppletur.
997 3284 1137 3377 Objicies
1157 3292 1202 3356 2⁰.
1221 3289 1281 3358 Se·

136 3406 294 3490 queretur
308 3397 482 3466 sententias
504 3418 672 3487 uunquam
687 3417 729 3462 ex
750 3393 875 3462 delectu
889 3390 1125 3483 jurisdictionis
1140 3393 1208 3462 lore
1224 3395 1278 3463 in-

137 3504 277 3592 validas,
294 3526 367 3573 cum
385 3525 554 3595 nunqnam
572 3500 696 3570 soleant
715 3500 878 3589 litigantes
896 3498 1057 3589 justitiam
1082 3508 1201 3590 petere,
1221 3503 1282 3570 uisi

137 3611 181 3678 ab
195 3635 234 3680 eo
250 3610 360 3702 judice
382 3632 480 3701 quem
501 3615 617 3701 putant
638 3605 903 3697 jurisdictionem
930 3605 1060 3674 habere.
1077 3643 1122 3658 ·-
1135 3607 1283 3699 Respon-

138 3719 236 3786 detur
254 3745 262 3784 ε
280 3739 423 3785 errorem
443 3716 639 3806 litigantium
662 3735 728 3782 uon
751 3734 879 3804 semper
894 3733 962 3780 esse
978 3733 1121 3780 errorem
1138 3735 1285 3784 commu-

138 3849 232 3912 nem,
251 3823 383 3916 quaudo
397 3831 504 3892 autem
530 3843 621 3890 error
636 3829 683 3888 est
699 3819 897 3904 communis,
914 3817 1043 3887 nullum
1062 3820 1155 3910 sequi
1170 3819 1286 3890 incon-

138 3935 338 4002 veuieusex
361 3930 509 4022 eoquod
537 3930 726 3998 firmitatem
754 3927 894 3994 habeant
918 3925 1085 3994 sententies
1111 3928 1285 4018 prolataea

137 4041 248 4132 judice
270 4039 326 4132 qui
348 4036 571 4129 jurisdictione
598 4044 697 4123 caret,
718 4035 775 4102 sed
803 4045 910 4102 tamen
934 4055 1005 4100 eam
1028 4031 1146 4102 babere
1173 4039 1286 4106 existi-

143 4157 263 4216 matur.
281 4145 420 4237 Objicies
437 4151 481 4212 3⁰.
499 4145 534 4214 Si
557 4165 649 4212 error
663 4140 850 4211 communis
876 4138 1136 4230 jurisdictionem
1160 4142 1284 4232 tribuit,

145 4254 262 4324 validae
290 4262 395 4322 essent
422 4252 641 4320 absolutiones
668 4248 792 4318 collatae
823 4269 843 4314 a
871 4245 986 4316 clerieo
1015 4268 1081 4314 non
1111 4251 1288 4341 sacerdote,
