3090 4964
306 492 346 557 et
679 507 854 556 micrmus
876 507 915 554 nr
936 506 1070 556 eunicus.

303 655 380 700 nem
397 629 544 699 saeculari
560 629 775 698 attribuendae
791 630 874 698 sint:
891 628 956 698 duo
971 629 1079 721 priora
1097 630 1308 699 desumemus
1321 655 1364 700 ex
1375 627 1443 724 ipsa

303 739 454 808 Ecclesiae
464 737 612 822 essentia,
625 735 658 804 id
668 748 726 823 est,
739 761 779 804 ex
789 738 1008 828 prerogativa
1019 737 1161 830 quadam
1171 760 1272 829 quam
1284 739 1443 808 aChristo

302 845 435 936 accepit,
453 854 484 912 et
503 865 578 934 quae
597 843 638 910 ad
657 845 761 936 ipsius
784 844 1063 912 fundamentalem
1083 845 1345 914 constitutionem
1367 869 1443 937 per-

301 953 383 1021 tinet
400 979 407 1019 :
424 951 558 1020 tertium
578 951 768 1018 hauriemus
789 973 830 1018 ex
849 949 915 1018 fine
932 951 1084 1020 ecclesie
1107 951 1239 1043 proprio
1262 979 1270 1020 :
1289 962 1443 1044 quartum

302 1059 442 1150 denique
462 1080 502 1126 ex
520 1064 606 1125 certa
623 1065 655 1124 et
677 1057 900 1125 communiter
920 1057 1009 1149 apud
1028 1057 1201 1127 catholicos
1221 1067 1349 1150 recepta
1368 1060 1443 1128 doc-

302 1166 401 1234 trina.

345 1273 471 1342 Pernen
498 1295 680 1342 rrmcrrrun.
711 1311 756 1324 —
785 1273 832 1342 dd
861 1271 1010 1341 omnibus
1046 1271 1289 1342 admittendum
1317 1287 1362 1341 est
1393 1296 1446 1341 eos

301 1402 413 1448 coruos
432 1378 480 1447 od
496 1381 609 1470 sorum
630 1380 877 1448 ecclesiasticum
903 1381 1080 1471 pertinere,
1103 1403 1183 1472 quos
1202 1381 1359 1462 Ecclesia,
1381 1381 1446 1447 sive

297 1509 359 1578 per
378 1508 543 1578 expressas
564 1485 780 1577 definitiones,
797 1486 863 1554 sive
875 1509 936 1578 per
953 1486 1165 1578 sufficientem
1183 1509 1280 1555 suom
1294 1489 1442 1578 proxim,

301 1592 515 1661 declaraverit
535 1591 764 1682 jurisdictioni
785 1615 850 1662 sure
869 1592 1047 1683 subjacere.
1069 1593 1254 1662 —Omnes
1276 1595 1365 1661 enim
1384 1593 1446 1661 ho-

303 1699 408 1767 mines
434 1707 585 1766 tenentur
614 1721 727 1768 veram
757 1697 879 1767 Christi
914 1699 1091 1768 Ecclesiam
1119 1699 1261 1789 ingredi,
1289 1721 1347 1768 seu
1377 1722 1445 1768 esse

301 1804 461 1890 catholici,
479 1825 515 1870 ac
526 1804 665 1894 proinde
680 1804 873 1874 catholicam
890 1803 990 1874 fidem
1008 1807 1165 1897 profiteri.
1184 1805 1242 1874 Est
1261 1815 1370 1874 autem
1387 1827 1445 1874 ar-

301 1911 420 1978 ticulus
445 1908 532 1995 fidei,
550 1909 726 1977 Ecclesiam
741 1911 775 1978 in
800 1910 946 1980 docendo
965 1921 995 1980 et
1018 1911 1201 1981 definiendo
1220 1913 1372 2001 dogmate
1392 1913 1446 1980 in-

302 2017 494 2085 fallibilitate
520 2014 641 2106 pollere
660 2044 667 2083 :
686 2016 837 2085 Christus
862 2017 954 2085 enim
976 2017 1059 2085 dixit
1085 2045 1092 2086 :
1121 2022 1230 2088 Porte
1257 2020 1357 2110 inseri
1379 2043 1446 2086 oon

296 2123 525 2218 prevalebunt
538 2122 692 2190 adversus
706 2145 802 2205 eam‚·
825 2123 1042 2214 prevalerent
1063 2133 1174 2192 autem
1195 2127 1223 2193 si
1244 2126 1385 2195 Ecclesia
1410 2127 1446 2193 in

303 2231 448 2301 docendo
461 2229 540 2320 quid
556 2229 758 2297 credendum
775 2230 828 2316 sit,
844 2251 953 2298 errare
973 2239 1091 2322 posset.
1115 2231 1277 2301 Praeterea
1298 2233 1447 2302 Christus

303 2340 447 2408 voluitet
458 2337 633 2427 imperavit
647 2346 683 2404 ut
693 2359 807 2404 omnes
823 2337 974 2404 Ecclesia
985 2337 1112 2404 docenti
1121 2338 1290 2406 crederent
1305 2341 1448 2408 :Ewttes

302 2445 460 2515 docete
474 2471 485 2511 :
499 2444 556 2534 qui
569 2466 636 2511 non
651 2442 823 2512 crediderit
835 2442 1122 2528 condemnabitur‚·
1135 2467 1201 2513 non
1214 2446 1322 2537 potnit
1335 2454 1445 2514 autem

303 2553 452 2622 Christus
467 2551 598 2639 exigere
611 2559 649 2618 ut
661 2549 813 2618 Ecclesiae
828 2549 955 2618 docenti
971 2549 1170 2636 crederetur,
1188 2552 1252 2619 nisi
1266 2551 1447 2620 Ecclesiam
1527 2627 1528 2638 χ

302 2659 414 2727 lecerit
437 2655 634 2724 inducendo
655 2655 872 2726 infallibilem.
891 2656 1055 2726 Preterea
1073 2667 1139 2726 tota
1159 2657 1296 2727 Petrum
1315 2659 1449 2727 traditio

305 2766 408 2835 tenuit
429 2763 604 2832 Etclesmn
626 2761 790 2832 aChristo
813 2785 888 2830 cum
910 2761 1069 2854 predicta
1098 2761 1324 2831 infallibilitate
1348 2763 1449 2832 luisse

304 2871 526 2957 constitutam,
537 2878 568 2936 et
579 2891 616 2936 ea
627 2869 688 2936 luit
697 2869 848 2936 omnium
861 2870 1059 2938 seculorum
1073 2868 1174 2948 lides;
1189 2892 1264 2962 quae
1274 2871 1301 2938 si
1313 2893 1451 2940 erronea

305 2983 401 3067 foret,
417 2986 638 3070 sequeretura
653 2985 798 3067 tempore
813 2977 1047 3068 Apostolorum
1065 2999 1167 3070 usque
1183 2999 1270 3045 nunc
1285 2979 1449 3069 Sponsam

306 3087 426 3157 Christi
441 3085 540 3153 fuisse
556 3091 711 3174 perpetuo
734 3084 904 3170 foedatam,
920 3092 952 3152 et
967 3096 1079 3152 eontra
1098 3086 1205 3176 ipsam
1227 3094 1336 3176 portas
1352 3085 1452 3153 inferi

305 3191 528 3284 prevaluisse.
544 3189 705 3258 Praeterea
724 3190 882 3258 articulus
904 3191 945 3258 de
969 3190 1128 3281 preedicta
1151 3191 1303 3259 Ecclesiae
1326 3192 1453 3259 infalli-

308 3299 429 3366 hilitate
445 3295 507 3365 fuit
521 3297 684 3365 multoties
697 3317 848 3386 expresse
862 3297 1026 3365 delinitus.
1041 3297 1122 3378 Quae
1135 3297 1246 3365 omnia
1263 3298 1299 3365 in
1311 3306 1454 3365 tractatu

308 3405 349 3474 de
372 3403 512 3473 Ecclesia
531 3403 601 3470 tuse
625 3425 644 3470 a
667 3402 826 3492 theologis
837 3404 1053 3472 demonstrari
1077 3403 1190 3472 solent.
1215 3405 1452 3473 Inconcussum

308 3536 386 3601 ergo
408 3519 468 3596 est,
485 3519 517 3576 et
535 3509 576 3576 ab
591 3509 745 3577 omnihus
764 3509 1019 3598 admittendum,
1038 3511 1214 3579 Ecclesiam
1234 3533 1303 3580 esse
1322 3512 1352 3579 ei
1368 3511 1453 3600 dog-

312 3628 395 3690 mate
409 3614 593 3686 deliniendo
616 3615 833 3684 infallibilem.
851 3617 926 3686 lam
950 3639 1040 3706 vero,
1059 3617 1195 3686 delinire
1216 3618 1313 3686 telem
1336 3641 1456 3687 eausa-

310 3750 387 3797 rum
401 3725 542 3818 speciem
556 3722 596 3791 ad
611 3723 673 3790 tale
687 3724 798 3791 forum
811 3724 983 3814 pertinere,
1000 3735 1048 3793 est
1061 3724 1203 3794 delinere
1217 3725 1356 3815 dogma:
1372 3748 1457 3815 ergo

311 3835 441 3928 quando
467 3830 610 3900 Ecclesia
627 3828 740 3898 delinit
760 3840 863 3898 certas
882 3853 995 3899 causas
1012 3831 1229 3922 jurisdictioni
1250 3855 1320 3900 sure
1342 3831 1457 3922 suhja—
1523 3861 1524 3868 ¹

312 3967 396 4030 cere,
417 3938 597 4011 infallibilis
622 3949 669 4006 est
693 3938 855 4028 ejusmodi
882 3938 1031 4008 definitio
1058 3967 1065 4007 :
1096 3963 1175 4029 ergo
1198 3962 1312 4007 omnes
1335 3939 1460 4008 dehent

310 4061 465 4144 tanquam
482 4053 607 4117 certum
624 4043 795 4113 admittere
809 4067 862 4113 eas
878 4067 991 4115 causas
1006 4045 1046 4114 ad
1067 4048 1176 4116 lorum
1198 4047 1458 4116 ecclesiasticum
1522 4121 1523 4140 χ

310 4160 484 4254 pertinere,
497 4178 579 4247 quas
592 4153 658 4222 sibi
674 4150 838 4243 subjacere
853 4153 996 4222 Ecclesia
1009 4154 1182 4224 delituerit.

356 4271 479 4338 Altero
493 4263 634 4340 Ecclesia
647 4259 827 4328 infallibilis
846 4271 904 4348 est,
923 4285 990 4330 non
1011 4271 1138 4332 tentum
1162 4264 1195 4330 in
1219 4263 1287 4332 suis
1307 4263 1460 4355 dogma·

1510 4709 1521 4938 Ι
