3046 4962
284 468 322 534 tc
657 491 833 539 reserares
855 493 894 538 oe
916 491 1049 539 rnornrs.
1173 489 1175 493 ·

280 610 453 698 cessarias,
485 606 649 678 ordinarie
678 612 812 700 saltem,
840 615 874 680 iu
902 613 1049 682 iacienda
1078 612 1206 705 justitia
1237 614 1422 686 observare.
1519 615 1520 626 ²

326 716 509 787 Peorosrrro
522 718 579 786 11².
597 758 641 771 -
657 720 822 789 Institutio
831 719 1042 811 judiciorum
1056 744 1122 790 non
1146 735 1192 790 est
1214 722 1346 815 dejure
1359 747 1427 792 nn-

280 824 393 907 curati,
412 847 448 892 eo
464 847 558 894 sensu
572 826 662 917 qaod
675 827 789 896 omnia
804 828 947 922 trintina
962 829 1102 897 coerceri
1116 842 1149 897 et
1169 852 1280 899 omnes
1294 830 1426 900 ormino

279 931 350 1000 lites
366 931 481 1001 diurni
493 930 631 1001 deleam
653 955 714 1025 per
728 934 860 1026 judicia
877 937 1015 1028 proprie
1029 935 1129 1008 decta.
1148 976 1193 989 -
1207 937 1283 1007 ldeo
1298 960 1427 1029 semper

279 1037 433 1108 deberent
450 1040 657 1130 magistratus
677 1043 712 1110 in
733 1040 900 1111 reddenda
923 1043 1051 1135 justitia
1066 1043 1295 1114 substantiales
1308 1045 1425 1137 judieii

278 1144 400 1215 formas
414 1145 583 1233 adhibere,
600 1155 632 1215 et
652 1170 822 1240 nunqnam
839 1159 968 1242 possent
987 1149 1162 1242 procedere
1176 1151 1425 1243 extra-judicia-

280 1253 367 1342 liter,
383 1254 461 1345 quia
483 1253 517 1322 id
543 1253 720 1345 postularet
743 1256 866 1324 bonum
890 1257 1061 1348 publicum
1078 1280 1134 1327 sen
1156 1257 1306 1348 generale
1322 1259 1425 1326 socie-

279 1361 369 1448 tatis;
387 1361 476 1452 etqui
502 1361 626 1432 bonnm
654 1363 823 1454 publicum
843 1386 910 1434 non
931 1365 976 1434 ita
992 1365 1138 1454 rigorose
1162 1365 1304 1458 postulat
1328 1373 1365 1434 ut
1389 1366 1423 1434 in

279 1468 432 1536 omnibns
449 1470 583 1537 omuino
607 1470 793 1538 coercendis
816 1471 1008 1540 criminibus
1034 1482 1066 1539 et
1091 1471 1284 1541 dirimendis
1299 1471 1422 1559 litibus,

279 1597 338 1666 per
351 1576 491 1643 formam
515 1567 705 1666 judicialem
726 1577 935 1669 procedatur;
953 1579 1008 1648 sed
1033 1579 1189 1670 permittit
1213 1580 1280 1647 imo
1298 1587 1331 1648 et
1343 1601 1423 1669 pos·

280 1682 361 1751 tolat
374 1690 410 1751 ut
424 1681 542 1774 aliquae
563 1681 683 1753 dentur
698 1685 914 1776 exceptiones.
932 1686 970 1753 lu
997 1686 1092 1762 certis
1111 1687 1200 1754 enim
1222 1685 1423 1778 casihnspe·
1519 1691 1520 1750 t

277 1789 381 1860 ricula
409 1801 441 1858 et
470 1789 675 1860 incommoda
710 1792 850 1860 traheret
890 1792 1049 1882 regularis
1087 1815 1194 1862 causae
1234 1793 1422 1885 disceptatio

277 1906 418 1968 actorem
436 1898 522 1966 inter
541 1906 572 1966 ct
594 1920 703 1977 mum:
725 1907 797 1967 tum
819 1899 861 1967 ob
887 1921 996 1969 moras
1011 1907 1042 1967 et
1063 1899 1234 1968 dilationes
1254 1885 1344 1969 adid
1359 1923 1422 1968 ne·

278 2005 443 2090 cesserim,
463 2014 532 2073 tum
558 2004 754 2097 quandoque
775 2006 817 2074 ob
831 2005 1022 2076 scandalum
1037 2027 1077 2074 ex
1100 2006 1244 2096 regulari
1268 2029 1421 2098 processu

277 2115 455 2186 oriturum..
469 2113 520 2182 Sit
539 2113 574 2181 in
593 2113 780 2204 exemplum
802 2116 969 2184 ordinarie
993 2116 1027 2183 in
1054 2115 1280 2207 delinquentes
1303 2115 1421 2182 milites
1519 2105 1520 2180 l

276 2220 458 2290 exercenda
469 2220 615 2313 justitia:
634 2220 662 2287 si
677 2243 736 2311 pro
753 2221 935 2290 minoribus
952 2222 1092 2292 militum
1108 2222 1215 2314 culpis
1230 2221 1419 2313 puniendis,

276 2335 441 2397 teneretur
465 2327 535 2396 dux
563 2327 703 2395 militum
728 2325 927 2418 judicialiter
954 2328 1140 2420 procedere,
1162 2329 1207 2397 ita
1238 2336 1275 2396 ut
1300 2329 1420 2396 admit·
1519 2323 1520 2402 i

276 2434 375 2504 tanda
388 2435 471 2504 foret
486 2434 547 2504 Rei
561 2433 717 2518 defensio,
735 2442 801 2504 tota
824 2444 861 2502 nt
885 2443 971 2526 patet
993 2435 1028 2504 iu
1055 2434 1195 2504 nibilum
1212 2435 1315 2504 abiret
1330 2436 1421 2503 mili·-

275 2543 358 2610 turis
373 2541 556 2632 disciplina,
572 2539 659 2608 unde
683 2549 715 2608 et
735 2563 891 2630 magnum
917 2551 1091 2632 exurgeret
1118 2541 1308 2633 reipublice
1324 2541 1419 2610 dam·

276 2671 369 2716 num.
394 2647 540 2715 Postulat
566 2669 645 2736 ergo
669 2647 793 2716 bonnm
822 2647 1002 2739 publicum,
1026 2659 1064 2718 nt
1088 2650 1195 2740 potins
1222 2647 1418 2740 quandoque

276 2754 398 2824 accidat
412 2755 553 2846 aliquem
572 2753 706 2822 militem
722 2755 884 2824 insontem
898 2755 1022 2845 puniri,
1038 2765 1094 2828 ant
1115 2757 1218 2824 nimia
1232 2777 1328 2846 prone
1343 2755 1418 2824 cul·

276 2885 351 2956 pam
377 2862 447 2954 ejus
473 2861 568 2954 plecti
594 2885 634 2930 ex
662 2862 791 2930 omissis
809 2858 1019 2952 judicialibus
1044 2861 1085 2930 ad
1112 2864 1278 2932 veritatem
1306 2871 1418 2932 exacte
1519 2879 1520 2922 ὲ

274 2969 520 3041 discernendam
536 2967 753 3055 cautionibus,
771 2991 870 3060 quem
891 2967 1102 3038 dilationibus
1115 2979 1147 3038 et
1162 2969 1417 3040 discussionibus
1519 2987 1520 3068 j

274 3078 470 3162 forensibus,
490 3076 652 3145 exercitus
672 3075 739 3142 vim
758 3084 789 3144 et
804 3075 951 3143 ordinem
968 3075 1145 3168 praepediri
1168 3084 1200 3145 et
1219 3078 1414 3168 perturbari.
1519 3069 1520 3136 l

216 3191 231 3215 ³
273 3184 377 3254 Porro
394 3205 459 3252 nou
472 3183 589 3251 desunt
605 3181 662 3250 alii
685 3179 844 3272 ejusmodi
871 3204 964 3251 casus
979 3183 1013 3250 in
1029 3183 1149 3274 quibus
1164 3191 1235 3251 tum
1250 3183 1417 3253 ecclesias·

275 3293 369 3370 ticus,
387 3298 456 3358 tum
480 3288 646 3356 saecularis
670 3288 889 3377 magistratus,
911 3289 957 3358 ita
981 3289 1164 3379 postulante
1189 3289 1305 3380 majori
1330 3289 1416 3360 bono

275 3397 417 3488 publico,
435 3395 548 3464 debeat
570 3415 662 3485 posse
688 3394 862 3486 procedere
885 3395 1203 3485 extra-judicialiter.
1222 3395 1353 3466 Jndicia
1376 3419 1417 3466 ec

276 3507 456 3596 informato
479 3502 670 3570 comcicotic
696 3501 728 3569 iu
752 3499 948 3594 quibusdam
975 3503 1225 3573 circumstantiis
1244 3526 1263 3573 a
1281 3503 1416 3574 concilio

275 3609 465 3680 Tridentino
483 3607 641 3700 episcopis
662 3608 833 3698 permissa,
848 3607 941 3676 utilia
959 3609 1072 3701 procul
1096 3608 1197 3677 dubio
1216 3616 1248 3679 et
1271 3609 1416 3699 legitima

274 3727 361 3788 sunt.
379 3717 415 3784 In
431 3714 471 3784 iis
487 3735 585 3805 porro
603 3711 720 3803 judicii
736 3713 874 3782 lorensis
894 3714 1118 3792 substantialia
1132 3737 1198 3784 uon
1214 3725 1290 3782 sunt
1306 3737 1415 3784 neces·
1519 3709 1520 3760 t

274 3825 359 3894 sario
374 3819 545 3907 servanda,
563 3825 599 3888 nt
612 3841 672 3888 sno
686 3817 755 3888 loco
770 3818 906 3890 dicetur.
926 3821 1015 3910 Ergo
1028 3820 1104 3890 licet
1128 3844 1169 3889 ex
1185 3822 1259 3912 jure
1275 3822 1415 3892 naturali

275 3931 385 4000 induci
410 3929 523 3998 debeat
547 3926 743 4018 generaliter
763 3927 960 4018 judiciorum
987 3929 1117 4022 proprie
1135 3927 1299 3998 dictorum
1322 3931 1415 3998 insti·
1519 3923 1520 3956 l

276 4039 368 4123 tutio,
391 4059 457 4107 nou
482 4036 527 4104 ita
551 4056 668 4124 argere
690 4032 742 4102 lex
764 4034 818 4102 illa
843 4034 1000 4105 naturalis
1026 4035 1186 4104 censenda
1210 4045 1269 4123 est,
1292 4044 1327 4105 ut
1349 4059 1414 4106 non
1519 4071 1520 4116 r

277 4144 377 4238 possit
401 4143 551 4234 princeps
575 4142 655 4232 ipse,
671 4150 703 4209 et
724 4140 779 4208 alii
803 4142 1012 4230 magistratus
1032 4141 1161 4233 abipso
1183 4143 1362 4229 constituti,
1380 4143 1414 4211 in

276 4249 370 4322 certis
386 4247 511 4318 casibus
530 4247 686 4337 iustitiam
708 4247 1025 4338 extra-judicialiter,
1043 4247 1075 4316 id
1095 4257 1156 4335 est,
1172 4250 1301 4324 omissis
1317 4250 1411 4324 etiam
1519 4281 1520 4346 q
