3056 4972
265 391 326 455 182
636 411 813 456 rasurarus
835 411 874 454 nn
896 411 1029 456 runicus.

268 561 283 596 a
305 532 429 624 jurium
446 541 493 600 est
506 553 603 625 panos
615 537 803 624 utrumque,
818 531 870 598 vel
884 537 933 598 est
946 553 1045 622 pones
1059 531 1245 600 inferiorem
1263 541 1405 620 tantum,

268 668 284 704 a
308 641 354 707 ita
378 648 412 706 ut
438 639 585 730 superior
600 637 872 706 administrationi
888 636 1052 706 ordinarie
1073 660 1191 707 senon
1212 639 1402 708 immisceat.

269 773 285 810 a
309 747 349 814 Si
363 746 524 837 primum,
544 745 727 812 interioria
752 744 875 836 judicio
894 743 1026 835 quidam
1048 767 1144 834 agere
1163 754 1195 813 et
1211 748 1406 838 respondero

267 880 283 918 u
307 875 405 945 super
423 853 520 921 rebus
535 860 566 920 ot
579 851 710 944 juribus
724 850 874 920 Faolesiae
890 851 951 919 sibi
967 851 1161 920 concreditas
1177 862 1280 945 potest
1289 879 1299 940 ;
1314 856 1342 922 si
1357 863 1408 922 ta·

268 989 285 1026 «
309 982 383 1028 meu
406 960 554 1052 superior
576 960 712 1050 ipsemet
727 957 806 1027 volit
827 980 936 1047 agore,
954 957 1101 1028 interiori
1122 967 1276 1053 tanquam
1301 962 1408 1053 majo-

268 1095 284 1133 (ι
309 1090 377 1138 ram
391 1065 640 1138 administrandi
657 1074 846 1158 potestatem
861 1064 985 1133 habeus
999 1074 1047 1134 est
1061 1067 1299 1158 praefarendus,
1311 1078 1408 1161 prout
1503 1071 1504 1076 ’

269 1203 284 1240 a
308 1175 450 1244 sumitur
463 1196 503 1241 ox
527 1173 629 1242 Clem.
650 1177 681 1258 1,
699 1172 799 1240 verbo
820 1172 956 1254 Licuit,
974 1171 1013 1240 de
1036 1175 1210 1266 Rescnptis
1227 1175 1285 1266 (1).
1304 1176 1346 1244 Si
1359 1199 1408 1244 aa·

269 1309 285 1348 a
308 1282 465 1362 cundum,
479 1281 629 1373 praeforri
643 1280 737 1348 dehet
753 1286 858 1348 rector
870 1278 921 1348 val
932 1279 1176 1349 administrator
1188 1282 1405 1368 immediatus,
1507 1327 1508 1346 a

269 1417 285 1456 «
309 1390 336 1458 si
352 1396 526 1481 perpetuus
540 1387 596 1456 iile
617 1387 680 1474 sit;
696 1407 789 1454 secus
805 1385 832 1453 si
848 1387 1038 1477 temporalis
1060 1395 1091 1455 et
1108 1386 1149 1455 ad
1172 1398 1288 1457 nutum
1306 1412 1408 1482 supe-

269 1524 285 1562 «
308 1498 405 1566 rioris
430 1495 624 1564 amoribilis.
651 1497 697 1564 Do
720 1504 875 1586 perpetuo
899 1504 1040 1583 constat3
1056 1498 1134 1588 quia
1155 1497 1256 1591 hujus
1271 1521 1309 1568 ao
1332 1523 1408 1569 casu

269 1631 285 1670 a
309 1604 520 1696 principalius
546 1605 704 1673 interest:
729 1602 770 1670 da
793 1604 962 1694 temporali
988 1603 1186 1694 ostenditur3
1209 1605 1296 1674 huno
1317 1608 1408 1676 onim

268 1739 285 1777 a
308 1713 363 1781 tali
376 1735 453 1780 casu
467 1711 614 1803 superior
623 1712 665 1779 ab
677 1709 957 1778 administratione
969 1733 1121 1782 amovere
1137 1714 1271 1781 omnino
1285 1723 1406 1806 potest;

269 1847 286 1884 «
311 1820 410 1908 igitur
423 1819 525 1887 multo
537 1819 640 1908 magis
650 1840 803 1886 amovere
818 1817 969 1886 eumdem
985 1820 1102 1909 poterit
1117 1822 1335 1912 apartieulari
1350 1847 1408 1915 po-

269 1952 285 1990 «
309 1933 419 1994 testate
438 1924 557 2014 agendi
576 1924 610 1990 in
633 1923 693 1993 hao
716 1923 767 1992 val
793 1923 848 1990 illa
871 1946 978 1992 causa.
1001 1949 1018 1988 u
1040 1923 1355 2016 (Sohmalzgruaban
1375 1929 1409 1995 iu

265 2033 395 2100 titulum
415 2034 427 2097 1
448 2031 487 2098 cia
500 2029 647 2110 indiciis,
662 2029 739 2096 libri
753 2034 772 2096 2
789 2029 1016 2116 Decretalium,
1033 2053 1065 2098 n.
1087 2031 1154 2121 it.)

309 2139 397 2208 XIII.
418 2137 559 2220 Quando
574 2137 737 2205 Praelatio
755 2137 790 2203 in
810 2159 909 2205 causa
931 2138 1074 2230 propria
1089 2138 1238 2231 capitali,
1257 2141 1307 2208 ael
1319 2141 1410 2232 capi-

266 2247 375 2314 tulum
394 2247 429 2314 ia
453 2267 552 2313 causa
574 2245 713 2335 propria
739 2243 877 2312 Praelaii
902 2244 1103 2313 admittatur
1124 2245 1172 2315 ad
1193 2246 1358 2337 apaudum
1381 2259 1411 2316 et

266 2351 526 2445 respondendum
541 2352 576 2418 iu
587 2349 727 2441 judicia.
745 2389 790 2402 -
809 2351 1033 2442 «Respondoo
1047 2351 1175 2421 admitti
1191 2354 1231 2440 si,
1248 2363 1304 2421 aut
1319 2355 1410 2422 Prae-

270 2489 286 2524 a
310 2462 394 2529 latus
411 2459 525 2528 habeat
545 2457 681 2548 speciale
703 2457 892 2526 mandatum
911 2481 930 2524 a
951 2459 1104 2550 capitulo,
1123 2461 1174 2526 val
1198 2460 1376 2551 capitulum
1393 2484 1413 2527 a

268 2596 285 2632 a
309 2567 447 2635 Praelato
460 2593 468 2633 :
483 2566 510 2632 si
523 2564 676 2632 mandato
687 2564 848 2656 ejusmodi
863 2575 984 2652 careat,
997 2573 1033 2634 ut
1043 2566 1236 2635 admittatur
1251 2567 1412 2635 Praelatus

270 2703 286 2740 a
310 2677 345 2744 in
359 2695 455 2743 causa
467 2674 598 2764 propria
609 2673 753 2763 capituli,
764 2681 821 2740 aut
832 2673 1011 2764 capitulum
1023 2673 1057 2741 in
1069 2697 1165 2742 cansa
1176 2675 1308 2766 propria
1320 2676 1413 2743 Prae-

270 2811 286 2848 α
309 2783 379 2868 lati,
390 2803 517 2850 necasse
528 2789 621 2848 estut
630 2788 764 2847 caveant
774 2780 814 2847 da
826 2789 914 2866 rato;
929 2789 1008 2848 tuna
1019 2781 1107 2849 enim
1120 2780 1247 2849 admitti
1260 2790 1410 2873 possunt,

271 2917 287 2957 a
311 2898 347 2958 ut
362 2899 446 2957 recta
459 2888 599 2956 advortit
613 2887 721 2976 glossa
737 2887 770 2954 in
785 2909 814 2953 o.
836 2895 866 2974 1,
886 2889 985 2956 verbo
1001 2886 1177 2980 Leqaliter,
1195 2886 1235 2955 da
1251 2891 1412 2956 Procura-

270 3023 287 3062 «
311 2995 446 3064 taribus.
467 2995 561 3062 Ratio
582 3002 642 3079 est,
658 2991 735 3084 quia
756 2993 816 3060 hoo
836 3015 912 3060 nasu
934 2993 1029 3061 otiam
1056 3015 1204 3086 personas
1229 2995 1412 3085 conjuncta

271 3130 288 3168 a
311 3103 529 3172 admittuntur
548 3129 555 3167 :
574 3123 640 3168 non
665 3099 896 3167 minorantem
919 3100 1103 3191 conjunctio
1119 3109 1166 3167 ost
1184 3100 1315 3168 Praelati
1337 3124 1413 3169 oum

271 3239 288 3274 a
311 3210 463 3301 capitulo,
479 3231 554 3278 oum
575 3207 629 3275 illa
652 3206 754 3275 instar
767 3205 894 3298 eapitis,
913 3206 1001 3276 istud
1027 3208 1130 3275 instar
1153 3209 1299 3298 corporis
1314 3209 1366 3275 sit.
1396 3234 1413 3276 n

269 3314 583 3407 (Schmalzgruaber,
601 3315 634 3381 in
661 3314 795 3382 titulum
810 3313 850 3382 de
868 3313 1018 3397 Iudiciis,
1034 3314 1114 3382 libri
1137 3317 1156 3380 2
1181 3314 1412 3402 Docretalium,

269 3449 302 3493 n.
322 3423 390 3514 43.)

311 3532 402 3601 xiv.
424 3534 541 3598 Utmm
555 3529 628 3621 quis
640 3529 688 3598 ad
700 3526 866 3619 aquidum
881 3528 1055 3618 injudicio
1071 3528 1222 3621 campelli
1237 3529 1352 3621 possit.
1371 3569 1416 3582 -

300 3817 332 3880 (t)
349 3811 392 3861 Sia
405 3808 484 3859 habat
497 3807 574 3870 hujus
586 3804 755 3856 clamantium
766 3807 869 3855 tortus:
880 3803 989 3856 abbates
1001 3809 1047 3855 aut
1064 3805 1115 3855 aiii
1130 3805 1249 3870 reiipiari
1261 3803 1418 3872 quibuslibet

268 3887 537 3946 administrationibus
559 3885 733 3952 prouidenter,
755 3887 881 3935 occasione
909 3887 1074 3950 prioratuum
1097 3900 1139 3936 seu
1167 3886 1281 3936 aliorum
1305 3885 1417 3936 tororum

268 3974 431 4026 subditarum
451 3967 556 4024 eisdem,
569 3966 673 4017 uultum
686 3966 844 4016 auctoritaie
863 3965 1016 4016 litterarum
1032 3966 1184 4030 Apartaiiras
1200 3965 1275 4016 Sedis
1288 3967 1329 4016 aei
1347 3967 1419 4030 tean-

270 4061 354 4107 taram
368 4052 448 4117 ipsius
467 4045 657 4116 quomodolibet
678 4046 782 4097 aaiaaut
802 4047 1013 4103 conveniremini
1033 4045 1077 4096 ubi
1091 4050 1115 4096 ei
1135 4060 1220 4098 aarum
1239 4046 1333 4112 quibua
1347 4049 1419 4112 prio-

269 4141 375 4188 raiuum
398 4129 551 4180 attacorum
576 4129 686 4194 ipsarum
710 4123 841 4189 prioribus
860 4128 905 4174 aui
925 4126 988 4174 aiiii
1013 4125 1229 4190 puberuatoribus
1249 4127 1293 4177 baa
1316 4125 1417 4176 liceret.

271 4211 496 4284 [ClementInarum
509 4209 576 4260 libro
594 4213 618 4271 t,
632 4207 706 4258 ttiulo
718 4211 743 4270 a,
757 4207 789 4258 cia
805 4207 949 4271 rescriptis,
964 4219 1024 4271 arip.
1040 4207 1084 4270 t.)1
