3056 4972
279 433 341 498 174
649 455 823 502 ranerarns
847 455 884 499 nn
906 453 1039 500 tumens.

278 601 293 638 o
319 574 415 663 uiali3
435 574 564 644 named
582 575 668 644 istud
690 575 891 664 evitandum,
910 576 935 644 si
957 599 1021 643 non
1045 599 1086 644 ex
1109 575 1184 666 jure
1205 574 1266 643 sibi
1286 595 1419 668 eompe·

279 707 296 746 a
321 690 417 769 lente,
433 682 543 751 saltem
571 705 611 751 ex
640 682 747 752 officio
768 683 886 775 judicis
911 683 1038 751 admitti
1060 681 1206 769 deberet3
1229 686 1262 749 3⁰
1284 682 1420 773 quando

277 801 296 852 'a
320 788 499 880 perieulum
521 799 568 857 est
592 791 627 857 iu
652 813 755 878 mora,
778 801 815 860 ut
838 790 866 858 si
890 789 1016 858 debitor
1039 790 1143 881 ipsius
1169 791 1210 857 sit
1236 789 1417 878 fugitivum

279 922 296 962 a
319 906 396 964 tirno
410 897 497 964 enim
519 919 585 964 non
608 897 676 987 agit
700 899 834 966 omnino
858 897 959 966 libere
974 905 1006 966 et
1021 897 1220 983 voluntarie3
1238 901 1271 964 4⁰
1285 895 1421 988 quando

279 1029 296 1068 (ι
319 1003 496 1095 impeditur
512 1025 608 1093 agere
622 1003 684 1070 sibi
702 1003 781 1072 alias
796 1005 966 1096 permissa,
980 1014 1018 1073 ut
1032 1006 1058 1072 si
1075 1003 1271 1095 impediatur
1285 1005 1332 1071 ire
1347 1003 1421 1071 Ro-

279 1137 296 1175 a
319 1132 406 1178 mem
422 1108 460 1178 sd
478 1109 721 1200 impetrandum
745 1111 939 1202 rescriptum
958 1112 1171 1203 apostolieum
1194 1131 1293 1202 super
1304 1109 1421 1200 appel-

278 1243 295 1282 a
319 1217 457 1295 latione;
482 1225 559 1284 tune
584 1217 671 1286 enim
696 1239 791 1308 agere
816 1226 928 1287 eontra
955 1217 1167 1312 impedientes
1191 1223 1310 1309 potest3
1335 1221 1366 1282 5⁰
1393 1218 1422 1284 si

279 1351 295 1391 α
319 1324 392 1417 quis
416 1324 450 1391 in
471 1323 641 1410 beneficio,
659 1323 699 1392 ad
715 1325 804 1416 quod
818 1325 887 1417 ipse
898 1326 952 1416 jus
972 1325 1104 1418 aliquod
1120 1325 1229 1412 habet,
1244 1325 1421 1392 instituen-

276 1460 294 1498 «
318 1430 379 1499 dus
395 1430 447 1499 vel
469 1430 590 1499 electus
614 1429 858 1500 confirmandus
875 1433 909 1499 in
929 1455 967 1502 eo
983 1433 1043 1519 sit;
1061 1434 1140 1524 quia
1155 1441 1232 1502 tune
1255 1431 1420 1522 oppositio

279 1564 295 1602 ι(
319 1537 590 1608 exeommunicati
606 1539 667 1606 erit
680 1540 861 1607 necessaria
875 1539 1031 1626 defensio,
1047 1561 1145 1631 aqua
1159 1537 1271 1608 nullus
1283 1545 1421 1606 exeom-

279 1671 296 1710 α
321 1644 504 1713 manicatus
529 1644 717 1735 repellitur;
752 1649 785 1711 t·
806 1645 836 1713 si
861 1655 977 1736 agatur
1004 1645 1043 1714 de
1076 1647 1163 1714 bono
1187 1645 1316 1736 publico
1344 1667 1418 1712 suae

279 1778 296 1817 u
319 1751 484 1838 Eeelesiae‚
501 1751 596 1843 eujus
612 1753 683 1844 ipse
698 1760 746 1820 est
763 1753 957 1839 membrum,
974 1775 1015 1822 ne
1028 1753 1183 1842 indignus
1198 1753 1240 1821 ad
1258 1753 1420 1845 praelatu-

279 1887 296 1926 a
319 1883 391 1928 ram
417 1868 601 1930 assumatur
608 1887 616 1946 ;
644 1865 677 1926 7ο
703 1861 882 1930 universim
908 1863 1092 1931 admittitur
1116 1862 1418 1930 excommunicatus

279 1995 296 2034 a
320 1968 450 2060 quando
474 1977 522 2036 est
544 1977 634 2037 actor
660 1970 905 2038 necessarius.»
931 1969 1248 2060 (Schmalzgrueber‚
1270 1968 1304 2038 in
1330 1971 1418 2039 titu-

275 2077 344 2145 lum
360 2080 373 2143 1
393 2073 433 2143 de
446 2073 594 2157 tudiciis,
607 2075 715 2143 lihrit
732 2077 962 2164 Decretalium‚
973 2099 1008 2146 n.
1024 2078 1092 2168 34.)
1107 2077 1293 2148 Notandum
1305 2086 1417 2147 autem

276 2193 336 2270 est,
348 2181 426 2250 dum
442 2181 560 2250 dieitur
574 2183 890 2252 excommunicatum
907 2185 1075 2253 vitandum
1091 2207 1156 2254 nou
1172 2207 1266 2277 posse
1279 2195 1316 2254 ut
1329 2194 1419 2254 aeto-

278 2311 348 2357 rem
373 2287 514 2373 admitti,
532 2285 565 2353 id
581 2286 723 2377 intelligi
742 2288 811 2355 sive
831 2311 939 2380 perse
959 2311 1055 2380 agere
1069 2289 1159 2376 velit,
1176 2289 1245 2358 eive
1262 2311 1319 2380 per
1335 2311 1418 2380 pro-

278 2404 459 2463 curatorem
476 2421 484 2462 z
503 2401 681 2486 utrumque
696 2395 785 2463 enim
801 2396 865 2486 ipsi
883 2395 1075 2486 denegatur,
1090 2395 1234 2487 exeeptis
1248 2396 1418 2487 predictis

278 2501 415 2571 essibus.

322 2610 451 2680 Rasum
474 2613 521 2677 2².
539 2647 583 2662 -
605 2611 918 2680 Eacommunicutua
934 2611 1086 2680 vitandus
1107 2623 1213 2704 potest
1235 2611 1372 2679 admitti
1385 2625 1418 2678 et

278 2719 379 2786 etiam
395 2717 545 2809 compelli
557 2716 769 2787 adstantium
780 2717 949 2810 injudieio
965 2733 1127 2810 tanquam
1139 2741 1223 2787 reus.
1237 2757 1283 2770 -
1293 2718 1419 2787 Proba-

278 2831 332 2893 tur
346 2823 496 2893 decretali
511 2825 735 2893 Intelleeimus
748 2824 927 2894 Alexandri
943 2826 989 2893 llI
1006 2828 1088 2918 (nep.
1108 2831 1140 2914 7,
1159 2825 1243 2896 tituli
1261 2830 1292 2914 l,
1306 2825 1383 2892 libri
1398 2831 1418 2893 2

277 2931 520 3022 Decretalium),
534 2931 568 2999 iu
582 2953 648 3023 quo
660 2933 705 3000 sie
721 2931 840 3022 legitur
855 2957 863 3000 ι
877 2933 963 3015 Quia
972 2933 1185 3024 postulastis
1200 2932 1292 3000 nobie
1303 2942 1420 3000 atrum

278 3039 577 3108 excommunicatus
596 3039 632 3107 in
650 3039 781 3131 judicio
805 3053 892 3108 stare
912 3041 1015 3131 possit
1037 3068 1048 3107 :
1071 3039 1312 3132 respondemus,
1331 3039 1423 3131 quod

278 3146 444 3214 conveniri
450 3159 579 3237 potest,·
594 3159 624 3214 et
638 3146 729 3216 debet
741 3169 802 3238 per
816 3147 922 3216 otium
942 3147 1132 3239 respondere
1153 3147 1189 3214 in
1205 3147 1336 3238 judicio
1352 3175 1362 3212 :
1378 3169 1421 3214 ne

279 3252 430 3322 videatur
443 3253 483 3320 de
497 3277 556 3323 seta
572 3255 704 3323 malitia
725 3255 933 3324 commodum
948 3268 1126 3347 repertore.

323 3360 482 3451 Eaeeptio
504 3361 550 3430 ad
563 3363 771 3453 praemissam
790 3363 952 3452 requlam.
968 3401 1013 3414 —
1032 3391 1049 3428 a
1066 3363 1102 3432 Si
1118 3384 1196 3431 vero
1212 3363 1253 3432 eit
1268 3383 1344 3430 reus
1359 3385 1421 3430 oo-

283 3495 299 3536 «
323 3468 498 3550 tentoriae,
516 3477 547 3536 et
562 3469 618 3558 qui
634 3492 700 3537 nou
717 3471 845 3556 citatus,
862 3469 919 3538 sed
936 3471 1023 3539 ultro
1037 3479 1068 3538 et
1082 3470 1265 3540 voluntarie
1280 3471 1314 3536 in
1326 3468 1420 3560 judi-

282 3604 299 3642 «
322 3577 407 3644 cium
422 3575 512 3643 venit
534 3596 593 3665 pro
615 3597 675 3644 suo
694 3577 876 3662 commodo,
892 3599 967 3645 eum
987 3587 1094 3668 posset
1119 3599 1185 3646 non
1208 3597 1417 3668 comparere3

284 3711 299 3749 a
323 3693 379 3752 aut
394 3684 423 3752 si
438 3690 570 3754 vocatus
585 3680 716 3773 quidem
732 3692 791 3772 est,
808 3685 863 3752 sed
881 3683 941 3752 sub
956 3684 1143 3753 conditione
1157 3685 1184 3751 si
1201 3683 1342 3752 voluerit
1362 3692 1422 3750 aut

283 3819 299 3856 a
322 3792 350 3859 si
364 3788 571 3859 commodum
588 3790 618 3858 ei
631 3789 730 3857 fuerit
750 3811 950 3881 comparere,
968 3790 1008 3858 ad
1025 3789 1288 3882 respondendum
1306 3791 1339 3856 in
1359 3791 1421 3881 ju-

283 3925 298 3964 e
323 3898 407 3966 dicio
422 3919 488 3965 non
504 3895 696 3965 admittitur.
713 3896 807 3965 Ratio
822 3906 870 3964 est
883 3899 960 3988 quie
975 3898 1009 3965 in
1025 3898 1080 3965 tali
1096 3919 1171 3966 casn
1193 3905 1282 3966 aeter
1296 3908 1329 3964 et
1344 3919 1422 3965 reus

283 4033 301 4071 a
324 4005 528 4073 voluntarius
541 4003 796 4094 equiparautur.
812 4003 853 4072 Et
868 4003 1078 4072 confirmatur
1094 4031 1101 4072 :
1117 4004 1195 4094 quia
1209 4013 1307 4096 eaput
1319 4004 1422 4073 intel·

284 4141 301 4182 a
324 4113 461 4180 terimus
476 4112 607 4180 citatum
624 4111 768 4202 loquitur
784 4112 824 4180 de
838 4126 894 4181 reo
907 4112 1143 4202 compellendo,
1155 4121 1187 4181 et
1200 4113 1257 4204 qui
1273 4133 1315 4180 ex
1329 4113 1420 4203 puri-

285 4249 303 4290 α
325 4221 411 4290 tione
427 4219 460 4287 in
475 4218 598 4310 judicio
613 4239 789 4307 gravamen
805 4227 836 4287 et
855 4240 939 4288 onus
952 4220 1048 4286 sentit
1067 4247 1074 4286 :
1092 4241 1170 4310 ergo
1190 4241 1282 4287 reum
1298 4218 1421 4288 volun-
