3032 4976
281 391 343 454 252
651 409 826 458 meruius
847 411 887 457 ns
907 411 1040 458 sunrms.

281 554 299 593 a
320 535 368 596 est
382 536 419 598 ut
431 530 534 622 ipsius
544 531 675 621 judicis,
690 532 726 599 in
740 554 837 623 quem
851 532 889 600 lit
903 531 1102 623 prorogatio,
1118 551 1294 601 consensus
1307 530 1399 597 inter·

281 663 298 702 ι
321 637 443 724 veniat3
462 637 559 707 modo
572 638 712 730 patiatur
726 647 837 730 postea
848 639 940 708 litem
956 647 1030 707 ante
1043 661 1078 706 se
1091 637 1273 707 contoetari.
1291 663 1308 702 s

325 771 342 810 ι
359 745 481 828 Quinto
497 746 688 837 requiritur,
705 746 746 815 ad
768 747 1044 837 prorogationem,
1059 755 1096 814 ut
1117 768 1155 814 ea
1173 743 1232 812 fiet
1251 744 1324 834 lege
1341 763 1399 811 non

282 877 298 916 α
321 849 523 940 prohibente,
536 851 593 920 scd
605 853 849 943 permittente.»
868 853 1046 943 (Pirrhing,
1061 853 1096 920 in
1112 853 1243 920 titulum
1256 856 1289 937 2,
1301 850 1401 918 librit

279 957 508 1044 Deeretalium,
524 980 559 1026 n.
584 962 645 1026 183
673 967 704 1027 et
727 961 808 1051 seq.)
829 960 955 1042 Quibus
979 969 1088 1028 antem
1111 961 1148 1028 in
1170 958 1298 1027 easibns
1323 958 1403 1047 leges

279 1064 498 1134 ecclesiasticae
526 1067 712 1156 permittant
734 1066 807 1135 fieri
831 1068 1105 1159 prorogationem,
1133 1066 1269 1158 liquebit
1293 1088 1336 1134 ea
1358 1087 1404 1132 se·

280 1171 453 1263 quentibns
467 1173 625 1241 numeris.

326 1284 359 1346 4⁰
372 1280 499 1370 Spectas
512 1281 633 1372 alique
647 1305 822 1350 causarum
837 1284 873 1350 io
892 1281 1009 1374 quibus
1024 1280 1255 1374 prorepationi
1271 1302 1337 1348 non
1352 1279 1407 1347 du-

282 1397 337 1454 tur
351 1386 448 1454 locro.
466 1425 511 1440 -
529 1389 561 1453 l⁰
574 1388 612 1455 ln
628 1389 733 1456 causis
749 1388 974 1482 appellationis
987 1388 1060 1458 fieri
1078 1389 1191 1480 nequit
1210 1387 1406 1478 prorogatio;

277 1491 354 1584 quia
369 1491 408 1560 de
424 1500 539 1562 natura
552 1495 776 1586 appellationis
791 1504 839 1564 est
856 1505 894 1564 ut
908 1495 1069 1585 gradatim
1084 1495 1126 1562 ab
1140 1495 1292 1564 inferiore
1304 1493 1409 1586 judice

280 1599 321 1666 ad
348 1599 451 1691 ipsius
488 1601 686 1692 superiorem
722 1604 788 1670 liat.
822 1604 870 1670 lta
904 1602 1051 1672 doctores
1086 1602 1302 1670 communiter
1329 1600 1410 1691 (ude

280 1704 578 1797 Scbmalzgruaber,
602 1711 635 1776 in
666 1710 715 1779 tit.
745 1714 777 1797 2,
800 1709 876 1778 libri
904 1715 922 1778 2
947 1710 1176 1796 Decretalium,
1203 1731 1238 1777 n.
1268 1713 1344 1777 its.
1370 1746 1410 1759 —

281 1812 451 1904 Pirrbing,
467 1815 502 1882 in
520 1815 670 1885 eumdem
691 1818 740 1885 tit.
747 1869 756 1904 ,
773 1840 808 1885 n.
835 1817 923 1907 188).
941 1821 974 1884 2θ
988 1817 1101 1908 Neque
1119 1817 1155 1884 iu
1174 1817 1279 1884 cauam
1301 1816 1411 1884 crimi-

281 1919 421 2008 nalibus,
439 1922 568 2013 quando
584 1923 783 2013 proceditur,
801 1947 868 1994 non
883 1925 1042 2016 perviam
1061 1924 1284 2011 aerumnosis,
1300 1922 1356 1991 sed
1373 1945 1409 1990 er

285 2048 373 2096 mero
395 2027 500 2098 officio
519 2028 638 2122 judicis
660 2054 717 2100 sen
743 2054 800 2123 per
820 2030 1065 2123 inquisitionem
1081 2031 1259 2121 (Pirrhing,
1275 2029 1345 2099 loeo
1365 2031 1412 2097 oi-

283 2132 374 2222 tato).
398 2140 431 2203 3⁰
446 2135 557 2228 Neque
571 2137 605 2205 in
621 2139 726 2207 causis
746 2140 845 2230 Papae
862 2138 1045 2226 reservatis,
1060 2146 1117 2206 ant
1134 2160 1154 2204 a
1172 2137 1260 2228 Papa
1276 2138 1414 2207 avocatis

286 2242 596 2333 (Sebmalzgrueber,
606 2244 676 2314 loco
688 2246 785 2315 modo
798 2247 917 2336 citato).
931 2250 964 2313 l·
974 2245 1087 2336 Neque
1102 2244 1137 2311 in
1151 2244 1223 2313 loro
1233 2266 1413 2312 sacramen-

285 2349 339 2416 tali
353 2348 554 2420 Poenitentiae
570 2377 579 2420 ε
594 2352 658 2421 nisi
672 2354 760 2422 enim
780 2353 995 2422 confessarius
1012 2351 1268 2443 jurisdictionem
1288 2351 1412 2435 habeat,

283 2479 355 2525 eam
382 2458 443 2549 ipsi
468 2459 627 2548 penitens
654 2459 860 2552 prorogando
886 2460 1032 2530 conferre
1054 2460 1188 2550 nequit3
1211 2466 1243 2526 et
1269 2460 1415 2550 quamvis

283 2563 457 2657 aliquando
473 2565 621 2636 sacerdos
632 2567 856 2658 jurisdictione
869 2589 981 2636 carens
997 2567 1102 2636 valide
1123 2567 1225 2658 possit
1238 2566 1414 2652 absolvere,

283 2673 373 2742 verbi
399 2674 514 2763 gratie,
531 2675 566 2741 in
587 2676 700 2742 mortis
718 2675 853 2743 articulo
873 2682 904 2743 et
924 2673 1118 2766 quibusdam
1138 2674 1210 2742 aliis
1229 2674 1370 2761 casibus,
1387 2673 1417 2740 id

285 2787 392 2848 tamen
418 2803 483 2849 non
506 2803 547 2850 ex
568 2781 794 2872 prorogatione
817 2785 979 2874 provenit,
1000 2781 1057 2850 sed
1082 2782 1159 2874 quia
1181 2781 1323 2849 Foelesia
1347 2790 1418 2850 tuno

283 2887 539 2978 jurisdictionem
562 2890 701 2982 supplet.

330 2994 384 3061 An
398 3003 507 3064 autem
531 2995 565 3064 in
580 2995 718 3084 ceteris,
734 3003 852 3089 praeter
865 2995 967 3063 dictas
985 3015 1157 3064 cansarum
1177 2993 1312 3085 speeies,
1328 2992 1420 3063 detur

287 3102 507 3192 prorogationi
521 3103 623 3191 locus,
636 3103 886 3196 expendendum
903 3111 1058 3172 remanet.
1072 3102 1304 3194 Expendemus
1314 3111 1419 3170 autem

287 3206 474 3295 singillatim
488 3209 596 3300 quoad
610 3210 721 3297 laicos,
738 3210 846 3302 quoad
860 3209 994 3277 clericos
1007 3217 1038 3276 et
1054 3207 1161 3298 quoad
1174 3205 1356 3296 religiosos.

334 3319 365 3380 5ο
381 3315 430 3382 An
446 3315 524 3383 laica⁸
543 3316 668 3408 possint
682 3317 719 3385 in
738 3316 843 3384 causis
861 3315 908 3384 ad
918 3316 1030 3405 sorum
1052 3314 1299 3382 ecclesiasticum
1318 3313 1422 3403 perti-

287 3419 434 3489 nentibus
442 3422 709 3513 jurisdictionem
717 3423 842 3515 judicis
856 3445 923 3490 non
936 3422 988 3490 sui
1002 3443 1193 3514 prorupere.
1211 3457 1255 3471 -
1267 3421 1306 3487 Ιιι
1319 3420 1422 3487 causis

288 3527 444 3596 laicorum
459 3529 691 3620 temporalibus
702 3539 733 3598 et
744 3528 783 3598 ad
797 3531 905 3599 lorum
919 3529 1075 3598 saecnlare
1089 3526 1338 3620 pertinentibus,
1349 3549 1421 3618 pos-

289 3643 366 3704 sunt
379 3658 420 3704 en
432 3635 505 3728 jure
525 3637 673 3707 Romano
688 3638 761 3706 laici
781 3645 1014 3728 competentem
1038 3634 1173 3704 reddere
1197 3632 1340 3726 judicem
1361 3655 1425 3702 non

291 3765 406 3830 suum;
436 3744 578 3837 exceptis
606 3753 712 3813 tamen
740 3745 834 3814 certis
860 3765 1031 3812 causarum
1060 3741 1227 3834 speciebus
1251 3739 1288 3807 in
1313 3739 1425 3808 eodem

291 3851 364 3941 jure
378 3851 580 3923 Justinianeo
601 3852 776 3943 expressis.
792 3851 967 3921 Hodierna
984 3871 1062 3918 vero
1084 3848 1260 3917 multarum
1278 3847 1425 3937 gentium

294 3957 463 4028 seculares
478 3960 566 4050 leges
581 3959 822 4052 dispositionem
843 3958 932 4026 illam
951 3959 1178 4025 immutarunt.
1196 3954 1428 4022 Praetermissis

296 4074 403 4133 autem
420 4067 579 4158 ejusmodi
593 4067 757 4136 secularis
772 4066 833 4135 lori
848 4065 965 4153 musis,
982 4087 1056 4157 quae
1073 4061 1114 4131 ad
1130 4083 1264 4154 scopum
1279 4069 1428 4131 nostrum

296 4195 361 4243 non
389 4173 523 4264 faciunt,
551 4175 658 4267 quoad
686 4197 797 4244 causas
820 4174 991 4244 dumtaxat
1017 4170 1244 4241 ecclesiasticas
1271 4169 1429 4240 laieorum
