3046 4962
452 852 889 970 iuncturus

653 1151 692 1196 DE

129 1377 483 1530 Jultltlls
541 1377 1207 1533 utetusltstltls

298 2193 454 2264 roaros
469 2143 734 2263 ¹racimirus
758 2188 1042 2262 msrmnurro.

140 2435 338 2525 Accingunti
362 2455 431 2502 sese
454 2432 494 2502 ad
523 2433 708 2504 universam
729 2431 929 2523 judiciorum
952 2433 1240 2508 ecclesiasticorum
1350 2447 1353 2450 ’

98 2541 324 2610 excutiendam
345 2549 442 2634 atque
461 2539 702 2610 describendam
724 2561 888 2627 normam,
912 2539 1083 2612 commode
1100 2542 1243 2615 occurrit

5 2651 8 2694 2'
97 2650 197 2718 totius
218 2647 434 2716 concionandi
453 2653 606 2716 tractatus
620 2645 776 2738 bipartita
796 2643 994 2734 distributio,
1012 2646 1162 2717 videlicet
1179 2675 1186 2716 ε
1203 2649 1243 2718 de

97 2753 236 2823 dediciis
256 2755 473 2823 ecclesiasticis
494 2755 530 2822 in
548 2776 674 2845 peracre,
697 2763 729 2820 et
751 2753 791 2822 de
810 2753 947 2824 Iudiciis
970 2755 1242 2826 ecclesiasticum

96 2862 210 2951 specie.
241 2861 325 2930 Sunt
347 2883 463 2953 nempe
487 2860 635 2930 notiones
656 2859 822 2953 plurima,
846 2861 1007 2952 quaslibet
1034 2862 1241 2954 respicientes

5 2949 11 2988 '⁸
96 2967 384 3037 ecclesiasticorum
413 2967 613 3058 judiciorum
649 2968 782 3058 species,
812 2989 894 3058 quas
920 2967 961 3036 ad
997 2967 1239 3058 intelligendam

97 3074 321 3143 metationem
342 3074 515 3166 reliquam,
543 3074 637 3166 eique
658 3072 794 3142 solidam
821 3073 855 3140 in
875 3081 1077 3142 antecessum
1097 3073 1241 3143 subster-

5 3245 8 3290 ἰ
96 3181 240 3248 nendam
259 3180 463 3248 fundamenti
482 3180 564 3266 vim,
584 3180 737 3271 praemitti
760 3201 889 3248 necesse
908 3187 956 3248 ast
974 3204 982 3246 ι
1000 3202 1048 3248 em
1064 3203 1162 3273 porro
1180 3183 1242 3252 sub

95 3287 199 3376 priori
225 3286 352 3354 bifariae
382 3285 552 3356 divisionis
581 3286 728 3354 membro
754 3285 863 3354 sedem
886 3285 1053 3378 propriam
1081 3287 1238 3357 obtinent.

95 3393 246 3475 Quarum
267 3394 367 3462 series
386 3393 557 3462 nobishoc
577 3392 691 3462 ordine
710 3390 881 3460 statuenda
902 3393 972 3462 visa
989 3401 1038 3462 est
1054 3421 1061 3462 :
1080 3394 1241 3486 imprimis

5 3559 7 3564 .
94 3501 218 3569 scilicet
231 3499 425 3592 expenditur
440 3499 518 3592 qnid
534 3499 599 3568 sint
611 3498 735 3590 judicia
750 3497 964 3568 ecclesiastica
975 3508 1008 3568 et
1022 3521 1088 3592 quo
1100 3500 1175 3591 jure
1189 3524 1241 3570 re-

95 3608 264 3696 gulentur.

136 3713 240 3800 Tum,
258 3735 299 3781 ne
318 3712 432 3781 subeat
454 3711 624 3800 dubitatio,
649 3734 728 3781 num
750 3713 832 3781 forte
855 3711 1024 3802 illegitime
1041 3712 1240 3805 judiciorum

93 3817 259 3910 ejusmodi
282 3820 396 3911 praxis
409 3820 445 3888 in
460 3819 602 3888 Ecclesia
621 3819 808 3905 invaluerit,
832 3817 989 3911 probatur
1011 3829 1108 3912 atque
1127 3823 1239 3892 incon-

94 3949 190 3996 cusse
202 3925 353 3998 firmatur
365 3927 538 4019 judiciaria
552 3925 704 3996 Ecclesiae
719 3933 870 4019 potestas.

137 4035 279 4128 Insuper
290 4042 322 4102 et
333 4033 438 4126 quatis
449 4057 487 4104 ca
497 4035 551 4122 sit,
567 4057 624 4102 sen
636 4033 800 4128 quodnam
815 4033 985 4128 proprium
1001 4034 1064 4104 sibi
1079 4035 1239 4128 objectum

95 4139 228 4227 babent,
246 4140 470 4232 subjungitur.

140 4247 270 4330 Quibus
292 4248 326 4316 in
345 4257 545 4321 antecessum
568 4247 687 4334 missis,
705 4247 791 4315 subit
813 4247 854 4316 de
878 4247 979 4316 variis
996 4251 1141 4339 personis
1165 4276 1239 4344 quae

262 4375 283 4419 ι.
1065 4363 1080 4420 1
