3046 4968
17 22 267 276 '¹¹'

548 571 622 620 rans
645 571 749 620 amur.
1182 552 1221 616 tt

83 715 156 762 nem
179 691 428 784 intelligendum
444 718 513 764 esse
535 693 576 764 de
596 696 760 787 aliquibus
783 701 920 782 tantum,
938 714 1003 762 non
1023 693 1063 762 de
1078 693 1226 762 amnibus

83 802 186 868 carnis
214 801 523 872 matrimonialibus.
553 803 646 888 Item,
669 803 748 872 dum
776 802 895 869 dicitur
912 800 959 868 ad
976 800 1106 892 judiees
1125 801 1227 869 eccle-

82 909 237 990 siasticos,
256 909 504 999 intelligendum
530 919 579 977 est
601 909 640 979 ad
665 910 930 978 eossolos1tum
951 909 1029 999 quia
1052 909 1078 974 is
1100 918 1148 976 est
1164 929 1225 997 ge-

83 1017 206 1083 nuinus
221 1039 353 1103 sensns3
371 1027 442 1084 tum
462 1017 540 1108 quia
562 1017 860 1107 interpretationem
886 1016 1083 1086 contrariam
1104 1016 1225 1106 pariter

82 1121 116 1187 in
130 1122 216 1192 «licto
232 1123 327 1191 brevi
339 1124 525 1216 reprobavit
540 1123 618 1192 Pius
634 1123 701 1202 v1;
718 1122 807 1214 quad
822 1122 895 1189 vide
914 1122 984 1189 inse
1004 1122 1176 1214 probatum
1191 1122 1226 1188 iu

83 1229 202 1297 eximio
218 1252 316 1320 opere
336 1230 441 1298 Patris
459 1230 578 1298 Martia
599 1229 770 1298 Societatis
784 1229 875 1315 lesu,
892 1227 932 1297 de
945 1240 1108 1320 potestate
1125 1249 1226 1296 saeca-

82 1334 205 1402 lariam
215 1334 410 1427 princepum
423 1336 613 1405 dirimentia
635 1335 870 1428 impedimenta
885 1333 1111 1403 constituendi.

125 1442 288 1510 Probatur
303 1445 346 1510 2⁰.
363 1443 447 1510 Aliis
460 1443 596 1512 decretis
611 1444 713 1533 legem
731 1443 926 1512 universalis
945 1441 1127 1534 disciplinas
1142 1463 1224 1510 con-

80 1547 306 1638 stituentibus,
323 1551 443 1642 quibus
458 1550 602 1618 Ecclesia
624 1552 685 1618 sibi
710 1551 871 1640 ejusmodi
894 1571 1007 1618 causas
1020 1549 1197 1618 vindicavit
1215 1577 1222 1616 ε

82 1655 266 1724 Multorum
277 1657 435 1726 relatione
449 1659 656 1748 coprooimas
669 1673 700 1724 te
710 1657 884 1748 propriam
898 1657 977 1725 uelle
987 1656 1129 1747 abjicere
1143 1679 1225 1724 aaa·

81 1785 150 1829 rem
174 1777 204 1832 et
231 1763 397 1834 adlarere
414 1765 522 1846 alteri,
535 1764 793 1856 praetendentem
816 1765 1108 1854 consanguinitatis
1133 1787 1226 1832 oeca-

80 1869 219 1938 sionem.
249 1871 340 1939 Unde
362 1872 539 1962 apostoliea
564 1873 761 1942 auctoritate
784 1869 1003 1938 interdicenda
1026 1870 1226 1938 mandamus

81 1975 154 2056 tihi,
175 1991 211 2044 ut
227 1976 312 2044 dane
331 1999 432 2069 quam
454 2001 542 2046 nanc
556 1977 654 2046 babes
674 1997 811 2046 acorem
831 1977 1020 2045 nallatenus
1041 1999 1224 2068 prasumas

81 2081 259 2166 dimittere,
278 2084 330 2151 vel
348 2085 453 2154 aliam
471 2085 596 2166 durae,
617 2083 715 2153 donee
736 2085 974 2176 Episcopomm
999 2085 1225 2176 relipiosornm

80 2191 255 2259 conciliem
273 2213 407 2260 causam
431 2193 530 2260 istam
554 2191 795 2260 examinaverit
812 2192 946 2282 (canone
970 2193 1154 2262 Multarum
1170 2197 1224 2282 10,

80 2321 188 2365 eansae
209 2302 263 2384 35,
280 2299 468 2390 questionis
485 2299 530 2388 6).
553 2299 679 2368 Pariter
696 2319 796 2389 supra
816 2299 912 2366 citato
934 2299 1036 2388 capite
1059 2301 1163 2368 Tuam
1178 2301 1223 2388 (3,

80 2405 117 2472 de
136 2405 262 2474 Ordine
276 2406 498 2496 capnitioaum
517 2409 570 2490 lb,
583 2405 659 2472 libri
676 2410 696 2472 2
712 2403 958 2496 Decretalium),
972 2414 1003 2472 et
1017 2407 1121 2496 eapite
1138 2409 1225 2476 Gau·

80 2535 151 2579 sam
168 2514 215 2602 (t,
234 2514 317 2582 tituli
335 2515 401 2596 Qui
411 2514 477 2603 filii
490 2513 553 2580 sint
569 2513 711 2602 lepitimi
728 2515 782 2599 17,
798 2512 876 2580 libri
894 2517 911 2579 l
935 2513 1177 2602 Decretalium),
1193 2523 1225 2580 et

79 2620 185 2711 eapite
198 2621 302 2688 Later
319 2625 350 2706 5,
365 2619 511 2710 praedicti
528 2618 626 2706 tituli,
645 2619 798 2688 videmus
813 2619 987 2687 Ecclesiam
1004 2619 1068 2687 sibi
1082 2619 1225 2688 tribuere

80 2749 212 2793 cansam
239 2726 279 2794 de
302 2727 413 2796 valore
433 2726 483 2795 vel
508 2726 657 2794 nullitate
684 2726 993 2794 matrimoniorum:
1020 2726 1224 2818 plurimaque

80 2833 140 2902 alia
157 2842 272 2900 artam
284 2835 319 2900 in
333 2857 466 2925 corpore
487 2834 573 2924 juris
592 2835 758 2901 variorum
782 2833 978 2901 saeculorum
994 2832 1132 2919 decreta,
1150 2836 1225 2924 qui-

13 2969 18 3000 »
80 2941 139 3009 bus
152 2941 297 3010 Ecclesia
309 2942 349 3009 de
361 2942 466 3009 causis
482 2941 774 3032 matrimonialibus
788 2950 943 3032 tanquam
957 2939 999 3008 ad
1013 2965 1047 3009 se
1059 2943 1225 3032 pertinen-

80 3049 167 3115 tibus
190 3071 341 3138 suprema
357 3049 546 3116 anctoritate
567 3048 721 3115 decernite
744 3047 837 3129 Quod
863 3057 971 3115 autem
996 3069 1049 3115 eas
1070 3047 1131 3115 sibi
1150 3049 1223 3138 jure

80 3155 227 3246 proprie,
245 3176 309 3223 non
324 3165 432 3223 autem
447 3164 601 3245 tanquam
618 3177 658 3222 ex
675 3155 785 3245 aliqua
803 3154 986 3246 principum
1006 3156 1222 3243 concessione,

17 3291 18 3294 ¹
82 3271 113 3327 ut
126 3261 266 3353 quidam
288 3262 476 3330 heterodoxi
499 3263 720 3346 somniarunt,
739 3260 964 3345 vindicaverit,
983 3271 1079 3352 patet,
1096 3271 1165 3330 tum
1182 3286 1223 3331 ex

80 3391 115 3434 eo
129 3369 222 3458 qnod
238 3368 422 3458 hujusmodi
439 3368 525 3458 leges
539 3391 615 3436 suas
629 3368 840 3460 applicaverit
858 3369 1004 3458 ipsismet
1024 3369 1223 3460 principibus

82 3475 176 3542 valde
190 3475 415 3562 renitentibus,
430 3485 527 3566 atque
538 3497 576 3542 eo
591 3477 661 3566 ipso
677 3476 712 3541 in
727 3484 919 3565 praetensam
935 3474 1023 3541 illam
1040 3477 1223 3544 concessio-

81 3603 154 3648 nem
168 3582 304 3648 minime
314 3581 598 3666 consentientibus,
612 3592 681 3648 tum
693 3605 733 3648 ex
748 3581 817 3671 ipso
830 3581 990 3649 dictarum
1001 3582 1113 3671 legum
1123 3583 1219 3674 stylo.

81 3688 117 3754 ln
133 3688 287 3756 decretali
313 3691 466 3768 Causam,
481 3688 574 3755 verbi
601 3690 718 3777 gratia,
737 3687 919 3755 Alexandri
938 3688 982 3755 [ll
999 3689 1114 3780 (capite
1130 3693 1161 3775 7,
1179 3693 1221 3756 ti-

83 3794 138 3860 tuli
162 3795 230 3876 Qui
252 3795 318 3884 filii
339 3797 402 3862 sint
427 3794 566 3884 legitimi
592 3797 644 3882 17,
662 3795 737 3862 libri
763 3799 781 3860 l
807 3795 1047 3884 Decretalium),
1065 3796 1222 3884 agebatur

81 3899 180 3968 simul
191 3901 236 3968 de
259 3900 460 3990 legitimitate
483 3900 651 3991 eujusdam
672 3901 883 3989 matrimonii,
899 3911 930 3970 et
953 3902 992 3969 de
1011 3903 1221 3993 possessioni-

81 4007 138 4074 bus
161 4030 204 4075 cx
224 4006 280 4074 illa
301 4007 501 4097 legitimitate
518 4008 568 4076 vel
585 4007 731 4075 nullitate
757 4007 982 4098 pandentibus.
1006 4008 1109 4077 Porro
1131 4010 1220 4079 Pou-

83 4113 156 4182 tiiex
174 4114 341 4205 Episcopis
356 4114 488 4205 quidem
503 4115 675 4183 committit
688 4114 850 4205 judicium
867 4114 907 4183 de
922 4135 1019 4183 cansa
1031 4116 1218 4209 principali,

82 4221 184 4310 idest,
193 4222 235 4290 de
249 4222 357 4290 valore
369 4223 583 4300 matrimonii;
598 4223 808 4313 quaestionem
822 4223 950 4292 vereda
963 4227 1218 4314 possessionibus

83 4327 119 4396 ad
144 4351 257 4419 regem
279 4329 438 4397 remittit:
458 4332 525 4402 Nos
545 4329 745 4400 attmdeates
760 4331 849 4420 quod
870 4331 917 4400 ad
932 4354 1039 4422 repam
1059 4335 1214 4424 pertinet,
