3030 4980
303 471 364 535 378
675 494 850 541 rnacrrrus
874 497 913 542 na
935 496 1070 544 ruurorrs.

296 611 351 702 jus
385 611 622 704 Metropolitani
657 616 889 708 appellationes
925 616 1100 709 recipiendi
1134 639 1153 684 a
1186 615 1356 684 sententiis
1386 637 1433 706 per

300 717 577 809 suffraganeorum
594 745 729 791 suorum
743 722 891 791 Vicarios
912 723 1079 812 generales
1095 723 1228 816 prolatis
1252 723 1293 812 (et
1310 721 1433 813 quiden

300 825 458 915 privative
480 828 519 895 ad
541 829 697 920 ipsosmet
713 829 962 920 suffraganeos),
986 831 1108 922 siquis
1128 831 1308 922 Episcopus
1327 827 1435 896 suffre-

299 955 422 1021 ganeus
444 934 484 1002 de
499 935 625 1004 Vicarii
643 937 693 1005 sui
714 937 875 1026 generalis
895 937 1055 1004 sententie
1075 945 1259 1026 cognoscat,
1280 944 1317 1002 ut
1338 935 1435 1004 videat

299 1060 378 1106 num
392 1040 432 1106 sit
451 1039 584 1132 injusta,
607 1053 637 1110 et
658 1041 698 1110 de
719 1041 875 1133 injustitia
891 1043 1091 1133 pronuntiet,
1114 1042 1175 1110 hoc
1195 1043 1265 1133 ipso
1286 1041 1378 1110 laedit
1390 1043 1436 1132 jus

299 1147 536 1237 metropolitani
549 1148 613 1217 sui.
632 1147 728 1236 Quia,
746 1149 960 1238 quantumvis
975 1148 1009 1215 id
1025 1148 1121 1216 faciat
1135 1148 1196 1216 sub
1215 1149 1348 1217 nomine
1362 1170 1434 1238 sup-

295 1253 493 1342 plicationis,
518 1255 550 1322 in
572 1279 607 1324 ra
627 1265 735 1324 tamen
754 1257 919 1346 cognoscit
938 1255 977 1324 de
996 1279 1093 1324 causa
1117 1256 1150 1323 iu
1177 1253 1282 1345 gradu
1301 1255 1436 1346 appella·

298 1359 405 1444 tionis,
424 1383 499 1428 eum
514 1362 587 1429 talis
602 1363 806 1455 supplicatio,
824 1371 859 1432 ut
873 1363 995 1431 dictum
1012 1371 1071 1448 est,
1086 1361 1169 1430 nihil
1185 1360 1275 1430 aliud
1288 1362 1330 1429 sit
1345 1383 1434 1454 quem

299 1489 376 1536 vera
390 1476 420 1534 et
437 1469 569 1561 proprie
583 1470 669 1538 dicta
682 1471 866 1561 appellatio.

340 1573 482 1656 Qunsrro
499 1580 566 1646 102.
583 1616 627 1629 -
642 1579 692 1646 Aa
706 1577 885 1670 Episcopus
900 1599 1036 1646 causam
1047 1575 1244 1668 pendentem
1258 1599 1372 1644 coram
1389 1576 1433 1644 Vi-

297 1683 385 1749 ccrio
400 1705 458 1750 suo
473 1683 521 1751 od
531 1707 563 1752 sc
578 1707 727 1753 revocare
734 1685 851 1776 possit,
872 1697 932 1752 aret
946 1685 1048 1752 ctiam
1064 1684 1093 1750 ci
1108 1683 1252 1752 inhibere
1266 1706 1308 1750 ne
1315 1683 1434 1773 judicet

297 1789 331 1856 in
343 1802 431 1857 carto
446 1813 556 1860 causo.
569 1831 614 1842 —
624 1789 900 1884 Respondendum
912 1789 1121 1876 affirmative3
1136 1799 1247 1882 estque
1259 1793 1435 1858 communis

296 1895 463 1966 doctorum
485 1899 653 1983 sententia,
679 1899 804 1991 deque
827 1899 917 1966 nulla
937 1906 1086 1967 movetur
1106 1895 1292 1966 difficultas.
1316 1897 1435 1980 Quam-

295 2004 345 2071 vis
360 2005 447 2072 euim
466 2015 604 2097 nequeat
623 2007 813 2097 Episcopus,
832 2007 912 2097 quin
935 2005 1090 2075 Vicarius
1105 2005 1267 2094 generalis
1287 2005 1361 2072 talis
1376 2027 1435 2072 esse

295 2110 432 2199 desinat,
455 2114 500 2181 ita
519 2113 775 2206 jurisdictionem
799 2113 870 2204 ejus
889 2136 948 2204 per
968 2113 1203 2182 reservationes
1230 2113 1434 2201 restringere,

295 2219 412 2309 etjam
434 2243 500 2289 non
517 2221 558 2288 sit
575 2221 738 2289 moraliter
759 2221 964 2307 universalis,
983 2230 1086 2312 potest
1109 2230 1216 2287 tamen
1233 2242 1293 2309 per
1309 2221 1435 2288 modum

294 2328 495 2418 exceptionis
515 2339 546 2396 et
570 2329 808 2413 reservationis,
827 2329 861 2395 in
881 2328 941 2395 hac
956 2335 1013 2395 aut
1030 2327 1086 2394 illa
1101 2349 1199 2396 causa
1219 2349 1291 2394 eam
1308 2327 1436 2395 restriu-

294 2457 382 2524 gere.
404 2436 491 2524 Ergo
510 2444 614 2526 potest
627 2435 760 2505 Vicario
776 2459 835 2503 suo
853 2435 996 2524 generali
1021 2433 1283 2525 jurisdictionem
1300 2436 1435 2503 adimere

293 2540 401 2632 quoad
421 2564 549 2610 eausam
575 2565 684 2610 corani
709 2543 779 2632 ipso
804 2542 1011 2633 pendentem,
1037 2550 1068 2608 et
1091 2540 1198 2632 quoad
1226 2563 1357 2610 causam
1383 2541 1435 2608 ali-

292 2671 390 2738 quam
406 2649 513 2716 adhuc
526 2650 698 2739 integram.
717 2649 810 2730 Quod
826 2650 853 2716 si
868 2649 977 2732 iaciat,
993 2649 1060 2740 jam
1078 2669 1143 2714 non
1158 2648 1278 2738 poterit
1292 2649 1435 2718 Vicarius

293 2756 454 2843 generalis
468 2756 502 2824 iu
515 2757 677 2848 ejusmodi
692 2779 788 2824 eausa
802 2779 870 2824 sese
883 2755 1112 2823 intromittere.

334 2863 477 2945 Qunsrro
495 2867 558 2931 Μ’.
574 2901 617 2916 -
633 2866 723 2934 Num
738 2863 904 2955 appellari
915 2863 1018 2954 possit
1031 2887 1052 2929 a
1065 2862 1213 2954 deleputo
1228 2863 1387 2956 Episcopi
1399 2862 1438 2930 od

301 2969 465 3037 Vicarium
493 2971 686 3061 pcneralern.
713 3007 757 3021 -
784 2969 1058 3054 controvertitur,
1087 2978 1122 3036 nt
1147 2969 1259 3037 videre
1284 2977 1332 3038 est
1357 2968 1435 3060 apud

292 3077 491 3146 Leurenium
517 3076 569 3168 (de
591 3077 711 3144 Vicorii
728 3077 854 3168 Episc„
874 3099 944 3168 cap.
969 3082 1000 3163 2,
1020 3099 1052 3166 q.
1079 3076 1144 3166 81).
1167 3075 1249 3144 Mihi
1268 3085 1377 3145 tamen
1392 3077 1436 3142 vi·

293 3185 387 3252 detur
407 3183 599 3252 affirmative
619 3184 895 3275 respondendum.
925 3184 1007 3252 Nam
1029 3192 1092 3251 stat
1119 3184 1318 3276 principium
1340 3207 1436 3273 gerre-

293 3294 373 3377 rale,
396 3315 488 3384 posse
507 3293 675 3360 Vicarium
697 3293 881 3381 generalem
905 3293 1015 3360 omnia
1029 3314 1105 3383 quae
1123 3301 1226 3382 potest
1238 3293 1435 3383 jurisdictio-

293 3399 410 3467 naliter
436 3399 626 3490 Episcopus,
652 3401 893 3492 exceptisque.
915 3401 970 3489 jus
994 3408 1128 3490 excepta
1149 3400 1266 3484 voluit,
1293 3402 1346 3468 vel
1368 3421 1435 3492 qua

294 3506 470 3598 Episcopus
494 3507 555 3573 sibi
573 3507 764 3574 reservavit.
792 3506 933 3574 Aliunde
956 3529 1047 3593 vero,
1073 3507 1167 3574 nullo
1187 3516 1279 3575 textu
1306 3507 1346 3575 ad
1371 3529 1434 3574 rern

292 3614 427 3681 faciente
450 3614 617 3704 probatur,
646 3613 847 3704 prohibitum
871 3613 969 3681 fuisse
989 3613 1122 3683 Vicario
1149 3614 1297 3703 generali
1313 3637 1353 3682 nc
1371 3614 1434 3680 dic-

292 3728 358 3787 tam
382 3720 630 3812 appellationem
656 3720 802 3811 recipiat.
831 3720 919 3809 Ergo
946 3721 1008 3788 nisi
1037 3743 1107 3787 earn
1139 3721 1200 3788 sibi
1227 3720 1435 3791 reservaverit

293 3826 483 3918 Episcopus,
515 3827 762 3917 competentiam
791 3827 953 3914 generalis
979 3826 1105 3894 Viearii
1134 3825 1291 3893 excedere
1317 3848 1434 3918 nerpua-

295 3953 392 4021 quam
413 3933 573 4000 censenda
593 3943 652 4000 est.
679 3933 744 4000 Nec
766 3933 936 4024 objiciatur
960 3933 1157 4024 Episcopum
1174 3933 1304 4001 Vicarii
1318 3934 1366 4002 sui
1382 3955 1434 4023 gc-

296 4036 414 4104 neralis
441 4040 545 4129 quoad
578 4041 719 4132 aliquam
750 4063 879 4109 causam
909 4039 1166 4130 jurisdictionem
1192 4040 1351 4128 adimere,
1380 4042 1434 4108 hoc

295 4143 364 4233 ipso
389 4145 475 4234 quod
500 4169 631 4214 causam
655 4146 743 4213 illam
765 4147 859 4214 alteri
882 4145 1008 4234 deleget
1034 4172 1042 4211 :
1068 4147 1130 4214 hoe
1150 4147 1238 4214 enim
1258 4171 1373 4217 verum
1392 4157 1434 4214 est

296 4251 466 4318 dumtaxat
488 4254 594 4344 quoad
618 4253 758 4345 primam
784 4253 989 4332 instantiam
1010 4253 1099 4322 unde
1118 4254 1266 4346 nequibit
1290 4256 1432 4326 Viearius
