3056 4972
562 492 636 538 rens
659 493 761 538 emus.
1162 471 1222 538 231

87 610 237 682 Ecclesia
253 611 431 704 defessores
446 611 662 681 constituendi
675 611 903 694 Scholasticos,
920 613 979 704 qui
992 613 1028 680 in
1043 624 1119 680 actu
1134 625 1222 695 sum,

86 719 139 786 ael
151 719 185 786 in
201 741 334 787 munere
349 717 541 810 defensionis
554 741 748 801 causarum;
763 732 810 802 ut,
828 741 917 788 more
931 718 1135 788 sacerdotum
1146 742 1226 810 pro-

87 825 214 908 vinciae,
243 825 342 896 iidem
373 827 438 918 ipsi
466 827 524 918 qui
550 825 764 918 defensionem
793 826 997 894 ecclesiarum
1021 826 1225 917 susceperint,

86 933 230 1000 babeant
241 934 436 1024 facultatem
454 957 519 1025 pro
539 933 676 1024 nepotiis
691 932 896 1002 ecclesianam
917 934 1040 1025 quoties
1060 933 1228 1002 necessitas

83 1035 304 1127 stuplonem,
321 1039 374 1106 uel
386 1037 432 1107 ad
444 1037 662 1106 obsistendum
676 1037 912 1130 obrepentibus,
929 1039 980 1108 vel
993 1038 1039 1107 od
1051 1038 1227 1108 necessaria

87 1145 302 1234 suggerenda,
327 1145 456 1238 inpredi
475 1145 630 1238 judicum
652 1146 825 1214 secretaria
852 1145 949 1238 (apud
974 1146 1132 1234 Ferraris,
1157 1146 1228 1216 laco

87 1251 173 1342 cit).
189 1251 227 1320 ln
238 1254 345 1322 radice
359 1254 585 1323 Theodosiana
596 1252 679 1345 (lege
692 1256 746 1339 38,
758 1252 798 1320 de
808 1253 918 1344 Epist.
932 1254 1037 1322 eccles.
1052 1267 1082 1322 et
1094 1253 1225 1345 clericis)

87 1360 133 1427 sic
148 1361 299 1429 statuitur
314 1389 321 1428 :
341 1364 382 1429 llt
395 1381 605 1453 pomumque
615 1359 755 1429 danobis
765 1359 811 1428 ad
818 1359 997 1430 Ecclesiam
1009 1372 1140 1428 tantum
1150 1383 1227 1453 per-

88 1467 227 1534 tinentia
240 1468 421 1560 specialiter
432 1469 559 1560 fuerint
574 1466 765 1558 impetrata,
778 1489 844 1536 non
853 1489 914 1560 per
927 1480 1107 1550 coronatos,
1121 1467 1177 1536 sed
1186 1467 1228 1535 ab

87 1572 259 1643 advocates
269 1597 383 1644 eorum
392 1577 568 1657 arbitratu,
581 1586 611 1642 et
617 1573 786 1665 judicibes
797 1575 996 1642 insolescant
1008 1587 1040 1642 et
1050 1575 1230 1642 sortiuntur

88 1682 249 1772 effectum.
265 1681 369 1751 Multa
385 1683 449 1750 alia
471 1681 664 1751 documenta
686 1681 833 1771 congerit
851 1679 930 1770 (loca
945 1681 1052 1770 citata)
1069 1681 1226 1769 Ferreus,

88 1811 129 1855 ex
146 1790 268 1879 quibas
283 1789 353 1858 haec
373 1789 438 1858 dua
458 1788 608 1858 concludi
631 1811 724 1881 passe
740 1788 891 1857 videntur
908 1817 916 1856 ι
938 1793 968 1856 t⁰
983 1811 1002 1856 a
1016 1790 1230 1858 remotissima

87 1895 280 1987 antiquitate
295 1897 439 1966 extitisse
456 1898 597 1988 forenses
619 1896 826 1964 ecclesiarum
847 1895 1031 1964 defensores
1050 1917 1107 1965 seu
1126 1896 1229 1966 adva-

88 2009 195 2088 cutos;
214 2007 247 2068 2⁰
263 2025 318 2072 aaa
333 2004 366 2072 ia
386 2003 516 2072 Oriente
538 2001 670 2072 clericos
689 2003 802 2089 rusa,
820 2001 854 2069 ia
870 2001 981 2071 Africa
996 2025 1087 2090 vera,
1104 2027 1229 2072 necnon

88 2108 181 2198 apud
195 2108 439 2198 Langobardos,
457 2110 492 2178 in
508 2108 609 2177 ltalia
622 2130 736 2198 reguo,
750 2108 854 2177 Gallia
869 2116 901 2176 et
913 2109 1099 2195 Germania,
1113 2110 1227 2190 laicos;

88 2214 207 2282 Romae
223 2226 330 2284 auum
353 2216 485 2284 clericas
508 2215 617 2306 jama
643 2215 736 2283 tertia
761 2214 894 2301 sucula,
913 2223 1021 2306 pastea
1045 2215 1176 2284 clericas
1198 2226 1229 2284 et

88 2319 203 2410 lucas,
221 2322 322 2391 donea
340 2321 488 2392 Gelasius
509 2323 596 2414 Papa
618 2319 700 2389 illud
726 2322 872 2389 muneris
885 2321 989 2390 valuit
1004 2323 1128 2392 clericis
1148 2347 1228 2417 pro-

91 2431 215 2522 prium.
244 2431 320 2500 Haec
344 2431 385 2499 de
405 2430 573 2500 advocatia
596 2428 787 2520 defensionis
807 2429 956 2519 soranis.
978 2430 1129 2500 Defensio
1152 2454 1229 2501 vcra

90 2550 228 2606 armata
238 2537 300 2606 sub
310 2537 601 2628 Langobardorum
616 2533 753 2628 imperio
767 2535 950 2604 introducta
961 2545 1018 2604 est.
1034 2535 1131 2628 Apud
1144 2538 1230 2630 ipsas

92 2667 211 2736 nempe
225 2645 341 2737 siquid
357 2644 570 2714 cantentionis
584 2643 668 2710 inter
679 2641 836 2710 Ecclesiae
850 2641 988 2710 laicasva
1000 2651 1226 2735 prepotentes,

92 2761 149 2819 eat
162 2752 261 2819 etiam
282 2752 367 2820 inter
382 2751 556 2843 Episcopus
570 2759 602 2818 et
618 2747 812 2818 monasteria
831 2749 985 2835 oriretur,
1000 2746 1108 2819 duella
1123 2753 1229 2819 amnis

93 2859 215 2928 decisio
239 2859 509 2928 committebatur.
541 2858 585 2925 At
614 2879 688 2925 cum
720 2855 844 2923 clericis
880 2857 1108 2950 monachisque
1138 2881 1228 2928 arma

91 2974 231 3035 tractare
244 2965 451 3034 interdictum
467 2971 561 3052 esset,
575 2963 656 3032 alias
670 2985 729 3055 pra
741 2985 774 3030 se
786 2964 820 3031 in
836 2985 979 3054 pugnam
997 2965 1122 3034 mittere
1136 2988 1230 3056 coge-

92 3073 225 3141 bantur.
238 3073 362 3165 Deque
380 3072 500 3164 injusta
511 3081 543 3139 et
559 3071 698 3139 barbara
713 3070 900 3139 necessitate
914 3070 959 3138 sic
975 3073 1232 3164 conquerebatur

94 3183 173 3248 Atta
198 3179 414 3250 vercellensis
443 3179 621 3270 Episcopus
645 3177 696 3270 (de
727 3179 886 3246 Praesenti
907 3178 982 3269 jur.
1010 3178 1112 3268 Eacl.)
1145 3205 1153 3246 ι
1182 3180 1234 3248 dd

91 3310 244 3379 pupnam
259 3286 440 3378 producere
460 3287 544 3354 beu!
567 3298 693 3353 nostros
715 3283 940 3376 compellimur
961 3285 1113 3369 Vicat-ias,
1132 3301 1170 3356 ut
1184 3289 1236 3356 ael

94 3393 234 3462 istorum
249 3394 335 3463 caede
350 3393 436 3475 uicti,
455 3392 652 3461 catillarum
667 3392 762 3483 qnasi
776 3389 918 3460 absoluti
937 3391 1118 3463 videamur.

142 3501 331 3593 Dereliquis
346 3523 446 3592 supra
460 3500 656 3568 enumeratis
678 3498 854 3567 advocatias
868 3499 1046 3590 speciebus,
1064 3501 1137 3570 vide
1154 3501 1234 3570 Fer-

97 3606 193 3694 raria,
210 3608 269 3700 qui
284 3617 513 3698 argumentum
534 3606 614 3676 illud
633 3607 805 3696 diligenter
819 3605 972 3674 excussit.
989 3607 1049 3676 Hic
1065 3629 1124 3698 pra
1138 3631 1234 3700 scapo

97 3723 208 3782 aastm
232 3715 309 3782 satis
336 3715 378 3782 ait
406 3714 574 3782 adnotasse
598 3713 745 3782 advocati
772 3711 1032 3782 denominatione
1056 3714 1235 3805 antiquitas

97 3820 187 3889 aliud
208 3821 392 3912 generalius
417 3819 518 3889 tuisse
539 3819 769 3910 significatum,
787 3843 885 3912 quam
910 3820 1124 3890 communiter
1139 3821 1236 3890 badia

94 3927 210 4002 cadem
226 3951 305 3997 voce
319 3927 564 4018 intelligendum
582 3927 680 3997 venit.
