3046 4968
282 453 324 523 72
656 477 829 524 Tfltcrtws
851 478 891 523 oe
912 476 1044 524 runicus.

281 599 415 690 praecise
432 607 467 666 ut
483 619 559 690 pace
573 607 604 665 et
625 597 781 666 materiali
805 599 975 689 praeseutis
989 599 1066 667 vitae
1086 598 1237 666 felicitate
1252 599 1418 684 fruantur,

282 692 346 773 sed'
361 715 409 792 ut,
436 703 597 773 mediante
621 705 680 773 hac
707 704 939 796 tranquillitate
965 714 996 773 et
1021 705 1202 794 securitate,
1223 728 1322 798 quem
1343 727 1422 797 pro-

285 821 391 881 movet
407 813 511 881 civilis
537 811 681 900 societas,
696 812 922 904 unusquisque
945 812 1044 903 possit
1064 835 1102 880 ee
1123 813 1266 902 cogitare
1280 821 1311 880 et
1326 835 1423 902 egere

283 921 401 1012 quibus
416 928 570 988 {aternam
592 919 823 987 beatitudinem
847 929 1007 987 mereatur
1022 931 1053 988 et
1075 920 1250 1012 aliquando
1265 943 1424 1012 assequa—

283 1039 348 1096 tur.
365 1028 436 1096 Non
452 1049 531 1117 ergo
545 1027 699 1094 Ecclesiae
716 1026 791 1093 finis
804 1025 863 1094 fini
877 1027 1040 1095 saecularis
1054 1027 1214 1095 societatis
1228 1024 1426 1098 subordina-

284 1145 350 1223 tur,
367 1134 423 1202 sed
439 1144 550 1203 contra
565 1133 731 1202 saecularis
750 1133 908 1203 societatis
931 1133 1007 1202 linis
1030 1135 1180 1203 Ecclesiae
1196 1135 1265 1202 tini.
1283 1133 1425 1202 Proinde

283 1243 414 1334 quaudo
437 1241 478 1308 ad
501 1240 600 1308 finem
622 1240 773 1308 Ecclesiae
797 1241 968 1332 proprium
991 1241 1124 1332 expedit
1145 1249 1248 1310 certas
1276 1241 1426 1309 materias

284 1349 503 1417 ecclesiastice
521 1345 740 1439 jurisdictioni
763 1347 970 1440 potiusquam
994 1349 1142 1418 saeculari
1162 1348 1292 1440 subjici,
1309 1348 1426 1416 merito

284 1456 489 1525 concluditur
502 1455 585 1524 velle
606 1456 712 1523 Deum
736 1463 771 1522 ut
793 1453 884 1522 cedat
906 1454 1070 1523 saecularis
1089 1454 1205 1546 judex,
1229 1465 1261 1523 et
1285 1455 1428 1523 Ecclesia

286 1587 360 1656 quse
376 1563 434 1630 fini
450 1585 509 1631 suo
524 1563 617 1631 utilia
631 1571 708 1630 sunt
721 1563 822 1654 possit
836 1583 1004 1654 peragere.

330 1672 484 1753 Quaeruu
508 1695 689 1740 remunera.
710 1709 755 1722 -
778 1670 830 1739 Ad
846 1673 959 1762 sorum
984 1671 1231 1739 ecclesiasticum
1257 1671 1429 1762 pertinent

287 1802 332 1848 ea
358 1801 472 1861 cause,
501 1801 581 1870 quus
603 1778 655 1846 illi
680 1789 839 1869 tauquam
859 1779 1015 1869 proprius
1041 1778 1188 1846 tribuunt
1213 1778 1429 1846 communiter

287 1885 431 1954 doctores
445 1885 608 1954 catholici.
627 1924 670 1937 -
684 1885 822 1966 Quando
845 1907 961 1976 nempe
975 1907 1088 1952 omnes
1104 1885 1267 1953 moraliter
1281 1884 1430 1954 doctores

288 1991 435 2060 catholici
460 2001 612 2083 tauquam
641 1999 765 2060 certum
787 1999 898 2059 teuent
918 1999 949 2058 et
969 1991 1085 2060 docent
1106 1991 1230 2082 aliquid
1252 1990 1293 2060 ad
1309 1992 1432 2082 dogma

289 2101 465 2192 pertinens,
476 2121 612 2168 erronea
623 2121 691 2167 esse
706 2099 818 2190 nequit
830 2097 944 2167 eorum
961 2100 1117 2168 doctrina.
1133 2101 1179 2167 Ea
1190 2101 1281 2168 euim.
1293 2123 1431 2190 gencra-

288 2208 362 2274 liter
382 2209 416 2274 in
440 2206 583 2274 Ecclesia
604 2206 683 2274 solet
706 2206 883 2296 praevalere
909 2206 1066 2292 doctriua,
1087 2229 1185 2298 quam
1213 2209 1432 2276 communiter

290 2323 442 2406 tanquam
456 2324 576 2382 certam
588 2312 703 2381 docent
714 2313 942 2380 universitates
954 2313 1133 2402 catholicae,
1147 2323 1177 2381 et
1188 2315 1296 2383 caeteri
1311 2315 1432 2384 scholae

290 2423 445 2491 doctores.
463 2421 533 2489 Nisi
546 2442 624 2510 ergo
638 2421 723 2488 Deus
735 2441 941 2488 communem
957 2419 1125 2488 doctorum
1141 2422 1331 2489 sententiam
1346 2422 1433 2491 circa

291 2553 342 2597 res
356 2527 554 2617 dogmaticas
569 2528 747 2595 immunem
762 2526 803 2595 ab
814 2548 923 2595 errore
939 2525 1051 2594 diviua
1066 2549 1125 2594 sua
1139 2526 1341 2619 providentia
1355 2552 1432 2620 per-

292 2646 387 2727 petuo
411 2643 566 2719 servaret,
589 2634 690 2725 ipsius
718 2633 868 2701 Ecclesia
891 2633 1113 2700 infallibilitati
1139 2633 1337 2703 sufficienter
1363 2659 1432 2704 nou

292 2743 497 2835 providisset.
514 2740 608 2822 Quod
623 2741 728 2808 fusius
741 2740 924 2832 expositum
943 2740 1016 2809 vide
1032 2740 1117 2830 apud
1138 2741 1346 2810 Melchioreru
1362 2742 1432 2812 Ca-

293 2871 371 2916 num
391 2851 449 2940 (De
464 2847 540 2914 locis
555 2846 764 2938 theolopicis).
783 2847 864 2914 Hinc
888 2847 942 2914 ille
966 2846 1134 2916 doctorum
1153 2849 1335 2916 communis
1351 2872 1434 2917 cou-

293 2979 406 3042 sensus
425 2956 508 3023 inter
522 2956 608 3022 locos
627 2953 823 3043 theologicos
845 2955 959 3023 merito
979 2964 1175 3024 recensetur.
1192 2956 1295 3026 Porro
1318 2966 1433 3027 utrum

294 3063 366 3132 talis
389 3061 509 3154 species
534 3083 704 3129 causarum
727 3060 801 3151 jure
827 3061 958 3151 proprio
984 3061 1025 3128 ad
1046 3061 1155 3130 forum
1180 3064 1434 3133 ecclesiasticum

295 3170 463 3261 pertineat,
494 3176 542 3236 est
566 3167 703 3258 quaestio
730 3166 924 3256 dogmatice,
946 3177 977 3236 et
1002 3192 1066 3236 non
1098 3193 1184 3238 mere
1213 3170 1435 3262 disciplinaris

293 3285 350 3345 aut
380 3275 541 3344 historica.
568 3273 697 3342 Valebit
723 3295 800 3362 ergo
832 3273 967 3363 praefuta
1000 3275 1168 3343 doctorum
1198 3278 1364 3345 consensio
1390 3277 1435 3345 ad

294 3393 380 3454 certo
393 3381 621 3450 discernendas
638 3382 786 3472 proprias
799 3381 968 3473 utriusque
984 3383 1047 3452 fori
1062 3406 1186 3452 causas.

340 3491 417 3560 flac
430 3497 569 3580 quatuor
586 3487 742 3578 principia
758 3488 825 3555 sive
844 3488 973 3578 regulas
994 3489 1224 3581 praemisimus,
1243 3501 1278 3559 ut
1299 3491 1339 3558 iis
1355 3503 1437 3559 tau·
1510 3493 1511 3496 ’

295 3619 391 3692 quam
415 3603 581 3687 praeeunte
604 3593 744 3684 quadam
771 3593 839 3662 lace
866 3596 1029 3683 instructi,
1058 3596 1183 3665 lucilius
1205 3598 1437 3688 gravissimam

295 3705 335 3772 de
350 3703 519 3793 utriusque
542 3684 604 3768 lori
624 3700 838 3788 competentia
854 3701 1067 3792 quaestionem
1094 3701 1234 3773 enodare
1257 3704 1434 3796 possimus.

295 3813 452 3881 Remanet
468 3807 624 3877 utrarios
639 3828 809 3874 causarum
832 3809 953 3898 species
975 3831 1211 3898 recenseamus,
1229 3821 1261 3878 et
1282 3833 1437 3902 quaeneru

296 3917 460 4004 Ecclesim,
478 3939 518 3984 er
532 3915 606 4007 jure
622 3913 683 4005 ipsi
700 3913 845 4004 proprio,
862 3915 1047 4007 subjaceant
1064 3917 1286 4006 indigitemus.
