3046 4968
243 491 303 562 tta
617 515 793 564 rmoraros
816 517 854 562 66
876 514 1008 562 cuniam.

289 664 305 704 o
320 639 366 706 lta
384 651 578 706 testamenta
592 637 763 724 laicorum,
777 637 872 706 etiam
887 635 1090 727 originaliter
1102 635 1142 704 ad
1161 637 1267 706 locum
1284 660 1388 705 saecu·

236 751 261 809 'a
283 746 350 814 lare
373 753 517 835 spectant
535 773 543 811 ε
561 745 588 812 si
611 753 719 814 tamen
744 743 850 834 legata
869 743 910 812 ad
934 744 1012 835 pius
1031 765 1146 812 causas
1167 743 1287 812 inserta
1309 745 1388 831 sint,

244 880 260 916 «
284 861 442 943 quantum
470 849 509 918 ad
532 851 592 918 ista
617 851 723 940 legata
745 873 924 942 eorumque
951 851 1176 918 executionem
1204 849 1392 919 efficiuntur

245 989 261 1024 6
286 961 380 1027 mixti
400 959 476 1027 lori.
497 985 512 1022 6
531 959 782 1049 (Tridentinum,
800 981 877 1026 sess.
898 963 953 1043 22,
968 981 1039 1049 cap.
1059 963 1089 1042 8,
1107 957 1147 1025 de
1162 957 1278 1050 Res...)

288 1093 304 1132 a
328 1068 374 1134 lta
389 1089 494 1134 causae
510 1065 723 1146 deeimarum,
740 1067 1060 1156 jurispatronatus,
1083 1073 1159 1148 616,
1182 1063 1390 1154 originaliter

244 1205 261 1242 a
283 1177 502 1245 ecclesiasticae
516 1183 592 1242 sunt
607 1201 614 1242 :
630 1175 658 1242 si
674 1185 783 1246 166666
799 1175 832 1242 16
848 1173 1038 1266 hujusmodi
1059 1172 1165 1240 causis
1185 1195 1283 1263 super
1299 1173 1391 1242 nuda

29 1361 31 1368 Ι
58 1291 60 1304 “
133 1301 134 1306 ’
244 1310 260 1346 a
284 1283 483 1374 possessione
503 1287 534 1346 et
554 1279 735 1346 insistentia
751 1279 837 1371 juris
859 1277 1063 1346 ecclesiastici
1085 1287 1214 1370 agatur,
1239 1287 1270 1344 et
1292 1301 1391 1368 qum-

246 1418 260 1452 «
287 1399 378 1457 ratur
392 1387 466 1479 quis
482 1387 516 1455 in
534 1387 731 1477 possessione
749 1385 948 1454 decimarum
965 1384 1015 1452 vel
1029 1383 1115 1476 juris
1132 1391 1319 1476 patronatus
1334 1385 1391 1473 sit,

247 1527 263 1560 (ι
288 1497 315 1562 si
336 1495 438 1564 laicus
459 1493 600 1562 decimes
622 1493 747 1560 solvere
775 1501 913 1578 recuset,
939 1500 1014 1560 tunc
1037 1491 1135 1558 etiam
1158 1514 1198 1558 ex
1224 1491 1394 1558 communi

247 1633 264 1668 a
288 1602 456 1685 sententia,
476 1599 618 1668 maxime
636 1597 677 1666 de
692 1598 937 1683 cousuetudine,
953 1596 1054 1687 judex
1071 1597 1238 1665 saecularis
1253 1619 1394 1685 cognos-

246 1739 262 1774 «
287 1730 359 1776 cere
382 1707 517 1799 poterit;
539 1705 616 1795 quia
638 1705 796 1794 possessio
828 1727 885 1772 seu
915 1701 1003 1770 nuda
1035 1703 1227 1789 insistentia,
1252 1705 1394 1772 comsit

248 1845 265 1881 a
288 1817 375 1902 iacti,
392 1813 577 1905 temporalis
592 1811 718 1880 censeri
734 1819 849 1901 potest,
860 1807 1039 1878 dummodo
1051 1810 1134 1876 actio
1147 1815 1261 1876 contra
1271 1807 1394 1878 laicum

249 1951 265 1987 «
290 1923 489 1990 instituatur.

290 2034 323 2096 4⁰
348 2055 364 2094 a
385 2029 432 2096 De
455 2025 691 2096 miserabilibus
708 2023 855 2117 parsurus
880 2022 1047 2090 dubitatur
1069 2043 1111 2090 66
1134 2045 1239 2091 causae
1259 2022 1394 2092 illarum

250 2165 266 2200 a
290 2137 355 2203 sint
376 2135 470 2204 mixti
490 2133 579 2202 fori?
601 2133 762 2202 Dicuntur
790 2139 897 2200 autem
920 2129 1118 2198 miserabiles
1135 2153 1294 2222 persone,
1316 2153 1394 2221 quse

251 2271 267 2307 ι(
290 2243 399 2334 aliqua
414 2239 692 2310 commiseratione
712 2237 823 2326 dignae
847 2249 935 2318 sunt,
954 2245 990 2304 ut
1010 2236 1134 2324 viduae,
1151 2237 1281 2328 pupilli,
1299 2259 1395 2329 pere·

250 2379 267 2414 6
290 2349 391 2440 grini,
411 2369 578 2440 pauperes,
597 2346 729 2437 captivi,
748 2345 894 2436 oppressi
916 2352 947 2412 et
966 2343 1099 2412 similes.
1123 2342 1207 2412 Sane
1224 2365 1283 2437 pro
1302 2341 1395 2412 61166-
1519 2355 1520 2428 j

251 2487 267 2522 «
292 2456 410 2526 mativa
424 2456 492 2522 sine
505 2452 707 2528 distinctione
723 2451 862 2520 tenenda
873 2451 997 2518 faciunt
1008 2450 1131 2518 diversi
1145 2449 1231 2541 juris
1246 2452 1396 2520 canonici

252 2595 267 2629 6
292 2575 437 2632 textus.»
457 2562 572 2652 (Caput
586 2563 641 2630 Ea
650 2571 761 2652 parte,
779 2563 832 2646 15,
847 2558 886 2626 dc
899 2559 983 2626 Foro
997 2558 1299 2649 compet—Caput
1321 2561 1396 2628 Nu-

244 2693 305 2763 per
320 2677 352 2758 6,
370 2670 409 2738 de
422 2673 506 2736 Don.
522 2669 607 2734 irater
622 2667 684 2733 vir.
699 2679 729 2734 et
745 2689 802 2734 ua.
817 2665 978 2755 —Caput
999 2667 1108 2756 Super
1121 2664 1319 2756 quibusdam
1336 2670 1394 2754 26,

250 2781 282 2846 in
297 2777 362 2846 fine
374 2777 413 2846 de
434 2772 742 2863 Verborumsipuis.)
761 2773 911 2841 «Verum
924 2771 1153 2840 consuetudini
1169 2781 1200 2839 et
1212 2772 1296 2862 stylo
1304 2771 1397 2864 judi-

254 2912 269 2948 6
293 2886 431 2967 ciorum,
458 2888 535 2950 teste
559 2881 775 2964 Covarruviu,
801 2877 999 2948 conformior
1020 2887 1069 2944 est
1087 2878 1144 2945 illa
1166 2878 1288 2968 opinio,
1307 2881 1398 2971 quod

254 3019 270 3056 u
293 3001 370 3060 tuuc
381 2989 514 3058 demum
526 3007 632 3054 causae
647 2985 879 3053 miserabilium
893 3007 1106 3075 personarum
1119 2981 1159 3052 ad
1173 2983 1282 3053 iorum
1294 2987 1399 3054 eccle-

255 3125 270 3162 «
294 3097 456 3166 siastioum
471 3102 626 3185 spectent,
640 3093 667 3160 si
678 3091 782 3184 judex
795 3091 962 3160 saecularis
975 3093 1010 3158 in
1022 3091 1284 3160 administranda
1298 3092 1399 3184 justi·
1518 3119 1519 3124 ¹

135 3263 136 3268 ,
255 3235 271 3269 u
295 3207 339 3272 tia
355 3203 523 3292 negligens
537 3201 647 3268 luerit.
663 3227 679 3264 6
700 3199 826 3289 (Engel
842 3199 876 3266 in
891 3199 940 3266 tit.
957 3203 974 3264 2
988 3197 1064 3266 libri
1079 3202 1099 3266 2
1114 3198 1255 3285 Deerat,
1272 3222 1305 3266 n.
1325 3201 1396 3290 67.)

298 3315 330 3377 6ο
349 3309 493 3377 «Causa
508 3307 694 3374 criminales
710 3305 809 3374 minti
820 3306 889 3396 [ori
905 3305 1059 3373 dicuntur
1075 3305 1152 3391 illae,
1169 3327 1244 3396 qum
1260 3328 1401 3374 versan-

256 3446 272 3483 «
295 3426 350 3486 tur
364 3415 449 3484 circe
461 3413 608 3499 crimina,
622 3414 806 3506 ejuratam
820 3413 989 3497 canonico,
1003 3421 1073 3480 tum
1086 3409 1174 3478 civili
1186 3411 1349 3502 prohibita
1360 3437 1401 3482 ac

256 3554 272 3590 a
296 3522 471 3617 punienda.
485 3521 678 3612 Cujusmodi
688 3527 763 3588 sunt
774 3519 1000 3605 homicidium,
1012 3518 1225 3606 adulterium,
1239 3519 1399 3609 incestus,

257 3630 454 3710 «sodomia,
477 3627 673 3720 perjurium,
704 3626 922 3716 sacrilegium,
944 3625 1158 3718 blasphemia,
1181 3627 1399 3717 sortilegium,
1518 3619 1519 3644 ¹

254 3763 270 3806 a
297 3737 468 3822 divinatio,
494 3733 611 3823 magia,
629 3741 660 3800 et
679 3733 879 3824 hujusmodi.
897 3732 936 3801 Si
954 3732 1086 3824 quidem
1102 3755 1145 3800 ox
1164 3755 1230 3801 una
1251 3743 1341 3826 parte
1356 3737 1402 3803 ad

257 3875 273 3911 u
297 3845 472 3914 Ecclesiam
491 3841 630 3934 partinet
649 3838 688 3908 de
708 3861 915 3931 quocumque
935 3839 1064 3908 mortali
1085 3847 1214 3930 peccato
1237 3841 1402 3934 corripere

257 3980 274 4018 a
297 3951 473 4044 quemlibet
486 3947 698 4016 christianum
719 3947 831 4038 (capite
845 3947 944 4018 Novit
962 3949 1015 4035 13,
1033 3946 1054 4037 ξ
1072 3949 1156 4016 Cum
1169 3947 1269 4030 euim,
1287 3947 1327 4016 de
1339 3951 1403 4017 Ju-

258 4089 276 4126 6
298 4057 415 4148 ἅὶεἰὶε),
431 4055 517 4124 unde
533 4054 715 4147 praesertim
732 4054 767 4122 in
780 4052 864 4122 libro
879 4053 994 4146 quinto
1010 4053 1227 4123 Decretalinm
1242 4053 1283 4124 de
1300 4057 1403 4126 variis

259 4194 277 4234 6
299 4163 491 4236 criminibus
507 4185 564 4254 per
579 4161 756 4232 Ecclesiam
770 4160 944 4253 puniendis
958 4169 1125 4230 tractatur.
1143 4162 1195 4230 Ex
1208 4161 1310 4232 altera
1322 4187 1404 4234 vero

261 4303 277 4340 u
302 4278 392 4365 parte
407 4268 502 4340 hodie
515 4269 672 4360 pleraque
687 4268 937 4337 criminantium
953 4267 1136 4359 puniuntur
1151 4269 1185 4336 in
1202 4268 1273 4338 loro
1289 4292 1402 4340 aaron·
