3030 4980
529 479 604 526 PARS
626 479 771 528 swnnae.

530 821 673 893 CAPUT
695 821 772 893 XV.

279 1035 318 1082 DE
346 1035 496 1100 toranus,
528 1034 686 1082 amoenus
721 1035 760 1082 ET
790 1033 1016 1084 attenuans,

623 1313 696 1408 gr.

306 1483 374 1545 Quid
387 1483 438 1536 siut
450 1483 557 1547 Notsrir',
569 1486 596 1534 et
610 1483 678 1534 unda
692 1487 749 1536 orta
763 1496 853 1535 eoram
865 1484 1000 1538 mutitatis.

128 1687 154 1754 1.
165 1689 214 1754 De
226 1683 327 1754 vario
342 1680 458 1774 quibus
471 1681 597 1750 neraei
609 1679 823 1772 desipnantur
836 1683 1033 1755 rumorido.
1045 1723 1090 1738 -
1100 1686 1222 1757 Vocem

83 1791 189 1883 ipsam
204 1789 324 1858 notarii
344 1787 477 1881 quidam
499 1809 574 1856 cum
597 1785 739 1856 Baronio
758 1786 937 1858 derivatam
952 1789 1066 1859 volunt
1078 1815 1099 1860 a
1112 1794 1224 1885 notifi-

83 1919 178 1980 care‚·
195 1896 337 1989 eoquod
361 1917 478 1986 nempe
492 1893 623 1979 notarii,
639 1893 717 1984 quid
734 1903 860 1984 gestum
883 1895 936 1983 sit,
954 1904 1068 1967 notum
1091 1898 1220 1972 iacmnt.

86 2002 183 2094 (Vide
194 2002 336 2087 Moroui,
353 2001 497 2070 Diction.
515 2000 552 2069 di
574 1999 685 2070 Erud.
699 2001 955 2083 sterion-eccles„
973 2002 1141 2074 advocent
1155 2009 1225 2078 No-

85 2109 188 2200 toro.)
203 2107 418 2178 Communius
443 2116 552 2176 tamen
576 2105 722 2174 doctores
743 2130 763 2175 a
782 2108 866 2176 notis
887 2130 945 2177 sen
966 2109 1226 2182 adnotationibus

85 2217 189 2286 dictos
217 2217 359 2285 notarios
385 2214 584 2284 existimant.
611 2213 759 2282 Fuerunt
793 2222 902 2284 autem
937 2218 1118 2310 antiquitus
1141 2235 1227 2291 nota

85 2323 240 2416 quadam
255 2323 349 2413 sigua
362 2321 403 2390 ad
417 2321 570 2389 citissime
583 2319 791 2390 scribendum
805 2319 960 2390 adhibita.
973 2323 1068 2394 Unde
1079 2334 1111 2393 et
1123 2325 1227 2396 Graeci

86 2453 142 2498 eos
156 2431 214 2522 qui
229 2427 388 2520 ejusmodi
402 2427 530 2496 uotisin
542 2424 712 2496 scribendo
727 2427 902 2496 utebantur
916 2429 1158 2521 tacdyprapdos
1169 2455 1227 2502 seu

85 2537 321 2628 stenoprcpdos
340 2542 508 2604 vocarunt.
531 2532 613 2614 Quae
639 2543 671 2601 et
691 2547 778 2602 nota
800 2533 976 2604 tironium
999 2537 1086 2629 apud
1105 2548 1228 2610 veteres

87 2653 284 2736 nuncupatae
299 2650 494 2722 occurrunt;
513 2641 586 2710 ideo
600 2640 683 2710 torte
696 2642 774 2732 quia
789 2642 878 2730 Tiro,
894 2643 1058 2714 Ciceronis
1078 2646 1225 2737 libertus,

86 2760 156 2821 arte
179 2752 239 2821 hac
260 2749 477 2844 peritissimus
501 2749 619 2817 extitit.
642 2748 708 2817 Neo
734 2748 873 2817 Romani
901 2759 1028 2820 tantum
1053 2762 1085 2821 et
1108 2754 1227 2843 Graeci,

88 2858 144 2926 sed
161 2867 192 2926 et
206 2857 339 2926 Hebraei
352 2853 513 2947 ejusmodi
527 2863 627 2923 artea
642 2855 857 2924 remotissima
869 2858 1060 2948 antiquitate
1074 2863 1124 2929 nsi
1139 2874 1226 2933 sunt.

87 2965 195 3056 Atque
209 2986 279 3032 eam
295 2971 368 3056 post
382 2961 551 3032 Christum
567 2962 750 3032 exercuisse
765 2975 914 3032 sanctum
929 2967 1119 3036 Cassianum
1137 2992 1228 3039 mar-

87 3081 207 3164 tyrem,
223 3079 370 3140 sanctum
393 3068 568 3138 Genesium
589 3069 825 3157 Arelatensem,
842 3081 989 3140 sanctum
1009 3073 1231 3166 Epiphaniam

88 3177 282 3246 Paduanum
309 3175 519 3268 Episcopum,
536 3175 680 3268 aliosque
710 3177 877 3246 sanctitate
903 3179 1105 3270 conspicuos,
1132 3184 1232 3254 refert

89 3285 214 3356 Piaaaa.
233 3283 498 3375 (Euseoolopium
513 3305 703 3366 romonum,
722 3291 814 3352 tract.
833 3289 887 3370 11,
904 3309 974 3379 cap.
993 3287 1038 3380 1.)
1055 3290 1139 3358 Cum
1154 3315 1233 3361 vero

89 3393 323 3460 adhiberentur
337 3402 434 3472 notae,
453 3412 520 3458 uon
533 3399 660 3458 tautum
675 3389 716 3460 ad
731 3391 980 3461 conscribendas
994 3395 1156 3465 orationes
1171 3417 1234 3490 pu·

91 3499 173 3567 blice
187 3507 218 3566 et
232 3499 267 3566 iu
281 3498 352 3567 toro
368 3498 527 3582 recitatas,
545 3496 601 3564 sed
621 3496 718 3564 etiam
739 3504 771 3564 et
791 3499 959 3589 praecipue
974 3501 1010 3568 iu
1025 3504 1235 3574 conficiendis

90 3605 305 3690 testamentis,
346 3604 537 3694 actibusque
579 3601 790 3694 judicialibus
828 3606 948 3697 scripto
986 3609 1230 3700 consignandis,

90 3710 214 3778 notarri
228 3731 348 3778 nomen
363 3709 404 3777 iis
419 3709 477 3800 qui
499 3707 534 3777 id
556 3709 700 3776 muueris
720 3709 893 3800 explebant
915 3711 1057 3782 inhaesit.
1075 3717 1128 3783 Ad
1149 3741 1235 3808 qno-

91 3839 166 3886 rum
185 3817 328 3886 officium
349 3815 447 3885 simul
469 3816 663 3907 pertinebat,
680 3825 716 3885 ut
734 3816 822 3908 quod
848 3818 942 3886 dictis
970 3842 1044 3888 oum
1071 3823 1156 3890 notis
1177 3847 1235 3894 seu

91 3925 347 3994 breviationibus
374 3923 581 4013 collegerant,
609 3924 643 3990 iu
669 3945 876 3994 communem
903 3935 1014 4017 postea
1037 3929 1236 4021 scripturam

92 4033 318 4101 transferrent.

136 4140 301 4208 Caeterum
329 4138 403 4207 aliis
432 4138 532 4207 etiam
561 4138 749 4208 nominibus
779 4141 897 4210 notarii
927 4140 1093 4233 designari
1117 4147 1232 4216 solent.

92 4246 265 4340 Praecipua
281 4245 327 4315 sic
343 4255 487 4316 recenset
513 4245 830 4338 Schmalzgrueber:
852 4275 868 4314 c
889 4249 1050 4320 Dicuntur
1067 4253 1155 4323 euim
1175 4277 1238 4356 ηο-Ι
