3030 4980
280 405 343 470 til
654 427 828 472 rnncrnrns
850 429 889 472 oa
910 426 1043 472 runicus.

284 545 402 632 acuit,
419 546 506 638 quod
531 546 693 640 Episcopi,
711 549 771 618 etsi
794 547 966 639 participes
989 571 1056 617 non
1080 547 1145 616 sint
1167 547 1361 616 delictorum
1385 547 1417 614 in

284 679 300 718 a
323 651 430 724 officio
444 654 691 724 commissorum
713 679 733 724 a
754 654 901 743 Vicario,
924 664 1044 742 tamen,
1070 679 1112 723 nc
1133 655 1306 724 videantur
1320 655 1420 723 Vica-

284 786 300 824 ι(
323 761 413 830 rium
431 761 620 854 imperitum
643 762 695 833 val
715 763 902 854 improbum
925 763 1077 831 tolerasse
1100 771 1131 830 et
1154 761 1216 829 sibi
1242 769 1419 852 coaptasse,

284 893 300 932 c
325 867 440 936 delicta
460 869 657 938 abscondere
680 869 731 938 vel
753 869 867 938 saltem
889 869 1053 938 minorare
1075 875 1266 960 procurant;
1289 866 1373 936 adeo
1389 876 1422 936 nt

284 999 300 1038 a
325 976 479 1060 fautores,
504 985 536 1046 et
551 976 676 1070 proprii
693 977 828 1046 honoris
845 975 1042 1061 defensores,
1060 977 1168 1068 potins
1186 997 1284 1066 qnam
1297 973 1423 1066 judices

284 1109 301 1148 a
324 1082 478 1151 censendi
489 1084 565 1152 sint.
584 1110 601 1150 u
624 1084 819 1176 (Monacclli,
836 1085 907 1152 loco
922 1085 1044 1173 citato.)

324 1188 410 1274 Quid
426 1211 505 1259 vero
515 1192 543 1259 si
553 1191 706 1262 Vicarius
721 1191 883 1282 generalis
891 1191 1042 1284 Episcopi
1050 1190 1092 1258 sit
1103 1189 1277 1282 religiosus
1288 1211 1423 1282 exemp·

281 1301 356 1366 tns‘l
377 1297 614 1367 Difficultatem
637 1299 733 1367 solvit
755 1298 953 1368 Monacellns
981 1298 1016 1366 in
1038 1297 1127 1366 hunc
1149 1297 1283 1366 modum
1305 1324 1312 1364 :
1341 1301 1374 1363 1ο
1397 1297 1423 1364 si

280 1404 460 1496 Episcopus
477 1405 572 1474 talem
591 1405 761 1475 Vicarinm
778 1405 894 1474 habeat
909 1405 948 1474 dc
964 1404 1092 1474 licentio
1111 1407 1223 1473 Sacrae
1239 1406 1424 1498 Conprepc-

281 1512 388 1596 tiones,
406 1521 555 1613 censetur
569 1515 658 1605 Papa
673 1513 888 1606 exemptionis
903 1512 1113 1605 privilegium
1129 1513 1309 1599 sustulisse,
1324 1513 1359 1581 in
1375 1513 1423 1579 his

282 1641 356 1709 qnae
372 1617 414 1687 ad
430 1619 501 1710 ejus
517 1618 661 1688 officinm
678 1619 842 1712 pertinent
858 1647 866 1686 :
884 1618 971 1687 unde
985 1619 1098 1711 puniri
1112 1625 1266 1709 poterunt
1276 1617 1351 1686 talis
1364 1618 1424 1686 Vi-

282 1727 360 1794 carii
375 1726 538 1816 generalis
549 1726 676 1812 delicta,
694 1729 728 1796 in
741 1727 851 1797 officio
867 1749 926 1796 sno
941 1726 1127 1813 commissa,
1144 1725 1279 1818 perinde
1287 1748 1327 1794 ac
1337 1726 1366 1792 si
1378 1725 1424 1793 lo-

282 1843 332 1902 rct
345 1835 521 1904 saecularis.
539 1839 573 1902 2⁰
590 1835 625 1903 Si
635 1858 712 1905 vero
727 1835 822 1904 talem
835 1836 1003 1906 Vicarinm
1018 1834 1134 1903 habeat
1147 1835 1328 1925 Episcopus
1338 1833 1424 1902 dcli-

283 1943 389 2010 ccntio
403 1942 504 2034 ipsius
517 1943 694 2034 superioris
709 1955 853 2026 tantum,
879 1942 1109 2032 distinguenda
1131 1943 1203 2034 ejus
1216 1940 1332 2010 delicta
1350 1971 1357 2008 :
1377 1941 1424 2010 vel

282 2048 370 2117 enim
385 2049 494 2117 turbat
504 2049 765 2140 jurisdictionem
778 2050 1022 2141 Archiepiscopi
1039 2048 1142 2139 (verbi
1153 2048 1270 2138 gratia,
1287 2071 1356 2116 non
1369 2049 1424 2117 ad·

283 2155 441 2225 mittendo
459 2155 705 2247 appellationem
729 2156 769 2226 ad
791 2157 916 2226 curiam
939 2156 1233 2248 Metropolitanum,
1259 2155 1424 2224 inhibitio-

284 2284 400 2331 nemve
416 2263 662 2356 Archiepiscopi
676 2264 943 2353 contemnendo);
960 2271 991 2332 et
1001 2272 1079 2332 tunc
1090 2263 1200 2356 puniri
1214 2263 1344 2355 poterit,
1362 2285 1423 2331 non

284 2377 439 2462 tanquam
449 2370 668 2461 jurisdictioni
682 2371 928 2464 Archiepiscopi
939 2372 1115 2462 subjectus,
1133 2371 1189 2440 sed
1205 2378 1362 2463 tanquam
1372 2372 1424 2462 ju-

284 2476 486 2546 risdictionis
507 2478 578 2568 ejus
594 2479 800 2570 perturbator
822 2507 829 2547 ι
849 2478 902 2548 vel
927 2479 991 2548 alia
1014 2487 1091 2546 sunt
1113 2479 1185 2570 ejus
1199 2477 1316 2548 delicta
1341 2480 1424 2570 (puta

283 2582 373 2674 quod
394 2583 568 2652 sententias
584 2584 728 2675 proferat
740 2584 783 2654 ob
798 2585 955 2671 favorem,
974 2585 1157 2676 pecuniam,
1175 2593 1207 2652 et
1223 2584 1343 2652 similia
1358 2607 1423 2652 mo-

284 2691 352 2757 tiva
365 2687 528 2780 sordida);
546 2698 577 2757 et
592 2689 710 2757 instrui
726 2690 858 2780 quidem
880 2698 993 2760 contra
1014 2714 1088 2760 curn
1105 2712 1275 2782 processus
1291 2690 1420 2781 poterit,

285 2795 342 2864 sed
357 2795 464 2886 quoad
492 2819 637 2886 poenam,
656 2795 698 2864 ob
710 2797 928 2889 exemptionis
956 2796 1178 2889 privilegium,
1202 2794 1242 2864 ad
1260 2797 1423 2888 proprium

286 2925 383 2973 suum
399 2903 566 2994 religionis
575 2904 777 2996 superiorem
788 2905 1002 2974 remittendus
1015 2915 1073 2974 est.
1088 2903 1282 2995 (Monacelli,
1293 2912 1383 2996 parte
1394 2907 1422 2989 3,

285 3010 335 3078 tit.
352 3014 383 3098 1,
400 3008 497 3080 form.
517 3014 571 3099 32,
586 3035 621 3079 n.
643 3014 682 3079 13
699 3022 730 3080 et
747 3013 829 3103 seq.)

806 3270 827 3362 a
849 3269 910 3340 rv.

424 3439 490 3489 Num
505 3437 550 3504 qni
563 3437 641 3490 desiit
652 3452 708 3490 esse
718 3437 835 3490 vicarius
845 3437 975 3504 generalis
986 3439 1120 3505 subjaceat
1132 3438 1295 3504 syndicatnit

301 3643 302 3646 ¹
334 3653 485 3725 Vicarius
498 3653 658 3743 generalis
673 3676 739 3721 non
755 3660 891 3745 potesta
906 3675 1089 3722 successore
1103 3653 1254 3745 Episcopi
1264 3653 1359 3744 cujus
1373 3655 1428 3722 fuit

289 3761 441 3831 vicarius
454 3759 643 3851 Syndc'cari,
662 3759 767 3847 idest,
783 3759 855 3849 cogi
877 3759 918 3826 ad
934 3758 1134 3827 reddendam
1149 3759 1308 3828 rationem
1324 3759 1428 3828 admi-

290 3866 488 3936 nistrationis
501 3889 570 3934 snm
587 3867 647 3934 suh
657 3866 854 3958 precedenti
870 3866 1042 3958 Episcopo,
1058 3875 1090 3933 et
1105 3888 1165 3957 pro
1179 3865 1359 3936 malefactis
1372 3891 1427 3959 pu-

291 3974 370 4042 niri.
394 3999 410 4038 a
425 3973 629 4065 Respondeo,
647 3974 692 4041 cit
706 3973 900 4060 Leurenins,
917 3965 1012 4042 illum
1027 3972 1167 4042 liberum
1181 3995 1250 4042 essa
1262 3973 1304 4042 ab
1320 3973 1428 4065 hujus-

293 4107 310 4146 «
333 4079 422 4150 modi
432 4080 640 4169 obligatione,
658 4079 710 4148 cui
725 4079 895 4172 subjicitur
907 4079 995 4148 solus
1010 4080 1162 4150 Vicerins
1174 4080 1324 4172 capituli,
1338 4090 1369 4150 ct
1379 4081 1426 4148 alii

294 4214 310 4253 a
333 4185 488 4256 officiales
498 4186 584 4255 sedis
594 4187 747 4256 vacantis.
760 4211 776 4250 s
797 4187 858 4276 (De
880 4185 1281 4278 VicariisEpiscoporum,
1296 4211 1329 4279 q.
1345 4188 1426 4276 303.)
