<?xml version="1.0" encoding="UTF-8"?>
<!DOCTYPE html PUBLIC "-//W3C//DTD XHTML 1.0 Transitional//EN"
    "http://www.w3.org/TR/xhtml1/DTD/xhtml1-transitional.dtd">
<html xmlns="http://www.w3.org/1999/xhtml" xml:lang="en" lang="en">
 <head>
  <title>
</title>
<meta http-equiv="Content-Type" content="text/html;charset=utf-8" />
  <meta name='ocr-system' content='tesseract 3.04.00' />
  <meta name='ocr-capabilities' content='ocr_page ocr_carea ocr_par ocr_line ocrx_word'/>
</head>
<body>
  <div class='ocr_page' id='page_1' title='image "./tractatusdejudi01goog_0182.png"; bbox 0 0 3056 4972; ppageno 0'>
   <div class='ocr_carea' id='block_1_1' title="bbox 593 457 1255 524">
    <p class='ocr_par' dir='ltr' id='par_1_1' title="bbox 593 457 1255 524">
     <span class='ocr_line' id='line_1_1' title="bbox 593 457 1255 524; baseline -0.003 -2"><span class='ocrx_word' id='word_1_1' title='bbox 593 478 667 522; x_wconf 74' lang='lat' dir='ltr'>erus</span> <span class='ocrx_word' id='word_1_2' title='bbox 690 477 793 524; x_wconf 78' lang='lat' dir='ltr'>rarus.</span> <span class='ocrx_word' id='word_1_3' title='bbox 1199 457 1255 520; x_wconf 85' lang='lat'>171</span> 
     </span>
    </p>
   </div>
   <div class='ocr_carea' id='block_1_2' title="bbox 114 596 1263 1224">
    <p class='ocr_par' dir='ltr' id='par_1_2' title="bbox 114 596 1263 1224">
     <span class='ocr_line' id='line_1_2' title="bbox 117 596 1258 690; baseline 0.002 -28"><span class='ocrx_word' id='word_1_4' title='bbox 117 607 231 664; x_wconf 83' lang='lat' dir='ltr'>ocntrs</span> <span class='ocrx_word' id='word_1_5' title='bbox 259 596 418 666; x_wconf 83' lang='lat' dir='ltr'>minorem</span> <span class='ocrx_word' id='word_1_6' title='bbox 447 600 487 664; x_wconf 82' lang='lat'>25</span> <span class='ocrx_word' id='word_1_7' title='bbox 515 598 610 666; x_wconf 89' lang='lat' dir='ltr'>aunis</span> <span class='ocrx_word' id='word_1_8' title='bbox 636 597 773 689; x_wconf 83' lang='lat' dir='ltr'>prolate,</span> <span class='ocrx_word' id='word_1_9' title='bbox 801 599 834 666; x_wconf 95' lang='lat' dir='ltr'>in</span> <span class='ocrx_word' id='word_1_10' title='bbox 863 597 1071 690; x_wconf 88' lang='lat' dir='ltr'>sequentibus</span> <span class='ocrx_word' id='word_1_11' title='bbox 1098 597 1258 666; x_wconf 81' lang='lat' dir='ltr'>msibns:</span> 
     </span>
     <span class='ocr_line' id='line_1_3' title="bbox 121 701 1263 796; baseline 0.004 -28"><span class='ocrx_word' id='word_1_12' title='bbox 121 704 155 768; x_wconf 84' lang='lat' dir='ltr'>l⁰</span> <span class='ocrx_word' id='word_1_13' title='bbox 170 701 207 769; x_wconf 94' lang='lat' dir='ltr'>Si</span> <span class='ocrx_word' id='word_1_14' title='bbox 227 703 361 794; x_wconf 89' lang='lat' dir='ltr'>impleto</span> <span class='ocrx_word' id='word_1_15' title='bbox 376 725 463 773; x_wconf 91' lang='lat' dir='ltr'>anno</span> <span class='ocrx_word' id='word_1_16' title='bbox 485 703 655 793; x_wconf 80' lang='lat' dir='ltr'>vigesimo,</span> <span class='ocrx_word' id='word_1_17' title='bbox 672 703 944 796; x_wconf 76' lang='lat' dir='ltr'>dispensationem</span> <span class='ocrx_word' id='word_1_18' title='bbox 967 705 1009 773; x_wconf 88' lang='lat' dir='ltr'>ab</span> <span class='ocrx_word' id='word_1_19' title='bbox 1030 704 1263 796; x_wconf 86' lang='lat' dir='ltr'>impedimento</span> 
     </span>
     <span class='ocr_line' id='line_1_4' title="bbox 119 809 1263 900; baseline 0.003 -26"><span class='ocrx_word' id='word_1_20' title='bbox 119 809 226 877; x_wconf 72' lang='lat' dir='ltr'>artatis</span> <span class='ocrx_word' id='word_1_21' title='bbox 255 810 379 900; x_wconf 80' lang='lat' dir='ltr'>preavio</span> <span class='ocrx_word' id='word_1_22' title='bbox 408 810 548 880; x_wconf 88' lang='lat' dir='ltr'>obtinuit</span> <span class='ocrx_word' id='word_1_23' title='bbox 555 838 564 897; x_wconf 93' lang='lat'>;</span> <span class='ocrx_word' id='word_1_24' title='bbox 591 815 624 878; x_wconf 78' lang='grc' dir='ltr'>2ο</span> <span class='ocrx_word' id='word_1_25' title='bbox 649 812 677 880; x_wconf 90' lang='lat' dir='ltr'>si</span> <span class='ocrx_word' id='word_1_26' title='bbox 702 833 798 881; x_wconf 85' lang='lat' dir='ltr'>causa</span> <span class='ocrx_word' id='word_1_27' title='bbox 827 819 972 882; x_wconf 87' lang='lat' dir='ltr'>vertatur</span> <span class='ocrx_word' id='word_1_28' title='bbox 999 813 1084 880; x_wconf 87' lang='lat' dir='ltr'>cirea</span> <span class='ocrx_word' id='word_1_29' title='bbox 1109 810 1263 880; x_wconf 88' lang='lat' dir='ltr'>alimenta</span> 
     </span>
     <span class='ocr_line' id='line_1_5' title="bbox 118 915 1262 1010; baseline 0.003 -27"><span class='ocrx_word' id='word_1_30' title='bbox 118 915 305 1007; x_wconf 84' lang='lat' dir='ltr'>praestanda</span> <span class='ocrx_word' id='word_1_31' title='bbox 327 925 359 984; x_wconf 90' lang='lat' dir='ltr'>et</span> <span class='ocrx_word' id='word_1_32' title='bbox 374 918 556 1008; x_wconf 87' lang='lat' dir='ltr'>periculum</span> <span class='ocrx_word' id='word_1_33' title='bbox 572 918 614 986; x_wconf 90' lang='lat' dir='ltr'>sit</span> <span class='ocrx_word' id='word_1_34' title='bbox 630 919 665 987; x_wconf 93' lang='lat' dir='ltr'>in</span> <span class='ocrx_word' id='word_1_35' title='bbox 680 941 784 1006; x_wconf 88' lang='lat' dir='ltr'>more,</span> <span class='ocrx_word' id='word_1_36' title='bbox 800 919 845 988; x_wconf 88' lang='lat' dir='ltr'>ite</span> <span class='ocrx_word' id='word_1_37' title='bbox 863 927 901 988; x_wconf 92' lang='lat' dir='ltr'>ut</span> <span class='ocrx_word' id='word_1_38' title='bbox 920 918 1003 988; x_wconf 84' lang='lat' dir='ltr'><strong>desit</strong></span> <span class='ocrx_word' id='word_1_39' title='bbox 1025 927 1153 1010; x_wconf 89' lang='lat' dir='ltr'>tempus</span> <span class='ocrx_word' id='word_1_40' title='bbox 1170 917 1262 987; x_wconf 89' lang='lat' dir='ltr'>suffi-</span> 
     </span>
     <span class='ocr_line' id='line_1_6' title="bbox 118 1023 1261 1118; baseline 0.002 -28"><span class='ocrx_word' id='word_1_41' title='bbox 118 1023 207 1090; x_wconf 88' lang='lat' dir='ltr'>ciens</span> <span class='ocrx_word' id='word_1_42' title='bbox 235 1023 276 1092; x_wconf 87' lang='lat' dir='ltr'>ed</span> <span class='ocrx_word' id='word_1_43' title='bbox 307 1023 567 1094; x_wconf 87' lang='lat' dir='ltr'>constituendum</span> <span class='ocrx_word' id='word_1_44' title='bbox 598 1035 799 1113; x_wconf 63' lang='lat' dir='ltr'>curatorem</span> <span class='ocrx_word' id='word_1_45' title='bbox 831 1030 864 1093; x_wconf 61' lang='grc' dir='ltr'>3θ</span> <span class='ocrx_word' id='word_1_46' title='bbox 892 1026 927 1095; x_wconf 93' lang='lat' dir='ltr'>in</span> <span class='ocrx_word' id='word_1_47' title='bbox 953 1025 1192 1118; x_wconf 79' lang='lat' dir='ltr'>preeporetoriis</span> <span class='ocrx_word' id='word_1_48' title='bbox 1220 1025 1261 1093; x_wconf 86' lang='lat' dir='ltr'>nd</span> 
     </span>
     <span class='ocr_line' id='line_1_7' title="bbox 114 1129 1262 1224; baseline 0.001 -25"><span class='ocrx_word' id='word_1_49' title='bbox 114 1129 298 1221; x_wconf 80' lang='lat' dir='ltr'>judicinm3</span> <span class='ocrx_word' id='word_1_50' title='bbox 322 1153 398 1198; x_wconf 88' lang='lat' dir='ltr'>nam</span> <span class='ocrx_word' id='word_1_51' title='bbox 421 1141 550 1201; x_wconf 87' lang='lat' dir='ltr'>curator</span> <span class='ocrx_word' id='word_1_52' title='bbox 574 1155 639 1202; x_wconf 92' lang='lat' dir='ltr'>non</span> <span class='ocrx_word' id='word_1_53' title='bbox 667 1133 845 1224; x_wconf 83' lang='lat' dir='ltr'>requiritur</span> <span class='ocrx_word' id='word_1_54' title='bbox 867 1141 941 1202; x_wconf 90' lang='lat' dir='ltr'>ante</span> <span class='ocrx_word' id='word_1_55' title='bbox 969 1133 1034 1201; x_wconf 89' lang='lat' dir='ltr'>litis</span> <span class='ocrx_word' id='word_1_56' title='bbox 1061 1133 1262 1201; x_wconf 88' lang='lat' dir='ltr'>contestatio-</span> 
     </span>
    </p>
   </div>
   <div class='ocr_carea' id='block_1_3' title="bbox 112 1237 1270 4328">
    <p class='ocr_par' dir='ltr' id='par_1_3' title="bbox 117 1237 1263 1862">
     <span class='ocr_line' id='line_1_8' title="bbox 119 1237 1263 1330; baseline 0.003 -26"><span class='ocrx_word' id='word_1_57' title='bbox 119 1259 210 1324; x_wconf 86' lang='lat' dir='ltr'>nem,</span> <span class='ocrx_word' id='word_1_58' title='bbox 225 1260 246 1306; x_wconf 85' lang='lat' dir='ltr'>a</span> <span class='ocrx_word' id='word_1_59' title='bbox 260 1261 326 1329; x_wconf 87' lang='lat' dir='ltr'>qua</span> <span class='ocrx_word' id='word_1_60' title='bbox 348 1237 507 1330; x_wconf 88' lang='lat' dir='ltr'>judicium</span> <span class='ocrx_word' id='word_1_61' title='bbox 533 1238 673 1330; x_wconf 81' lang='lat' dir='ltr'>incipere</span> <span class='ocrx_word' id='word_1_62' title='bbox 689 1247 837 1308; x_wconf 87' lang='lat' dir='ltr'>censetur</span> <span class='ocrx_word' id='word_1_63' title='bbox 851 1267 861 1327; x_wconf 85' lang='lat'>3</span> <span class='ocrx_word' id='word_1_64' title='bbox 878 1245 912 1308; x_wconf 85' lang='lat' dir='ltr'>l⁰</span> <span class='ocrx_word' id='word_1_65' title='bbox 928 1241 963 1308; x_wconf 93' lang='lat' dir='ltr'>in</span> <span class='ocrx_word' id='word_1_66' title='bbox 978 1239 1051 1308; x_wconf 82' lang='lat' dir='ltr'>eliis</span> <span class='ocrx_word' id='word_1_67' title='bbox 1074 1239 1201 1308; x_wconf 78' lang='lat' dir='ltr'>casibus</span> <span class='ocrx_word' id='word_1_68' title='bbox 1221 1261 1263 1308; x_wconf 80' lang='lat' dir='ltr'>ex</span> 
     </span>
     <span class='ocr_line' id='line_1_9' title="bbox 117 1343 1263 1438; baseline 0.004 -28"><span class='ocrx_word' id='word_1_69' title='bbox 117 1343 264 1433; x_wconf 80' lang='lat' dir='ltr'>legitime</span> <span class='ocrx_word' id='word_1_70' title='bbox 295 1347 483 1436; x_wconf 66' lang='lat' dir='ltr'>prescripta</span> <span class='ocrx_word' id='word_1_71' title='bbox 513 1346 759 1432; x_wconf 86' lang='lat' dir='ltr'>consuetudine,</span> <span class='ocrx_word' id='word_1_72' title='bbox 789 1355 845 1415; x_wconf 86' lang='lat' dir='ltr'>eut</span> <span class='ocrx_word' id='word_1_73' title='bbox 872 1369 913 1414; x_wconf 85' lang='lat' dir='ltr'>ex</span> <span class='ocrx_word' id='word_1_74' title='bbox 956 1345 1110 1438; x_wconf 79' lang='lat' dir='ltr'>peculiari</span> <span class='ocrx_word' id='word_1_75' title='bbox 1145 1353 1263 1415; x_wconf 85' lang='lat' dir='ltr'>statuto</span> 
     </span>
     <span class='ocr_line' id='line_1_10' title="bbox 118 1451 1261 1545; baseline 0.004 -28"><span class='ocrx_word' id='word_1_76' title='bbox 118 1452 274 1541; x_wconf 86' lang='lat' dir='ltr'>exceptis.</span> <span class='ocrx_word' id='word_1_77' title='bbox 297 1451 419 1520; x_wconf 81' lang='lat' dir='ltr'>&#39;sextus</span> <span class='ocrx_word' id='word_1_78' title='bbox 441 1452 652 1542; x_wconf 71' lang='lat' dir='ltr'>legislationis</span> <span class='ocrx_word' id='word_1_79' title='bbox 669 1452 880 1523; x_wconf 78' lang='lat' dir='ltr'>iustinianeae</span> <span class='ocrx_word' id='word_1_80' title='bbox 904 1453 1025 1543; x_wconf 91' lang='lat' dir='ltr'>quibus</span> <span class='ocrx_word' id='word_1_81' title='bbox 1048 1462 1080 1522; x_wconf 91' lang='lat' dir='ltr'>et</span> <span class='ocrx_word' id='word_1_82' title='bbox 1104 1452 1261 1545; x_wconf 65' lang='lat' dir='ltr'>praedicta</span> 
     </span>
     <span class='ocr_line' id='line_1_11' title="bbox 119 1557 1263 1652; baseline 0.003 -28"><span class='ocrx_word' id='word_1_83' title='bbox 119 1557 237 1648; x_wconf 79' lang='lat' dir='ltr'>regula</span> <span class='ocrx_word' id='word_1_84' title='bbox 258 1559 419 1647; x_wconf 81' lang='lat' dir='ltr'>generalis</span> <span class='ocrx_word' id='word_1_85' title='bbox 430 1567 462 1628; x_wconf 87' lang='lat' dir='ltr'>et</span> <span class='ocrx_word' id='word_1_86' title='bbox 477 1560 683 1652; x_wconf 77' lang='lat' dir='ltr'>exceptiones</span> <span class='ocrx_word' id='word_1_87' title='bbox 698 1559 892 1646; x_wconf 85' lang='lat' dir='ltr'>fundantur,</span> <span class='ocrx_word' id='word_1_88' title='bbox 907 1559 1066 1628; x_wconf 88' lang='lat' dir='ltr'>indicatos</span> <span class='ocrx_word' id='word_1_89' title='bbox 1080 1559 1155 1628; x_wconf 88' lang='lat' dir='ltr'>vide</span> <span class='ocrx_word' id='word_1_90' title='bbox 1176 1559 1263 1652; x_wconf 88' lang='lat' dir='ltr'>apud</span> 
     </span>
     <span class='ocr_line' id='line_1_12' title="bbox 119 1665 1262 1756; baseline 0 -22"><span class='ocrx_word' id='word_1_91' title='bbox 119 1665 413 1756; x_wconf 78' lang='lat' dir='ltr'>Schmalzgrueber</span> <span class='ocrx_word' id='word_1_92' title='bbox 430 1667 474 1756; x_wconf 80' lang='lat' dir='ltr'>(in</span> <span class='ocrx_word' id='word_1_93' title='bbox 496 1666 629 1736; x_wconf 88' lang='lat' dir='ltr'>titulum</span> <span class='ocrx_word' id='word_1_94' title='bbox 646 1666 686 1736; x_wconf 83' lang='lat' dir='ltr'>de</span> <span class='ocrx_word' id='word_1_95' title='bbox 699 1665 836 1736; x_wconf 75' lang='lat' dir='ltr'>Iudiciis</span> <span class='ocrx_word' id='word_1_96' title='bbox 855 1670 884 1753; x_wconf 89' lang='lat' dir='ltr'>l,</span> <span class='ocrx_word' id='word_1_97' title='bbox 899 1666 975 1735; x_wconf 91' lang='lat' dir='ltr'>libri</span> <span class='ocrx_word' id='word_1_98' title='bbox 992 1670 1011 1732; x_wconf 81' lang='lat'>2</span> <span class='ocrx_word' id='word_1_99' title='bbox 1033 1667 1262 1754; x_wconf 86' lang='lat' dir='ltr'>Decretalinm,</span> 
     </span>
     <span class='ocr_line' id='line_1_13' title="bbox 120 1775 246 1862; baseline 0 -22"><span class='ocrx_word' id='word_1_100' title='bbox 120 1796 154 1840; x_wconf 91' lang='lat' dir='ltr'>n.</span> <span class='ocrx_word' id='word_1_101' title='bbox 176 1775 246 1862; x_wconf 79' lang='lat'><strong>26).</strong></span> 
     </span>
    </p>

    <p class='ocr_par' dir='ltr' id='par_1_4' title="bbox 112 1880 1270 4328">
     <span class='ocr_line' id='line_1_14' title="bbox 165 1880 1266 1972; baseline 0 -24"><span class='ocrx_word' id='word_1_102' title='bbox 165 1880 225 1948; x_wconf 81' lang='lat' dir='ltr'>tv.</span> <span class='ocrx_word' id='word_1_103' title='bbox 247 1884 295 1948; x_wconf 87' lang='lat' dir='ltr'>De</span> <span class='ocrx_word' id='word_1_104' title='bbox 318 1881 460 1972; x_wconf 83' lang='lat' dir='ltr'>impube,</span> <span class='ocrx_word' id='word_1_105' title='bbox 479 1882 544 1950; x_wconf 86' lang='lat' dir='ltr'>sice</span> <span class='ocrx_word' id='word_1_106' title='bbox 559 1880 598 1951; x_wconf 86' lang='lat' dir='ltr'>de</span> <span class='ocrx_word' id='word_1_107' title='bbox 618 1881 745 1950; x_wconf 83' lang='lat' dir='ltr'>minore</span> <span class='ocrx_word' id='word_1_108' title='bbox 765 1881 859 1950; x_wconf 83' lang='lat' dir='ltr'>cuuis</span> <span class='ocrx_word' id='word_1_109' title='bbox 876 1885 927 1949; x_wconf 75' lang='lat'>14.</span> <span class='ocrx_word' id='word_1_110' title='bbox 945 1919 989 1932; x_wconf 89' lang='lat'>-</span> <span class='ocrx_word' id='word_1_111' title='bbox 1004 1881 1051 1948; x_wconf 89' lang='lat' dir='ltr'>De</span> <span class='ocrx_word' id='word_1_112' title='bbox 1076 1880 1266 1971; x_wconf 87' lang='lat' dir='ltr'>hujusmodi</span> 
     </span>
     <span class='ocr_line' id='line_1_15' title="bbox 121 1986 1266 2057; baseline 0.002 -3"><span class='ocrx_word' id='word_1_113' title='bbox 121 1986 306 2056; x_wconf 86' lang='lat' dir='ltr'>minoribns</span> <span class='ocrx_word' id='word_1_114' title='bbox 318 1987 363 2054; x_wconf 85' lang='lat' dir='ltr'>ita</span> <span class='ocrx_word' id='word_1_115' title='bbox 377 1986 543 2057; x_wconf 89' lang='lat' dir='ltr'>decretum</span> <span class='ocrx_word' id='word_1_116' title='bbox 558 1987 620 2056; x_wconf 82' lang='lat' dir='ltr'>fuit</span> <span class='ocrx_word' id='word_1_117' title='bbox 633 2011 652 2055; x_wconf 89' lang='lat' dir='ltr'>a</span> <span class='ocrx_word' id='word_1_118' title='bbox 667 1987 833 2056; x_wconf 85' lang='lat' dir='ltr'>Bonilacio</span> <span class='ocrx_word' id='word_1_119' title='bbox 845 1987 923 2056; x_wconf 86' lang='lat' dir='ltr'>Vlll</span> <span class='ocrx_word' id='word_1_120' title='bbox 938 2014 945 2053; x_wconf 92' lang='lat'>:</span> <span class='ocrx_word' id='word_1_121' title='bbox 961 1989 1002 2055; x_wconf 88' lang='lat' dir='ltr'>Si</span> <span class='ocrx_word' id='word_1_122' title='bbox 1017 2009 1091 2054; x_wconf 88' lang='lat' dir='ltr'>vero</span> <span class='ocrx_word' id='word_1_123' title='bbox 1105 1987 1196 2055; x_wconf 86' lang='lat' dir='ltr'>imre</span> <span class='ocrx_word' id='word_1_124' title='bbox 1208 1987 1266 2056; x_wconf 88' lang='lat' dir='ltr'>de-</span> 
     </span>
     <span class='ocr_line' id='line_1_16' title="bbox 119 2092 1265 2186; baseline 0.002 -26"><span class='ocrx_word' id='word_1_125' title='bbox 119 2095 245 2162; x_wconf 89' lang='lat' dir='ltr'>cimum</span> <span class='ocrx_word' id='word_1_126' title='bbox 262 2107 418 2184; x_wconf 84' lang='lat' dir='ltr'>quartum</span> <span class='ocrx_word' id='word_1_127' title='bbox 433 2117 556 2164; x_wconf 74' lang='lat' dir='ltr'>ameum</span> <span class='ocrx_word' id='word_1_128' title='bbox 568 2095 700 2176; x_wconf 70' lang='lat' dir='ltr'>euectus,</span> <span class='ocrx_word' id='word_1_129' title='bbox 711 2117 773 2185; x_wconf 90' lang='lat' dir='ltr'>per</span> <span class='ocrx_word' id='word_1_130' title='bbox 787 2107 817 2162; x_wconf 89' lang='lat' dir='ltr'>te</span> <span class='ocrx_word' id='word_1_131' title='bbox 832 2117 929 2186; x_wconf 81' lang='lat' dir='ltr'>apere</span> <span class='ocrx_word' id='word_1_132' title='bbox 943 2107 1003 2162; x_wconf 89' lang='lat' dir='ltr'>uut</span> <span class='ocrx_word' id='word_1_133' title='bbox 1016 2092 1184 2184; x_wconf 82' lang='lat' dir='ltr'>desmdere</span> <span class='ocrx_word' id='word_1_134' title='bbox 1198 2117 1265 2162; x_wconf 85' lang='lat' dir='ltr'>uon</span> 
     </span>
     <span class='ocr_line' id='line_1_17' title="bbox 112 2201 1265 2294; baseline -0.002 -23"><span class='ocrx_word' id='word_1_135' title='bbox 112 2203 243 2294; x_wconf 86' lang='lat' dir='ltr'>peteris</span> <span class='ocrx_word' id='word_1_136' title='bbox 266 2223 363 2294; x_wconf 88' lang='lat' dir='ltr'>super</span> <span class='ocrx_word' id='word_1_137' title='bbox 383 2203 462 2294; x_wconf 86' lang='lat' dir='ltr'>ipsis</span> <span class='ocrx_word' id='word_1_138' title='bbox 479 2201 523 2294; x_wconf 88' lang='lat' dir='ltr'>(id</span> <span class='ocrx_word' id='word_1_139' title='bbox 548 2210 597 2270; x_wconf 91' lang='lat' dir='ltr'>est</span> <span class='ocrx_word' id='word_1_140' title='bbox 620 2225 718 2293; x_wconf 90' lang='lat' dir='ltr'>super</span> <span class='ocrx_word' id='word_1_141' title='bbox 743 2202 850 2270; x_wconf 85' lang='lat' dir='ltr'>causis</span> <span class='ocrx_word' id='word_1_142' title='bbox 874 2201 1098 2293; x_wconf 77' lang='lat' dir='ltr'>spiritualibus</span> <span class='ocrx_word' id='word_1_143' title='bbox 1118 2201 1169 2271; x_wconf 88' lang='lat' dir='ltr'>vel</span> <span class='ocrx_word' id='word_1_144' title='bbox 1189 2223 1265 2270; x_wconf 93' lang='lat' dir='ltr'>cum</span> 
     </span>
     <span class='ocr_line' id='line_1_18' title="bbox 119 2308 1266 2402; baseline -0.002 -24"><span class='ocrx_word' id='word_1_145' title='bbox 119 2310 348 2402; x_wconf 86' lang='lat' dir='ltr'>spiritualibus</span> <span class='ocrx_word' id='word_1_146' title='bbox 366 2310 549 2400; x_wconf 81' lang='lat' dir='ltr'>connexis);</span> <span class='ocrx_word' id='word_1_147' title='bbox 567 2309 623 2378; x_wconf 81' lang='lat' dir='ltr'>sed</span> <span class='ocrx_word' id='word_1_148' title='bbox 642 2310 694 2378; x_wconf 87' lang='lat' dir='ltr'>vel</span> <span class='ocrx_word' id='word_1_149' title='bbox 707 2331 770 2401; x_wconf 92' lang='lat' dir='ltr'>per</span> <span class='ocrx_word' id='word_1_150' title='bbox 790 2321 885 2378; x_wconf 90' lang='lat' dir='ltr'>tuum</span> <span class='ocrx_word' id='word_1_151' title='bbox 906 2308 1119 2400; x_wconf 81' lang='lat' dir='ltr'>Episcopum,</span> <span class='ocrx_word' id='word_1_152' title='bbox 1137 2310 1189 2377; x_wconf 87' lang='lat' dir='ltr'>vel</span> <span class='ocrx_word' id='word_1_153' title='bbox 1205 2331 1266 2400; x_wconf 85' lang='lat' dir='ltr'>per</span> 
     </span>
     <span class='ocr_line' id='line_1_19' title="bbox 120 2415 1268 2508; baseline -0.001 -22"><span class='ocrx_word' id='word_1_154' title='bbox 120 2417 300 2508; x_wconf 75' lang='lat' dir='ltr'>officialem</span> <span class='ocrx_word' id='word_1_155' title='bbox 329 2417 476 2508; x_wconf 75' lang='lat' dir='ltr'>ejsudem</span> <span class='ocrx_word' id='word_1_156' title='bbox 503 2417 564 2485; x_wconf 89' lang='lat' dir='ltr'>tibi</span> <span class='ocrx_word' id='word_1_157' title='bbox 589 2429 724 2484; x_wconf 83' lang='lat' dir='ltr'>curator</span> <span class='ocrx_word' id='word_1_158' title='bbox 747 2416 882 2486; x_wconf 80' lang='lat' dir='ltr'>debitur</span> <span class='ocrx_word' id='word_1_159' title='bbox 906 2415 953 2484; x_wconf 84' lang='lat' dir='ltr'>cd</span> <span class='ocrx_word' id='word_1_160' title='bbox 978 2416 1049 2484; x_wconf 82' lang='lat' dir='ltr'>lites</span> <span class='ocrx_word' id='word_1_161' title='bbox 1072 2416 1268 2508; x_wconf 73' lang='lat' dir='ltr'>hujusmodi</span> 
     </span>
     <span class='ocr_line' id='line_1_20' title="bbox 120 2522 1265 2616; baseline -0.002 -24"><span class='ocrx_word' id='word_1_162' title='bbox 120 2523 340 2592; x_wconf 65' lang='lat' dir='ltr'>exercendus:</span> <span class='ocrx_word' id='word_1_163' title='bbox 360 2537 419 2592; x_wconf 84' lang='lat' dir='ltr'>aut</span> <span class='ocrx_word' id='word_1_164' title='bbox 436 2535 472 2592; x_wconf 89' lang='lat' dir='ltr'>tu</span> <span class='ocrx_word' id='word_1_165' title='bbox 486 2523 564 2616; x_wconf 84' lang='lat' dir='ltr'>ipse,</span> <span class='ocrx_word' id='word_1_166' title='bbox 581 2525 610 2592; x_wconf 84' lang='lat' dir='ltr'>si</span> <span class='ocrx_word' id='word_1_167' title='bbox 625 2524 738 2613; x_wconf 87' lang='lat' dir='ltr'>mujor</span> <span class='ocrx_word' id='word_1_168' title='bbox 752 2524 880 2614; x_wconf 81' lang='lat' dir='ltr'>inserite</span> <span class='ocrx_word' id='word_1_169' title='bbox 893 2522 1007 2614; x_wconf 76' lang='lat' dir='ltr'>fiterio,</span> <span class='ocrx_word' id='word_1_170' title='bbox 1024 2545 1100 2590; x_wconf 81' lang='lat' dir='ltr'>mem</span> <span class='ocrx_word' id='word_1_171' title='bbox 1122 2523 1265 2590; x_wconf 84' lang='lat' dir='ltr'>auctori-</span> 
     </span>
     <span class='ocr_line' id='line_1_21' title="bbox 121 2629 1262 2721; baseline -0.002 -21"><span class='ocrx_word' id='word_1_172' title='bbox 121 2644 193 2700; x_wconf 85' lang='lat' dir='ltr'>tate</span> <span class='ocrx_word' id='word_1_173' title='bbox 205 2632 342 2700; x_wconf 81' lang='lat' dir='ltr'>alterius</span> <span class='ocrx_word' id='word_1_174' title='bbox 354 2630 553 2712; x_wconf 86' lang='lat' dir='ltr'>eorumdem,</span> <span class='ocrx_word' id='word_1_175' title='bbox 566 2643 816 2721; x_wconf 83' lang='lat' dir='ltr'>procuratorem</span> <span class='ocrx_word' id='word_1_176' title='bbox 831 2629 878 2698; x_wconf 85' lang='lat' dir='ltr'>cd</span> <span class='ocrx_word' id='word_1_177' title='bbox 892 2653 946 2698; x_wconf 84' lang='lat' dir='ltr'>eas</span> <span class='ocrx_word' id='word_1_178' title='bbox 954 2630 1079 2721; x_wconf 86' lang='lat' dir='ltr'>poteris</span> <span class='ocrx_word' id='word_1_179' title='bbox 1094 2629 1262 2721; x_wconf 84' lang='lat' dir='ltr'>deputare.</span> 
     </span>
     <span class='ocr_line' id='line_1_22' title="bbox 121 2737 1268 2830; baseline -0.003 -22"><span class='ocrx_word' id='word_1_180' title='bbox 121 2740 299 2829; x_wconf 80' lang='lat' dir='ltr'>Delepatus</span> <span class='ocrx_word' id='word_1_181' title='bbox 314 2739 414 2808; x_wconf 87' lang='lat' dir='ltr'>etium</span> <span class='ocrx_word' id='word_1_182' title='bbox 430 2737 621 2830; x_wconf 77' lang='lat' dir='ltr'>Apostolicae</span> <span class='ocrx_word' id='word_1_183' title='bbox 637 2737 731 2807; x_wconf 84' lang='lat' dir='ltr'>Sedis</span> <span class='ocrx_word' id='word_1_184' title='bbox 747 2751 777 2805; x_wconf 90' lang='lat' dir='ltr'>et</span> <span class='ocrx_word' id='word_1_185' title='bbox 792 2737 1016 2828; x_wconf 82' lang='lat' dir='ltr'>subdetepatus</span> <span class='ocrx_word' id='word_1_186' title='bbox 1030 2737 1072 2804; x_wconf 88' lang='lat' dir='ltr'>eb</span> <span class='ocrx_word' id='word_1_187' title='bbox 1087 2759 1134 2818; x_wconf 86' lang='lat' dir='ltr'>eo,</span> <span class='ocrx_word' id='word_1_188' title='bbox 1152 2737 1212 2805; x_wconf 85' lang='lat' dir='ltr'>tibi</span> <span class='ocrx_word' id='word_1_189' title='bbox 1228 2737 1268 2826; x_wconf 73' lang='lat' dir='ltr'>(si</span> 
     </span>
     <span class='ocr_line' id='line_1_23' title="bbox 120 2843 1265 2935; baseline -0.003 -21"><span class='ocrx_word' id='word_1_190' title='bbox 120 2869 189 2914; x_wconf 84' lang='lat' dir='ltr'>uon</span> <span class='ocrx_word' id='word_1_191' title='bbox 213 2846 344 2935; x_wconf 75' lang='lat' dir='ltr'>taceas)</span> <span class='ocrx_word' id='word_1_192' title='bbox 361 2859 546 2916; x_wconf 80' lang='lat' dir='ltr'>curatorem</span> <span class='ocrx_word' id='word_1_193' title='bbox 562 2843 642 2913; x_wconf 87' lang='lat' dir='ltr'>dere</span> <span class='ocrx_word' id='word_1_194' title='bbox 657 2845 801 2926; x_wconf 82' lang='lat' dir='ltr'>caleant,</span> <span class='ocrx_word' id='word_1_195' title='bbox 820 2846 872 2914; x_wconf 90' lang='lat' dir='ltr'>vel</span> <span class='ocrx_word' id='word_1_196' title='bbox 891 2844 1123 2913; x_wconf 78' lang='lat' dir='ltr'>erectoritatem</span> <span class='ocrx_word' id='word_1_197' title='bbox 1145 2844 1265 2912; x_wconf 74' lang='lat' dir='ltr'>coristi·</span> 
     </span>
     <span class='ocr_line' id='line_1_24' title="bbox 120 2951 1266 3044; baseline -0.002 -24"><span class='ocrx_word' id='word_1_198' title='bbox 120 2951 242 3022; x_wconf 83' lang='lat' dir='ltr'>tuendi</span> <span class='ocrx_word' id='word_1_199' title='bbox 246 2964 496 3044; x_wconf 84' lang='lat' dir='ltr'>procuratorem</span> <span class='ocrx_word' id='word_1_200' title='bbox 505 2964 676 3042; x_wconf 76' lang='lat' dir='ltr'>prestere,</span> <span class='ocrx_word' id='word_1_201' title='bbox 688 2951 734 3020; x_wconf 83' lang='lat' dir='ltr'>cd</span> <span class='ocrx_word' id='word_1_202' title='bbox 742 2951 816 3020; x_wconf 82' lang='lat' dir='ltr'>illus</span> <span class='ocrx_word' id='word_1_203' title='bbox 828 2974 942 3020; x_wconf 84' lang='lat' dir='ltr'>causes</span> <span class='ocrx_word' id='word_1_204' title='bbox 951 2952 1002 3019; x_wconf 89' lang='lat' dir='ltr'>uel</span> <span class='ocrx_word' id='word_1_205' title='bbox 1010 2951 1081 3019; x_wconf 85' lang='lat' dir='ltr'>lites</span> <span class='ocrx_word' id='word_1_206' title='bbox 1090 2951 1266 3019; x_wconf 72' lang='lat' dir='ltr'>dumtaxat</span> 
     </span>
     <span class='ocr_line' id='line_1_25' title="bbox 120 3057 1265 3152; baseline -0.002 -24"><span class='ocrx_word' id='word_1_207' title='bbox 120 3083 198 3152; x_wconf 68' lang='lat' dir='ltr'>que</span> <span class='ocrx_word' id='word_1_208' title='bbox 212 3083 323 3128; x_wconf 87' lang='lat' dir='ltr'>eoram</span> <span class='ocrx_word' id='word_1_209' title='bbox 339 3060 417 3150; x_wconf 84' lang='lat' dir='ltr'>ipsis</span> <span class='ocrx_word' id='word_1_210' title='bbox 429 3060 555 3150; x_wconf 82' lang='lat' dir='ltr'>suerint</span> <span class='ocrx_word' id='word_1_211' title='bbox 568 3059 776 3130; x_wconf 73' lang='lat' dir='ltr'>ventitando.</span> <span class='ocrx_word' id='word_1_212' title='bbox 794 3063 834 3128; x_wconf 84' lang='lat' dir='ltr'>lu</span> <span class='ocrx_word' id='word_1_213' title='bbox 849 3057 1043 3150; x_wconf 73' lang='lat' dir='ltr'>hujusmodi</span> <span class='ocrx_word' id='word_1_214' title='bbox 1057 3080 1182 3150; x_wconf 84' lang='lat' dir='ltr'>quoque</span> <span class='ocrx_word' id='word_1_215' title='bbox 1198 3058 1265 3127; x_wconf 87' lang='lat' dir='ltr'>liti-</span> 
     </span>
     <span class='ocr_line' id='line_1_26' title="bbox 121 3167 1266 3260; baseline -0.001 -24"><span class='ocrx_word' id='word_1_216' title='bbox 121 3171 184 3236; x_wconf 82' lang='lat' dir='ltr'>bus</span> <span class='ocrx_word' id='word_1_217' title='bbox 198 3169 264 3236; x_wconf 83' lang='lat' dir='ltr'>sive</span> <span class='ocrx_word' id='word_1_218' title='bbox 278 3167 395 3251; x_wconf 68' lang='lat' dir='ltr'>cauom,</span> <span class='ocrx_word' id='word_1_219' title='bbox 411 3191 603 3259; x_wconf 82' lang='lat' dir='ltr'>quanquam</span> <span class='ocrx_word' id='word_1_220' title='bbox 619 3169 653 3236; x_wconf 89' lang='lat' dir='ltr'>iu</span> <span class='ocrx_word' id='word_1_221' title='bbox 664 3180 826 3260; x_wconf 82' lang='lat' dir='ltr'>potestate</span> <span class='ocrx_word' id='word_1_222' title='bbox 836 3168 947 3259; x_wconf 83' lang='lat' dir='ltr'>patris</span> <span class='ocrx_word' id='word_1_223' title='bbox 963 3167 1092 3248; x_wconf 78' lang='lat' dir='ltr'>euictus,</span> <span class='ocrx_word' id='word_1_224' title='bbox 1109 3189 1166 3234; x_wconf 85' lang='lat' dir='ltr'>uec</span> <span class='ocrx_word' id='word_1_225' title='bbox 1181 3167 1266 3236; x_wconf 82' lang='lat' dir='ltr'>elias</span> 
     </span>
     <span class='ocr_line' id='line_1_27' title="bbox 120 3274 1266 3367; baseline -0.003 -23"><span class='ocrx_word' id='word_1_226' title='bbox 120 3277 244 3367; x_wconf 78' lang='lat' dir='ltr'>absque</span> <span class='ocrx_word' id='word_1_227' title='bbox 267 3276 367 3366; x_wconf 87' lang='lat' dir='ltr'>ipsius</span> <span class='ocrx_word' id='word_1_228' title='bbox 394 3297 524 3343; x_wconf 74' lang='lat' dir='ltr'>usnemu</span> <span class='ocrx_word' id='word_1_229' title='bbox 550 3276 583 3344; x_wconf 84' lang='lat' dir='ltr'>iu</span> <span class='ocrx_word' id='word_1_230' title='bbox 600 3275 732 3367; x_wconf 84' lang='lat' dir='ltr'>judicio</span> <span class='ocrx_word' id='word_1_231' title='bbox 755 3276 950 3366; x_wconf 85' lang='lat' dir='ltr'>reputeritcr</span> <span class='ocrx_word' id='word_1_232' title='bbox 974 3297 1037 3342; x_wconf 83' lang='lat' dir='ltr'>esse</span> <span class='ocrx_word' id='word_1_233' title='bbox 1055 3274 1171 3366; x_wconf 83' lang='lat' dir='ltr'>possis,</span> <span class='ocrx_word' id='word_1_234' title='bbox 1195 3275 1266 3365; x_wconf 87' lang='lat' dir='ltr'>ejus</span> 
     </span>
     <span class='ocr_line' id='line_1_28' title="bbox 123 3381 1267 3474; baseline -0.003 -22"><span class='ocrx_word' id='word_1_235' title='bbox 123 3387 214 3472; x_wconf 76' lang='lat' dir='ltr'>{mem</span> <span class='ocrx_word' id='word_1_236' title='bbox 227 3381 266 3450; x_wconf 85' lang='lat' dir='ltr'>de</span> <span class='ocrx_word' id='word_1_237' title='bbox 280 3382 320 3450; x_wconf 80' lang='lat' dir='ltr'>iis</span> <span class='ocrx_word' id='word_1_238' title='bbox 335 3405 367 3450; x_wconf 89' lang='lat' dir='ltr'>se</span> <span class='ocrx_word' id='word_1_239' title='bbox 386 3381 602 3452; x_wconf 81' lang='lat' dir='ltr'>intromittere</span> <span class='ocrx_word' id='word_1_240' title='bbox 616 3405 682 3450; x_wconf 83' lang='lat' dir='ltr'>nou</span> <span class='ocrx_word' id='word_1_241' title='bbox 698 3382 827 3471; x_wconf 81' lang='lat' dir='ltr'>iubeat)</span> <span class='ocrx_word' id='word_1_242' title='bbox 846 3404 1054 3474; x_wconf 80' lang='lat' dir='ltr'>nequequam</span> <span class='ocrx_word' id='word_1_243' title='bbox 1074 3382 1198 3473; x_wconf 81' lang='lat' dir='ltr'>requiri</span> <span class='ocrx_word' id='word_1_244' title='bbox 1212 3381 1267 3450; x_wconf 87' lang='lat' dir='ltr'>de-</span> 
     </span>
     <span class='ocr_line' id='line_1_29' title="bbox 123 3487 1268 3580; baseline -0.002 -22"><span class='ocrx_word' id='word_1_245' title='bbox 123 3489 211 3558; x_wconf 83' lang='lat' dir='ltr'>bebit</span> <span class='ocrx_word' id='word_1_246' title='bbox 226 3511 369 3558; x_wconf 61' lang='lat' dir='ltr'>mersus</span> <span class='ocrx_word' id='word_1_247' title='bbox 380 3489 463 3580; x_wconf 85' lang='lat' dir='ltr'>(cap.</span> <span class='ocrx_word' id='word_1_248' title='bbox 483 3493 515 3576; x_wconf 83' lang='lat'>3,</span> <span class='ocrx_word' id='word_1_249' title='bbox 528 3489 615 3558; x_wconf 90' lang='lat' dir='ltr'>tituli</span> <span class='ocrx_word' id='word_1_250' title='bbox 633 3492 646 3556; x_wconf 90' lang='lat'>1</span> <span class='ocrx_word' id='word_1_251' title='bbox 666 3489 706 3558; x_wconf 86' lang='lat' dir='ltr'>de</span> <span class='ocrx_word' id='word_1_252' title='bbox 719 3487 867 3570; x_wconf 75' lang='lat' dir='ltr'>tudiciis,</span> <span class='ocrx_word' id='word_1_253' title='bbox 881 3490 915 3556; x_wconf 93' lang='lat' dir='ltr'>in</span> <span class='ocrx_word' id='word_1_254' title='bbox 932 3489 978 3580; x_wconf 82' lang='lat'>6).</span> <span class='ocrx_word' id='word_1_255' title='bbox 992 3489 1044 3558; x_wconf 84' lang='lat' dir='ltr'>Ex</span> <span class='ocrx_word' id='word_1_256' title='bbox 1059 3489 1120 3557; x_wconf 89' lang='lat' dir='ltr'>bac</span> <span class='ocrx_word' id='word_1_257' title='bbox 1131 3489 1201 3579; x_wconf 82' lang='lat' dir='ltr'>lege</span> <span class='ocrx_word' id='word_1_258' title='bbox 1217 3512 1268 3556; x_wconf 90' lang='lat' dir='ltr'>se-</span> 
     </span>
     <span class='ocr_line' id='line_1_30' title="bbox 120 3595 1267 3689; baseline -0.003 -24"><span class='ocrx_word' id='word_1_259' title='bbox 120 3597 238 3689; x_wconf 88' lang='lat' dir='ltr'>qnitur</span> <span class='ocrx_word' id='word_1_260' title='bbox 256 3599 287 3663; x_wconf 76' lang='grc' dir='ltr'>1ο</span> <span class='ocrx_word' id='word_1_261' title='bbox 302 3596 461 3664; x_wconf 87' lang='lat' dir='ltr'>Minorem</span> <span class='ocrx_word' id='word_1_262' title='bbox 476 3597 571 3665; x_wconf 85' lang='lat' dir='ltr'>annis</span> <span class='ocrx_word' id='word_1_263' title='bbox 583 3601 621 3664; x_wconf 85' lang='lat' dir='ltr'>ll</span> <span class='ocrx_word' id='word_1_264' title='bbox 636 3619 739 3688; x_wconf 85' lang='lat' dir='ltr'>neque</span> <span class='ocrx_word' id='word_1_265' title='bbox 755 3597 789 3662; x_wconf 91' lang='lat' dir='ltr'>in</span> <span class='ocrx_word' id='word_1_266' title='bbox 806 3595 1039 3687; x_wconf 89' lang='lat' dir='ltr'>temporalibus</span> <span class='ocrx_word' id='word_1_267' title='bbox 1055 3595 1159 3664; x_wconf 87' lang='lat' dir='ltr'>causis</span> <span class='ocrx_word' id='word_1_268' title='bbox 1174 3617 1267 3686; x_wconf 91' lang='lat' dir='ltr'>posse</span> 
     </span>
     <span class='ocr_line' id='line_1_31' title="bbox 121 3701 1265 3796; baseline 0 -26"><span class='ocrx_word' id='word_1_269' title='bbox 121 3703 341 3796; x_wconf 86' lang='lat' dir='ltr'>perseipsum</span> <span class='ocrx_word' id='word_1_270' title='bbox 357 3701 529 3792; x_wconf 86' lang='lat' dir='ltr'>injudicio</span> <span class='ocrx_word' id='word_1_271' title='bbox 543 3711 645 3782; x_wconf 89' lang='lat' dir='ltr'>stare;</span> <span class='ocrx_word' id='word_1_272' title='bbox 666 3707 698 3770; x_wconf 75' lang='lat'>3⁰</span> <span class='ocrx_word' id='word_1_273' title='bbox 714 3703 747 3770; x_wconf 90' lang='lat' dir='ltr'>in</span> <span class='ocrx_word' id='word_1_274' title='bbox 763 3701 868 3770; x_wconf 89' lang='lat' dir='ltr'>causis</span> <span class='ocrx_word' id='word_1_275' title='bbox 884 3703 1108 3792; x_wconf 84' lang='lat' dir='ltr'>spiritualibus</span> <span class='ocrx_word' id='word_1_276' title='bbox 1122 3701 1174 3770; x_wconf 87' lang='lat' dir='ltr'>vel</span> <span class='ocrx_word' id='word_1_277' title='bbox 1190 3725 1265 3772; x_wconf 91' lang='lat' dir='ltr'>cnm</span> 
     </span>
     <span class='ocr_line' id='line_1_32' title="bbox 122 3807 1267 3901; baseline -0.001 -23"><span class='ocrx_word' id='word_1_278' title='bbox 122 3808 350 3901; x_wconf 78' lang='lat' dir='ltr'>spiritualibus</span> <span class='ocrx_word' id='word_1_279' title='bbox 373 3809 541 3895; x_wconf 86' lang='lat' dir='ltr'>connexis,</span> <span class='ocrx_word' id='word_1_280' title='bbox 558 3810 619 3900; x_wconf 91' lang='lat' dir='ltr'>ipsi</span> <span class='ocrx_word' id='word_1_281' title='bbox 642 3819 772 3879; x_wconf 88' lang='lat' dir='ltr'>curator</span> <span class='ocrx_word' id='word_1_282' title='bbox 788 3807 916 3877; x_wconf 91' lang='lat' dir='ltr'>dandus</span> <span class='ocrx_word' id='word_1_283' title='bbox 934 3816 1016 3878; x_wconf 87' lang='lat' dir='ltr'>este</span> <span class='ocrx_word' id='word_1_284' title='bbox 1037 3808 1146 3899; x_wconf 86' lang='lat' dir='ltr'>jndice</span> <span class='ocrx_word' id='word_1_285' title='bbox 1165 3810 1267 3878; x_wconf 87' lang='lat' dir='ltr'>eccle-</span> 
     </span>
     <span class='ocr_line' id='line_1_33' title="bbox 122 3914 1267 4006; baseline 0.002 -23"><span class='ocrx_word' id='word_1_286' title='bbox 122 3914 270 4002; x_wconf 85' lang='lat' dir='ltr'>siastiec;</span> <span class='ocrx_word' id='word_1_287' title='bbox 296 3938 355 3984; x_wconf 88' lang='lat' dir='ltr'>nec</span> <span class='ocrx_word' id='word_1_288' title='bbox 380 3924 483 4006; x_wconf 89' lang='lat' dir='ltr'>potest</span> <span class='ocrx_word' id='word_1_289' title='bbox 511 3916 546 3982; x_wconf 93' lang='lat' dir='ltr'>in</span> <span class='ocrx_word' id='word_1_290' title='bbox 572 3915 624 3984; x_wconf 94' lang='lat' dir='ltr'>his</span> <span class='ocrx_word' id='word_1_291' title='bbox 650 3939 717 3986; x_wconf 90' lang='lat' dir='ltr'>sese</span> <span class='ocrx_word' id='word_1_292' title='bbox 744 3915 958 3985; x_wconf 89' lang='lat' dir='ltr'>intromittere</span> <span class='ocrx_word' id='word_1_293' title='bbox 984 3915 1055 4006; x_wconf 85' lang='lat' dir='ltr'>ejus</span> <span class='ocrx_word' id='word_1_294' title='bbox 1082 3923 1184 4006; x_wconf 87' lang='lat' dir='ltr'>pater,</span> <span class='ocrx_word' id='word_1_295' title='bbox 1206 3917 1267 3985; x_wconf 91' lang='lat' dir='ltr'>sub</span> 
     </span>
     <span class='ocr_line' id='line_1_34' title="bbox 122 4022 1268 4114; baseline 0.002 -24"><span class='ocrx_word' id='word_1_296' title='bbox 122 4022 223 4112; x_wconf 84' lang='lat' dir='ltr'>cujus</span> <span class='ocrx_word' id='word_1_297' title='bbox 246 4029 398 4112; x_wconf 87' lang='lat' dir='ltr'>potestate</span> <span class='ocrx_word' id='word_1_298' title='bbox 422 4032 470 4092; x_wconf 91' lang='lat' dir='ltr'>est</span> <span class='ocrx_word' id='word_1_299' title='bbox 491 4022 598 4114; x_wconf 91' lang='lat' dir='ltr'>quoad</span> <span class='ocrx_word' id='word_1_300' title='bbox 625 4031 755 4106; x_wconf 80' lang='lat' dir='ltr'>caetera,</span> <span class='ocrx_word' id='word_1_301' title='bbox 779 4045 837 4090; x_wconf 89' lang='lat' dir='ltr'>nec</span> <span class='ocrx_word' id='word_1_302' title='bbox 859 4029 990 4091; x_wconf 87' lang='lat' dir='ltr'>curetur</span> <span class='ocrx_word' id='word_1_303' title='bbox 1010 4044 1108 4113; x_wconf 90' lang='lat' dir='ltr'>quem</span> <span class='ocrx_word' id='word_1_304' title='bbox 1135 4022 1268 4092; x_wconf 89' lang='lat' dir='ltr'>haberet</span> 
     </span>
     <span class='ocr_line' id='line_1_35' title="bbox 123 4127 1267 4220; baseline 0.002 -22"><span class='ocrx_word' id='word_1_305' title='bbox 123 4127 259 4198; x_wconf 88' lang='lat' dir='ltr'>aliunde</span> <span class='ocrx_word' id='word_1_306' title='bbox 274 4151 334 4220; x_wconf 92' lang='lat' dir='ltr'>pro</span> <span class='ocrx_word' id='word_1_307' title='bbox 349 4129 446 4198; x_wconf 90' lang='lat' dir='ltr'>rebus</span> <span class='ocrx_word' id='word_1_308' title='bbox 470 4129 537 4198; x_wconf 88' lang='lat' dir='ltr'>suis</span> <span class='ocrx_word' id='word_1_309' title='bbox 557 4129 805 4220; x_wconf 86' lang='lat' dir='ltr'>temporalibus;</span> <span class='ocrx_word' id='word_1_310' title='bbox 825 4133 857 4196; x_wconf 73' lang='grc' dir='ltr'>3ο</span> <span class='ocrx_word' id='word_1_311' title='bbox 874 4137 1004 4197; x_wconf 88' lang='lat' dir='ltr'>curator</span> <span class='ocrx_word' id='word_1_312' title='bbox 1022 4129 1052 4196; x_wconf 92' lang='lat' dir='ltr'>ei</span> <span class='ocrx_word' id='word_1_313' title='bbox 1073 4128 1200 4198; x_wconf 87' lang='lat' dir='ltr'>dandus</span> <span class='ocrx_word' id='word_1_314' title='bbox 1220 4141 1267 4200; x_wconf 87' lang='lat' dir='ltr'>est</span> 
     </span>
     <span class='ocr_line' id='line_1_36' title="bbox 124 4235 1270 4328; baseline 0.002 -24"><span class='ocrx_word' id='word_1_315' title='bbox 124 4236 170 4304; x_wconf 88' lang='lat' dir='ltr'>ab</span> <span class='ocrx_word' id='word_1_316' title='bbox 189 4235 348 4326; x_wconf 85' lang='lat' dir='ltr'>Episcopo</span> <span class='ocrx_word' id='word_1_317' title='bbox 366 4245 422 4304; x_wconf 90' lang='lat' dir='ltr'>aut</span> <span class='ocrx_word' id='word_1_318' title='bbox 442 4237 514 4327; x_wconf 87' lang='lat' dir='ltr'>ejus</span> <span class='ocrx_word' id='word_1_319' title='bbox 533 4235 681 4322; x_wconf 82' lang='lat' dir='ltr'>officiali3</span> <span class='ocrx_word' id='word_1_320' title='bbox 704 4235 792 4304; x_wconf 88' lang='lat' dir='ltr'>vela</span> <span class='ocrx_word' id='word_1_321' title='bbox 816 4235 963 4326; x_wconf 82' lang='lat' dir='ltr'>delegato</span> <span class='ocrx_word' id='word_1_322' title='bbox 984 4244 1040 4304; x_wconf 91' lang='lat' dir='ltr'>aut</span> <span class='ocrx_word' id='word_1_323' title='bbox 1062 4235 1270 4328; x_wconf 79' lang='lat' dir='ltr'>subdelegato</span> 
     </span>
    </p>
   </div>
   <div class='ocr_carea' id='block_1_4' title="bbox 0 0 1539 4972">
    <p class='ocr_par' dir='ltr' id='par_1_5' title="bbox 0 0 1539 4972">
     <span class='ocr_line' id='line_1_37' title="bbox 0 0 1539 4972; baseline 0 0"><span class='ocrx_word' id='word_1_324' title='bbox 0 0 1539 4972; x_wconf 95' lang='lat' dir='ltr'> </span> 
     </span>
    </p>
   </div>
  </div>
 </body>
</html>
