3030 4980
272 457 336 524 sio
643 481 819 528 macrinus
841 481 880 528 na
901 481 1034 528 moiun.

316 599 524 668 Contrarium
546 608 654 672 tamen
672 603 728 672 alii
746 611 857 672 tenent
871 625 946 672 cum
962 605 1059 688 Rota,
1075 625 1116 672 ex
1132 605 1290 693 gravibus
1312 607 1425 674 ratio-

271 705 380 792 nibus,
402 729 484 799 quas
503 709 579 778 vide
600 710 687 800 apud
711 710 910 780 leurenium
937 709 987 800 (dc
1016 710 1151 778 Vicuriis
1170 711 1295 802 Epioe,
1320 733 1353 778 c.
1385 716 1423 797 3,
1508 701 1509 762 i

270 837 304 904 q.
322 818 400 902 242,
416 838 452 883 n.
469 817 515 906 2).

313 971 402 1040 Nota
420 974 450 1037 1.
469 970 567 1039 Posse
582 979 692 1040 umen
706 971 828 1064 absque
845 971 978 1064 speciali
994 971 1146 1040 mandato
1162 971 1333 1041 Vioarium
1350 995 1425 1060 ge-
1509 1022 1510 1114 p

269 1077 427 1163 noralem,
453 1077 561 1168 quoad
586 1077 742 1147 beneficia
762 1078 1050 1172 jurispatronatus,
1077 1087 1285 1170 praesentatos
1309 1102 1329 1146 a
1357 1103 1422 1171 pa·
1509 1159 1510 1176 χ

268 1184 370 1252 tronis
408 1183 594 1272 instituere,
633 1183 707 1252 vide
742 1185 830 1276 apud
865 1184 1017 1254 eumdem
1055 1185 1254 1254 Leurenium
1297 1185 1423 1277 (ibid,

266 1315 299 1382 q·
312 1289 408 1470 {idid
418 1403 449 1466 2.
464 1398 563 1468 Plura
574 1399 637 1467 alia
647 1399 784 1490 quaesita
797 1397 837 1468 de
847 1407 1001 1490 potestate
1012 1399 1135 1470 Vicarii
1152 1399 1314 1490 generalis
1327 1401 1426 1469 cirea

268 1527 338 1680 iim·
356 1504 608 1704 benetippariam,
629 1504 704 1575 vide
725 1504 813 1596 apud
832 1505 955 1576 dictum
976 1507 1176 1576 Leureuium
1202 1507 1253 1598 (de
1278 1507 1425 1576 Vicon’als

294 1635 394 1703 pasc„
411 1636 453 1681 c.¹
493 1665 500 1680 .

745 1895 888 1966 CAPUT
911 1895 954 1966 V.

501 2107 540 2153 DE
561 2105 743 2154 wcnnu‘rus
765 2107 934 2154 osnunnus
955 2106 1179 2154 ruffinum.

313 2326 339 2392 1.
361 2327 408 2392 Au
430 2323 574 2393 Vicarias
592 2325 753 2416 pecoralis
771 2325 812 2393 sit
827 2325 994 2416 diffinitos?
1008 2365 1053 2379 -
1066 2325 1227 2396 Strictiori
1243 2349 1343 2395 sensu
1361 2328 1420 2396 di-

269 2432 376 2520 gnitas
401 2441 547 2519 vocatur,
575 2454 641 2500 non
671 2432 838 2524 quodlibet
863 2433 1005 2502 officium
1034 2457 1107 2502 cum
1136 2434 1356 2525 procedentia
1388 2447 1421 2504 ct

268 2539 504 2631 jurisdictione,
529 2539 584 2607 sed
609 2539 780 2608 dumtaxat
805 2540 946 2609 officium
968 2555 1181 2633 perpetuum,
1211 2564 1270 2610 seu
1295 2542 1420 2611 titulus

270 2646 305 2713 in
317 2657 514 2737 perpetuum
527 2646 663 2714 collatus
678 2648 731 2714 cui
746 2671 874 2716 annexa
890 2655 938 2714 ost
953 2647 1169 2739 praecedentia
1178 2656 1210 2716 et
1215 2648 1415 2738 jurisdictio.
1512 2659 1513 2662 ’

275 2750 370 2844 (Vide
397 2775 506 2821 meum
540 2759 710 2821 tractatum
743 2753 783 2822 do
807 2755 980 2845 Capitulis,
1009 2777 1041 2845 p.
1072 2757 1140 2844 79.)
1168 2754 1278 2822 Minus
1303 2763 1417 2823 auteur

272 2861 382 2927 stricto
395 2881 492 2928 sensu
509 2859 650 2948 dignitas
671 2871 817 2946 vocatur,
839 2862 896 2952 qui
912 2885 953 2929 ex
969 2862 1073 2930 officio
1089 2884 1149 2929 suo
1163 2862 1416 2952 praeccdentiam

272 2990 346 3035 cum
364 2965 589 3057 jurisdictione
608 2967 744 3052 obtinet,
765 2967 890 3034 etiamsi
910 2966 1052 3035 officium
1069 2967 1171 3058 ipsius
1188 2989 1255 3035 non
1272 2967 1315 3036 sit
1334 2991 1416 3058 per-

272 3081 419 3164 petuum,
436 3073 490 3140 sed
503 3073 545 3140 ad
561 3081 678 3141 nutum
692 3074 883 3142 revocabile.
895 3073 967 3154 Qua
976 3073 1080 3165 posita
1094 3073 1311 3160 distinctione,
1326 3083 1417 3165 patet

272 3180 440 3252 Vicarium
460 3180 643 3269 generalem
663 3203 729 3248 non
744 3203 813 3248 esse
829 3180 1021 3269 dignitatem
1041 3181 1076 3248 in
1092 3180 1194 3272 priori
1209 3203 1319 3268 sensu,
1336 3205 1415 3250 cum

272 3291 315 3358 sit
330 3289 372 3356 ad
387 3295 505 3355 nutum
524 3288 676 3379 Episcopi
687 3287 891 3374 revocabilis,
903 3287 986 3356 hene
1002 3309 1079 3357 vero
1094 3288 1128 3355 in
1141 3287 1324 3378 posteriori,
1336 3311 1415 3356 cum

273 3398 336 3489 ipsi
349 3403 508 3486 competat
517 3394 733 3486 praecedentia
742 3402 774 3462 et
784 3395 979 3485 jurisdictio.
995 3395 1097 3486 Cujus
1108 3393 1322 3462 distinctionis
1337 3417 1414 3486 ope,

273 3505 366 3574 facile
389 3502 430 3571 ad
457 3501 664 3571 concordiam
689 3503 822 3570 reduces
847 3502 939 3570 varia
962 3503 1202 3571 canonistarum
1228 3501 1287 3570 heo
1312 3501 1353 3570 de
1380 3525 1415 3570 re

273 3613 370 3682 diota.

315 3721 450 3788 Certum
469 3725 576 3785 autem
594 3723 642 3784 est
659 3716 791 3786 Vioario
811 3716 955 3807 generali
975 3737 1068 3807 posse
1087 3713 1229 3805 delegari
1248 3737 1363 3783 cauus
1381 3716 1416 3784 in

271 3829 419 3920 partibus
439 3850 459 3894 a
480 3824 563 3894 Sede
581 3824 782 3915 Apostolica3
805 3825 956 3916 quamvis
974 3825 1048 3916 jure
1067 3831 1198 3892 cautum
1217 3824 1261 3890 sit
1283 3831 1321 3891 ut
1340 3824 1416 3891 talis

271 3936 429 4024 delegatio
453 3932 525 4000 fieri
549 3937 699 4022 nequeat,
728 3931 790 3999 nisi
812 3931 960 4022 personis
979 3931 1014 3998 in
1036 3929 1205 4018 dignitate,
1225 3930 1278 3998 vel
1298 3929 1414 3999 saltem

271 4043 366 4136 quasi
381 4039 537 4130 dignitate
553 4037 746 4108 constitutis.

317 4151 357 4218 11.
374 4151 424 4218 An
444 4147 589 4216 Vicorius
606 4146 765 4237 pecoralis
784 4145 1170 4238 quoadprecellontiam,
1191 4145 1341 4236 superior
1356 4145 1415 4212 in-

270 4258 409 4351 feriorve
428 4255 574 4345 capitulo
594 4251 1052 4344 ccoaeudussit?1tespondco
1070 4280 1077 4320 ε
1093 4252 1213 4343 -qui
1232 4275 1296 4320 non
1317 4249 1414 4320 habu
