3046 4968
7 21 293 150 Ψ,

549 465 625 508 rans
649 466 753 510 aaran.
1161 446 1220 510 lld

76 607 163 674 quos
177 583 338 675 delepotcs
355 593 483 671 vocant,
503 584 636 676 plurimi
658 586 790 652 interest
804 605 946 670 noscere,
963 582 1039 676 qnid
1053 585 1109 675 jus
1122 584 1223 652 eccle-

75 691 244 761 siasticum
260 691 300 760 dc
316 691 506 782 hujusmodi
524 691 692 782 judicibus
711 693 868 760 statuerit.

290 1114 357 1177 Quid
371 1116 433 1172 not,
449 1117 474 1163 ct
491 1113 647 1180 quotuplict'e
660 1114 764 1178 speciei,
780 1111 896 1178 delegati
909 1114 1022 1178 judicer.

128 1341 159 1404 1.
181 1365 199 1402 a
216 1337 372 1426 Delegare
387 1338 421 1404 in
438 1351 556 1426 genere
573 1336 654 1406 nihil
669 1336 832 1425 significat
845 1336 946 1421 aliud,
961 1361 1058 1428 quam
1075 1339 1174 1409 alium
1191 1343 1225 1408 in

82 1475 98 1507 a
124 1445 234 1514 locum
259 1467 356 1512 suum
377 1445 584 1528 substituere,
602 1465 657 1512 seu
683 1444 769 1510 vices
793 1466 867 1510 suas
887 1443 992 1512 eidem
1013 1447 1223 1518 committere.

82 1582 99 1616 a
124 1553 168 1621 Et
181 1552 257 1620 hinc
266 1550 375 1642 judeo
396 1549 562 1640 delegatus
583 1551 612 1618 is
634 1550 707 1636 erit,
721 1551 777 1641 qui
794 1573 859 1618 uon
877 1572 1010 1618 munere
1025 1553 1157 1643 proprio
1170 1555 1226 1623 sed

83 1689 98 1724 a
124 1683 170 1726 ex
190 1657 418 1727 commissione
433 1658 495 1746 (vel
518 1658 620 1748 ipsius
637 1656 734 1747 juris,
755 1658 803 1724 vel
827 1657 961 1724 alterius
979 1657 1135 1746 hominis,
1151 1685 1228 1752 pro-

82 1796 98 1829 a
125 1766 235 1858 priam
252 1775 284 1833 ct
304 1764 503 1833 ordinariam
518 1763 779 1855 jurisdictionem
799 1763 961 1855 habentis)
977 1765 1162 1837 immediate
1178 1771 1229 1838 vel

83 1903 99 1936 a
125 1873 268 1941 mediate
286 1873 382 1956 iacta,
400 1872 536 1963 ideoque
558 1871 692 1940 alterius
709 1872 777 1938 vice
792 1881 824 1938 et
844 1871 1051 1958 authoritate,
1073 1872 1230 1964 jurisdic-

83 2011 97 2047 α
124 1982 250 2048 tionem
267 1980 307 2048 ab
328 1981 389 2048 isto
409 1979 586 2048 derivatam
603 1989 634 2048 et
654 1979 836 2047 distinctam
851 1988 1024 2047 exercet.»
1047 1981 1229 2071 (Schmalz-

79 2087 237 2177 garena,
265 2087 297 2154 iu
323 2086 452 2156 titulum
478 2091 532 2172 29,
556 2085 633 2152 libri
652 2089 664 2151 l
685 2085 919 2172 Decretaliurn,
946 2108 979 2154 u.
1010 2090 1053 2178 1.)
1081 2089 1228 2160 «Differt

83 2225 97 2256 a
126 2199 165 2262 1ο
187 2217 207 2260 a
222 2192 337 2283 judice
356 2193 547 2272 ordinatim·
564 2192 641 2283 quia
662 2191 715 2260 hic
735 2191 994 2282 jurisdictionem
1017 2205 1145 2265 exercet
1170 2222 1228 2268 suo

84 2335 97 2366 a
120 2303 215 2394 jure,
239 2301 310 2369 sive
333 2323 374 2368 ex
401 2300 532 2390 proprio
553 2298 663 2390 aliquo
686 2299 792 2368 officio
814 2322 870 2368 seu
894 2301 1102 2390 magistratu3
1130 2309 1163 2372 2⁰
1187 2308 1227 2374 ab

7 2417 8 2420 ’
84 2441 97 2472 a
124 2407 255 2476 arbitro
278 2406 572 2498 compromissario,
589 2415 621 2474 et
642 2429 731 2474 mero
746 2417 934 2488 corrutone·
955 2408 1033 2498 quia
1051 2410 1106 2476 isti
1121 2411 1227 2501 juris·-

8 2517 10 2594 ζ
83 2545 97 2578 ι
123 2515 305 2582 dictionem
325 2537 391 2582 non
412 2512 546 2598 balaeum
570 2513 627 2581 scd
652 2513 706 2581 ille
727 2513 906 2604 simplicem
930 2514 1099 2584 dumtaxat
1120 2541 1226 2588 causa

9 2623 11 2668 ³
83 2653 97 2688 a
123 2623 361 2710 cognitionem,
379 2622 433 2689 hic
449 2643 526 2690 vero
542 2621 669 2689 nudum
685 2621 890 2690 solummodo
906 2622 1140 2710 ministeriunr;
1161 2631 1194 2694 3⁰
1210 2653 1229 2696 a

83 2759 97 2794 a
131 2729 265 2798 Virorio
287 2728 452 2820 generalm-
475 2729 552 2820 quia
576 2728 627 2796 hic
652 2727 913 2819 jurisdictionem
941 2729 1072 2820 quidem
1097 2733 1228 2803 alterins

84 2869 98 2902 a
125 2839 215 2918 vice,
233 2836 378 2904 eamdem
397 2845 503 2903 tamen
522 2858 621 2927 quom
646 2836 846 2904 constituens
863 2835 970 2916 habet,
988 2845 1019 2902 ct
1039 2837 1073 2904 in
1097 2844 1229 2931 proprio

13 2949 15 2990 t
85 2977 98 3008 a
125 2945 233 3034 hujus
247 2943 415 3028 tribunali,
433 2951 606 3012 exercet.»
630 2941 749 3031 (idem,
773 2941 867 3028 ibid„
886 2965 917 3010 u.
939 2943 984 3032 2.)

14 3069 15 3082 *
126 3057 163 3118 2,
185 3051 294 3118 Varias
309 3047 557 3138 distinguuntur
568 3049 789 3138 delegatorum
803 3047 952 3137 judicum
968 3051 1091 3140 species
1106 3079 1113 3118 ε
1131 3055 1162 3122 l⁰
1174 3057 1229 3125 slii

16 3187 18 3230 t
83 3167 165 3228 sunt
188 3155 326 3246 delegati
342 3156 460 3246 ajnre,
476 3155 532 3224 alii
547 3156 589 3222 ab
608 3155 751 3222 homine.
777 3155 926 3245 Delegatr'
939 3179 961 3223 α
980 3157 1059 3246 jure
1076 3159 1123 3228 illi
1139 3172 1228 3250 sunl,

16 3243 20 3358 l
84 3265 210 3357 quibus
226 3284 282 3353 per
298 3263 402 3351 legem
424 3262 564 3353 aliquam
590 3261 758 3352 delegatur
778 3261 980 3353 jurisdictio;
1004 3275 1035 3332 ct
1051 3265 1109 3334 hcc
1135 3270 1231 3340 modo

18 3361 20 3442 Ῑ,
85 3371 245 3465 Episcopi
266 3370 298 3436 in
328 3369 437 3437 multis
458 3370 623 3438 constituti
642 3378 718 3436 sunt
740 3368 834 3436 Sedis
858 3371 1054 3461 Apostolieae
1079 3375 1227 3465 delegati,

19 3477 22 3616 p
84 3477 272 3572 praesertim
287 3499 345 3568 per
360 3475 549 3545 Tridentino
564 3477 701 3544 decreta.
720 3476 809 3544 Licet
823 3486 933 3544 autem
949 3478 1050 3568 alege
1066 3481 1137 3572 ipsa
1152 3492 1229 3552 tunc

84 3582 346 3676 jurisdictionem
373 3581 541 3672 recipiant,
567 3582 680 3650 merito
708 3591 815 3649 tamen
841 3581 994 3651 dicuntur
1019 3584 1172 3677 delegati,
1200 3598 1232 3658 et

88 3715 157 3760 uon
172 3689 350 3776 ordinarii,
364 3689 441 3780 qnia
455 3710 522 3757 non
535 3690 657 3757 ratione
671 3688 778 3776 officii,
797 3689 852 3756 sed
867 3709 925 3780 per
939 3690 1071 3760 modum
1083 3696 1232 3784 specialis

89 3797 329 3866 commissionis
345 3795 378 3862 id
401 3797 565 3887 potcstatis
589 3795 641 3863 lex
663 3795 709 3864 eis
731 3796 855 3863 tribuit.
882 3796 1031 3889 Deleqati
1044 3799 1086 3867 ab
1101 3801 1233 3874 domine

90 3906 138 3974 illi
158 3913 248 3988 sunt,
266 3904 322 3994 qui
338 3902 379 3971 ab
393 3902 502 3994 aliquo
522 3902 631 3994 judice
651 3901 831 3988 ordinario,
850 3913 928 3994 puta
942 3927 962 3971 a
975 3906 1065 3998 Papa
1079 3909 1132 3978 vel
1152 3910 1234 4004 Epi.

92 4033 202 4100 scopo,
217 4009 449 4099 delegationem
466 4010 635 4100 recipiunt.
652 4011 684 4076 2·
697 4009 763 4076 Alii
776 4018 853 4077 suut
867 4010 1005 4100 delegati
1021 4013 1230 4108 universales,

94 4117 147 4184 alii
160 4116 323 4208 spectatos.
341 4115 471 4184 Priores
484 4115 688 4205 delegantur,
704 4117 756 4184 vel
771 4116 811 4186 ad
828 4139 939 4185 omncs
956 4119 1136 4195 universim
1150 4151 1232 4199 can.

96 4247 158 4314 sas,
185 4223 236 4290 vel
255 4223 368 4290 saltem
390 4223 430 4290 ad
454 4245 567 4291 omnes
589 4245 701 4292 causas
721 4225 800 4291 certi
820 4225 960 4314 generis,
982 4234 1133 4320 quamvis
1156 4261 1230 4312 cum
