3056 4972
306 435 369 500 240
679 452 856 501 mersans
877 453 916 502 nu
937 453 1070 504 seorsus.

302 576 463 644 tonsorem
484 573 650 666 acquirere
672 573 797 665 nequit,
818 595 883 642 non
906 581 1009 666 potest
1031 576 1065 644 id
1083 574 1181 645 officii
1200 597 1348 647 recusare
1373 575 1448 646 siue

297 685 383 776 justa
398 703 505 751 causa.
523 681 595 750 lmo
610 687 739 749 tenetur
752 679 914 770 ejusmodi
927 681 1076 752 clientem
1093 683 1195 773 gratis
1210 683 1404 772 defendere,
1418 685 1449 752 si

301 813 365 860 nou
380 790 494 858 babeat
507 787 594 858 unde
608 787 763 856 mariam
776 788 932 857 advocato
943 789 1059 877 solvet,
1076 814 1134 860 nec
1144 791 1274 861 aliunde
1289 814 1348 883 pro
1366 793 1450 861 tali·

300 900 362 969 bus
372 895 534 966 advocatis
545 894 585 963 de
598 893 715 963 salario
727 894 895 985 provisum
906 896 947 964 sit
957 917 999 965 ex
1008 897 1125 967 aerario
1139 897 1278 990 publico.
1290 899 1338 967 lto
1348 899 1447 967 enim
1517 901 1518 962 ἶ

298 1006 456 1098 disposuit
467 1003 522 1095 jus
538 1003 726 1072 Romanum
744 1001 825 1094 (lege
842 1006 937 1073 Hunc
958 1005 1095 1074 titulum
1113 1010 1145 1093 l,
1159 1007 1181 1099 ξ
1195 1007 1250 1076 Ait
1263 1019 1394 1100 prator
1408 1013 1445 1094 l,

298 1110 624 1200 ff.de1²0sualaruo);
640 1131 714 1202 quae
735 1107 902 1200 dispositio
923 1110 958 1178 in
976 1111 1050 1202 jure
1065 1114 1220 1182 canonico
1235 1121 1362 1206 recepta
1378 1123 1447 1201 est,

300 1230 337 1290 ut
356 1228 465 1289 teuent
486 1217 706 1287 communiter
726 1217 966 1287 meristaei
985 1228 1095 1289 eutem
1111 1221 1146 1289 in
1164 1221 1225 1291 boe
1238 1244 1314 1291 casu
1335 1221 1448 1291 advo·

299 1337 388 1398 catus
402 1325 618 1420 patrocinium
634 1331 790 1416 praestare
812 1332 974 1413 renueret,
988 1338 1096 1417 posset
1114 1327 1323 1418 magistratus
1338 1328 1382 1396 ad
1407 1329 1446 1397 id
1517 1369 1518 1388 i

298 1459 376 1506 eum
390 1432 583 1525 compellere
598 1431 659 1500 sub
673 1453 769 1523 poena
782 1431 973 1523 privationis
984 1432 1081 1502 officii
1098 1433 1180 1526 (lege
1190 1434 1446 1504 Providentiam

300 1548 333 1633 7,
349 1540 433 1611 tituli
448 1539 487 1610 de
499 1537 714 1621 Postulaudc,
729 1538 858 1607 Codicis
872 1539 1092 1632 Justiaiauei).

344 1654 375 1718 7.
412 1649 555 1719 Ceteras
586 1647 819 1716 advocatorum
854 1645 1066 1735 obligationes
1097 1649 1292 1719 recensendo
1320 1649 1444 1719 citatus

299 1753 602 1846 Sebmalzgrueber‚
623 1775 676 1821 eas
692 1751 808 1820 fundat
825 1752 925 1822 variis
937 1754 1022 1845 juris
1037 1755 1179 1824 Romani
1203 1755 1363 1844 textibus5
1381 1757 1444 1826 sed

299 1863 478 1934 fundantur
490 1862 589 1931 etiam
601 1859 675 1952 jure
694 1858 849 1948 naturali,
864 1868 901 1928 ut
915 1860 1034 1952 legenti
1050 1861 1144 1932 facile
1159 1863 1296 1955 patebit3
1312 1885 1349 1932 ac
1362 1886 1444 1932 om·

298 1973 376 2042 uiuo
391 1966 559 2040 censenda
575 1974 652 2036 sunt
665 1967 763 2035 etiam
783 1966 819 2034 iu
833 1965 904 2036 foro
918 1969 1131 2038 ecclesiastico
1146 1992 1276 2060 urgere.
1294 1969 1346 2039 En
1359 1970 1442 2039 lau-

298 2079 364 2149 dati
379 2075 518 2147 auctoris
537 2073 637 2145 verba
655 2099 663 2140 ι

344 2212 363 2251 a
378 2185 414 2254 Si
429 2204 560 2252 causam
570 2180 715 2272 aliquam
729 2178 792 2250 sibi
806 2179 1046 2250 defendendam
1058 2183 1246 2276 susceperit,
1263 2181 1352 2251 illius
1364 2205 1441 2252 me-

300 2321 317 2360 a
341 2294 403 2362 rite
420 2290 592 2379 diligenter
613 2287 744 2374 umeri,
768 2295 801 2356 et
823 2287 906 2356 nibil
930 2311 1045 2358 eorum
1071 2289 1165 2359 debet
1188 2290 1340 2359 omittere
1361 2312 1439 2381 quae

301 2427 318 2468 o
340 2421 445 2469 causa
462 2394 672 2466 defendenda
694 2395 841 2484 prolicua
856 2417 925 2464 esse
940 2405 1075 2487 possunt
1089 2397 1172 2488 (lege
1187 2401 1267 2466 Item
1285 2420 1353 2466 uon
1372 2420 1439 2465 no-

300 2535 318 2576 u
340 2529 417 2577 vom
437 2509 488 2593 ll,
504 2501 588 2572 tituli
603 2500 643 2570 de
656 2500 779 2583 lodic„
793 2501 920 2578 Codicis
935 2500 1158 2596 lastinianei).
1175 2505 1266 2573 Alias
1276 2505 1305 2574 si
1315 2504 1438 2597 quovis

300 2644 318 2682 c
342 2615 439 2686 modo
458 2634 517 2705 per
537 2609 668 2700 culpam
688 2631 783 2677 suem
807 2608 859 2677 vel
877 2609 1076 2700 imperitiam
1100 2611 1227 2680 amittat
1251 2635 1383 2680 eausam
1401 2613 1437 2679 in

300 2751 317 2792 c
337 2722 470 2816 judicio,
494 2741 559 2789 nou
582 2717 690 2786 solum
712 2716 821 2784 salarii
842 2715 924 2784 nibil
940 2725 1044 2810 potest
1062 2717 1207 2808 exigere,
1228 2717 1285 2787 sed
1306 2719 1347 2786 nd
1363 2720 1438 2810 ejus

300 2831 437 2900 «etiam
466 2825 553 2919 quod
583 2822 703 2914 accepit
729 2821 967 2891 restitutionem
996 2832 1028 2890 et
1053 2825 1297 2892 resarcitiouem
1324 2826 1437 2893 omnis

297 2964 315 3005 a
338 2935 450 3007 damni
464 2933 552 3027 quod
565 2929 675 2999 clienti
685 2928 761 2996 iude
773 2936 882 2998 ortum
898 2937 958 3014 est,
970 2929 1004 2996 in
1016 2930 1211 2999 conscientia
1222 2931 1399 3020 obligetur.
1416 2959 1434 2998 u

344 3046 413 3113 «ln
432 3040 568 3134 judicio,
592 3037 633 3106 ab
655 3035 787 3127 injuria,
810 3036 951 3127 probris,
973 3037 1128 3107 conviciis
1146 3038 1208 3106 sibi
1231 3046 1434 3130 temperent,
1515 3113 1516 3126 p

299 3150 395 3220 used
415 3150 526 3240 legum
550 3145 596 3233 vi,
618 3165 655 3212 ae
676 3142 840 3211 rationum
864 3144 1052 3230 momentis,
1078 3166 1143 3212 uon
1168 3145 1376 3213 contumeliis
1403 3156 1437 3214 et

298 3287 316 3329 u
337 3255 520 3353 opprobriis
534 3251 710 3321 adversum
728 3271 761 3318 se
775 3256 921 3341 pugnent
935 3250 1018 3341 (lege
1036 3251 1189 3342 Quisquis
1204 3255 1236 3339 6,
1254 3273 1282 3320 e.
1299 3249 1339 3320 de
1350 3254 1436 3320 Pos-

298 3362 536 3453 utulando).u

343 3473 421 3540 alo
441 3467 632 3538 deductione
658 3487 764 3533 causae
789 3462 939 3532 studeant
961 3463 1124 3552 brevitati,
1148 3464 1329 3557 superfluas
1352 3464 1435 3535 alle·
1514 3513 1515 3556 p

297 3608 316 3650 c
338 3579 482 3672 gatioues
505 3579 660 3661 resecent,
677 3571 858 3662 presertim
881 3591 958 3638 vero
979 3571 1081 3640 vitent
1095 3571 1230 3641 irivoles
1245 3580 1277 3640 et
1292 3573 1436 3642 frustra-

298 3715 316 3757 c
339 3688 436 3758 lorias
450 3682 617 3751 dilationes
630 3687 661 3747 et
674 3678 892 3769 exceptiones,
908 3677 1028 3770 quibus
1040 3700 1098 3770 pro
1110 3679 1222 3748 saeeuli
1233 3680 1342 3749 nostri·
1352 3681 1434 3751 vitio

299 3822 316 3864 c
338 3816 444 3864 causer
462 3790 542 3860 adeo
556 3785 802 3879 protrahuntur,
820 3792 856 3854 ut
871 3784 1002 3854 clientes
1016 3786 1108 3876 prius
1126 3786 1167 3854 ad
1187 3787 1433 3856 mendicitatem

298 3931 316 3972 c
338 3926 437 3996 quam
458 3919 564 3968 causae
584 3894 685 3962 finem
705 3893 876 3985 perductos
896 3915 930 3961 se
951 3891 1084 3962 videant
1108 3894 1190 3985 (lege
1216 3895 1370 3986 Qudquis
1386 3897 1434 3964 ci·
1513 3927 1514 3960 ÷

296 4038 313 4078 a
336 4020 418 4097 ἰείη,
434 4017 465 4077 et
479 4007 550 4096 lege
563 3999 816 4094 Propemodum
833 4003 888 4088 13,
905 4023 933 4069 c.
950 3999 989 4068 da
1007 4001 1141 4092 ludia).
1158 4027 1176 4068 u

340 4119 409 4185 ula
427 4113 611 4184 defensione
625 4130 731 4178 cause
746 4107 872 4176 nullam
893 4106 1000 4197 legem
1025 4108 1141 4177 falsam
1157 4108 1359 4200 allegabunt,
1379 4112 1434 4182 vel

296 4254 314 4296 a
335 4245 484 4322 perverse
504 4217 813 4310 interpretabuntur,
832 4237 890 4284 nce
905 4215 1084 4306 producent
1100 4216 1181 4286 falsa
1194 4217 1430 4310 instrumenta,
