3032 4976
309 464 372 529 260
683 485 856 530 rasurarus
878 485 916 530 na
938 484 1070 530 Junrcus.

309 603 400 674 verbi
429 604 547 695 gratia,
576 603 745 674 mulierem
776 629 869 697 posse
902 605 1137 674 arbitratriccm
1175 604 1326 673 constitui
1358 603 1431 694 (ride

308 709 608 800 Schmclzgrueber,
625 712 720 779 citato
742 710 824 797 loco,
841 735 874 778 n.
895 714 962 801 1³),
980 719 1012 780 et
1032 710 1155 802 pariter
1169 720 1218 778 est
1242 710 1433 777 communior

306 817 392 908 apud
407 816 552 886 doctores
566 819 736 904 sententia,
753 840 846 909 posse
867 816 989 887 laicum
1014 817 1048 885 in
1067 839 1163 886 cansa
1183 815 1344 908 spirituali
1358 815 1435 883 arbi·

305 933 457 994 tratorem
472 949 581 1016 agere,
597 924 748 1018 quamvis
762 927 884 996 arbiter
899 949 969 994 esse
984 933 1134 1019 nequeat.

349 1033 403 1100 An
429 1040 536 1102 autem
562 1032 728 1122 legitimus
756 1032 877 1102 arbiter
904 1031 1084 1102 censendus
1105 1033 1148 1101 sit
1173 1031 1239 1119 ille,
1260 1053 1358 1122 quem
1383 1029 1438 1096 sibi

304 1138 661 1208 substituisset'arbiter
680 1140 998 1232 compromissarius,
1014 1139 1201 1230 negandum
1223 1139 1353 1206 videtur
1371 1159 1438 1206 eum

304 1243 595 1334 Schmelrgrucber
610 1244 656 1334 (iu
675 1246 726 1313 tit.
745 1249 800 1330 43,
816 1245 873 1314 lib.
894 1249 909 1312 1
928 1245 1069 1334 Decret,
1088 1268 1121 1313 n.
1142 1244 1209 1334 19);
1227 1244 1304 1336 quia
1325 1253 1437 1334 partes,

304 1351 367 1418 nisi
381 1351 474 1420 aliter
487 1352 685 1443 exprimant,
702 1360 876 1421 censentur
889 1353 1088 1422 consensisse
1111 1351 1145 1419 in
1165 1373 1239 1420 eum
1261 1372 1360 1442 quem
1376 1350 1439 1418 elc-

303 1467 434 1547 gerunt,
451 1479 517 1526 non
533 1457 567 1526 in
583 1457 699 1527 alium.

348 1563 509 1632 Secundo.
531 1564 672 1647 Quinam
700 1564 762 1634 sibi
786 1564 925 1635 arbitros
950 1567 1145 1636 constituere
1167 1564 1304 1658 possint.
1321 1601 1367 1616 -
1390 1563 1440 1631 Est

304 1671 418 1760 regula
433 1671 593 1762 generalis
613 1695 668 1740 eos
690 1695 804 1740 omnes
829 1696 922 1764 posse
948 1696 1078 1742 causam
1100 1695 1192 1742 suam
1216 1670 1348 1740 arbitris
1364 1670 1440 1738 diri-

303 1777 455 1846 mendam
482 1779 697 1867 committere,
722 1779 779 1872 qui
806 1801 917 1848 rerum
944 1802 1079 1848 suarum
1106 1781 1151 1847 ita
1174 1779 1312 1847 hberam
1338 1776 1439 1846 admi·

303 1885 525 1954 nistrationem
542 1885 672 1968 hahent,
690 1895 728 1954 ut
741 1885 839 1955 etiam
855 1887 998 1955 alienare
1013 1909 1067 1955 eas
1082 1887 1218 1978 possint.
1237 1885 1330 1953 Hanc
1343 1907 1440 1972 regu-

303 1991 367 2059 lam
383 1992 547 2060 deducunt
561 1993 778 2062 communiter
793 1993 939 2062 doctores
955 2017 996 2062 ex
1012 1994 1116 2085 capite
1135 1996 1218 2064 Cum
1238 2005 1382 2084 tempore
1399 1992 1437 2080 (5,

303 2098 388 2166 tituli
413 2102 467 2186 43,
483 2099 560 2167 libri
583 2103 596 2165 t
622 2099 863 2192 Decretalinm).
882 2101 978 2169 Ratio
1003 2110 1062 2190 cst,
1079 2101 1156 2194 quia
1177 2099 1438 2191 compromissum

302 2207 343 2276 ad
358 2206 584 2276 alienationem
601 2207 747 2296 deducit;
766 2208 925 2301 undequi
947 2210 1089 2278 alienare
1110 2208 1235 2300 nequit,
1254 2229 1312 2275 nec
1329 2204 1439 2274 habilis

302 2314 343 2383 ad
364 2315 693 2406 compromittentium
714 2315 893 2384 censendus
917 2325 975 2384 est.
995 2317 1044 2384 Er
1071 2335 1206 2383 cavero
1225 2312 1369 2404 generali
1392 2333 1439 2378 re-

303 2423 391 2511 gula,
408 2421 532 2491 exclusi
546 2446 565 2491 a
586 2430 741 2514 potestate
758 2422 901 2493 ‘arbitros
920 2423 983 2491 sihi
1007 2421 1223 2492 constituendi
1240 2421 1439 2513 reperiuntur

303 2537 499 2621 sequentes:

347 2635 496 2726 Pupillus
516 2636 586 2703 sine
607 2637 802 2705 authoritate
824 2638 962 2706 tutoris:
981 2637 1087 2705 minor
1102 2645 1286 2704 curatorem
1310 2634 1436 2718 habens,

304 2743 373 2810 'sine
389 2741 582 2811 authoritate
603 2743 764 2811 curatoris
778 2753 811 2811 et
822 2743 941 2834 judicis
963 2743 1102 2830 decreto,
1119 2744 1146 2810 si
1162 2753 1278 2832 agatur
1295 2741 1334 2810 de
1350 2741 1439 2809 rebus

303 2849 540 2937 immobilibus,
557 2861 613 2918 aut
626 2873 701 2940 quae
716 2848 768 2917 his
783 2851 1045 2941 aequiparantur:
1060 2850 1203 2918 furiosus
1218 2858 1250 2918 et
1265 2848 1436 2940 prodigus:

305 2957 441 3026 immina
456 2957 490 3024 in
511 2957 605 3025 certis
626 2957 753 3026 casibus
770 2985 777 3024 :
795 2958 884 3025 filius
905 2957 1057 3044 familias,
1076 2958 1140 3026 nisi
1159 2966 1277 3048 agatur
1295 2957 1336 3025 de
1354 2953 1439 3024 bonis

306 3063 521 3132 castrensibus
541 3063 593 3133 vel
613 3064 703 3154 quasi
732 3064 949 3133 castrensibus
973 3087 1112 3156 quorum
1137 3064 1439 3156 independentema

306 3177 396 3258 patre
415 3169 728 3238 administrationem
754 3168 849 3238 habet
867 3198 873 3237 :
892 3179 1015 3238 tutores
1033 3182 1065 3238 et
1082 3181 1246 3239 curatores
1266 3169 1373 3261 quoad
1394 3188 1439 3234 res

305 3299 388 3366 quas
407 3277 476 3344 sine
494 3276 751 3345 solemnitatibus
766 3277 905 3346 alienare
925 3287 1115 3369 nequeunt:
1134 3288 1325 3368 procurator
1339 3278 1372 3344 in
1386 3295 1439 3342 ne-

306 3383 395 3473 gotio
423 3382 484 3450 sibi
511 3384 693 3466 commisso,
719 3383 781 3451 nisi
811 3385 844 3451 in
872 3384 1023 3452 mandato
1059 3384 1229 3476 specialem
1264 3385 1440 3452 facultatem

306 3489 421 3558 habeat
446 3489 715 3581 compromissum
735 3490 873 3558 faciendi
892 3517 899 3556 :
918 3491 1101 3580 religiosus,
1121 3491 1216 3560 etiem
1238 3491 1440 3566 administra·

306 3597 427 3664 tionem
454 3595 588 3681 habeus,
609 3595 678 3662 sine
701 3595 832 3664 licentia
852 3596 1084 3685 superiorum:
1107 3595 1268 3688 parochus
1290 3597 1342 3665 vel
1363 3595 1440 3663 alius

307 3699 526 3787 beneficiatus,
542 3701 612 3767 sine
635 3723 793 3768 consensu
818 3701 981 3793 Episcopi,
998 3703 1032 3769 in
1047 3701 1275 3793 prejudicium
1295 3700 1439 3770 Ecclesia

309 3807 360 3875 vel
376 3805 524 3876 beneficii
541 3807 602 3874 sui.
620 3805 700 3888 Quae
714 3808 929 3897 exclusiones,
946 3809 1066 3900 quibus
1085 3811 1231 3878 canonici
1249 3810 1299 3878 vel
1321 3807 1441 3878 romani

305 3913 390 4002 juris
415 3913 556 3980 textibus
581 3912 770 4001 fulciantur,
792 3913 896 3982 videri
922 3924 1027 4007 potest
1055 3917 1140 4008 apud
1167 3919 1362 4003 canonistas,
1388 3913 1441 3982 ubi

308 4017 438 4085 titulum
456 4023 509 4106 43,
528 4018 602 4086 libri
621 4023 634 4087 1
655 4018 885 4108 Decrctnlium,
903 4025 1143 4092 commentariis
1159 4025 1333 4093 illustrant.

352 4123 506 4214 Specialis
534 4123 701 4193 intercedit
730 4124 904 4196 difficultas
934 4129 1040 4220 quoad
1079 4132 1256 4200 Praelatum
1286 4133 1320 4201 in
1350 4154 1441 4198 carisa

309 4229 458 4299 Ecclesia
487 4255 567 4299 suae.
596 4233 703 4299 Potest
730 4233 861 4323 quidem
891 4238 1159 4328 compromissum
1190 4240 1294 4308 lacere
1326 4239 1441 4330 absque
