3032 4976
276 411 343 478 272
651 428 826 478 macrsrus
847 431 886 477 nn
909 431 1042 478 runicus.

276 558 470 644 perseveret,
492 550 697 620 domicilium
714 575 779 620 non
793 551 914 621 amittit
923 579 933 639 ;
951 553 1028 644 quia
1043 573 1161 642 nempe
1175 551 1235 622 hoc
1251 550 1349 622 modo
1371 550 1431 619 in-

277 658 433 748 telligitur
448 658 483 725 in
495 680 533 726 ea
548 657 684 726 materia
699 658 905 726 habitationis
919 660 1115 750 perpetuitas
1129 681 1186 728 seu
1202 659 1379 727 stabilitas.

323 763 417 833 Unde
436 787 513 832 cum
533 766 568 833 in
587 765 648 833 hae
668 787 703 834 re
718 764 773 856 jus
787 765 977 834 Romanum
993 765 1136 834 Ecclesia
1156 775 1323 857 sequatur,
1340 789 1432 834 con-

278 871 478 941 cludendum
493 879 553 960 est,
567 871 691 962 dejure
705 872 858 941 senonim
873 871 914 940 ad
930 872 1189 964 comparandum
1206 873 1337 964 proprie
1350 872 1433 940 dic-

279 987 351 1047 tum
371 977 579 1048 domicilium
603 979 729 1069 requiri
751 987 782 1046 et
804 977 963 1066 sufficere,
984 979 1148 1071 inceptam
1172 978 1429 1064 habitationem,

278 1107 355 1154 cum
370 1085 535 1177 proposito
549 1084 705 1153 stabiliter
716 1085 761 1153 ihi
776 1084 1003 1177 permanendi,
1017 1087 1080 1154 nisi
1097 1085 1178 1176 quid
1192 1094 1313 1155 avocat.

326 1193 443 1274 Tertio,
467 1191 639 1260 difficultas
664 1191 782 1279 oritur,
805 1192 936 1283 quando
956 1215 1023 1262 nou
1046 1201 1183 1281 constat,
1208 1201 1322 1262 utrum
1346 1193 1433 1283 quis

277 1298 398 1367 alicubi
411 1299 554 1368 existens
568 1298 718 1368 habuerit
733 1321 832 1367 necne
850 1301 1001 1368 animum
1017 1301 1141 1369 ibidem
1155 1301 1311 1370 stabiliter
1325 1324 1433 1370 com-

280 1405 442 1475 morandi.
466 1407 559 1475 Tunc
574 1429 692 1498 nempe
705 1407 867 1498 quaeritur
882 1407 970 1476 unde
983 1407 1095 1498 colligi
1118 1431 1176 1478 seu
1190 1409 1351 1500 praesumi
1365 1407 1433 1476 de-

277 1511 352 1581 beat
372 1513 468 1583 hocce
491 1514 594 1604 ipsius
612 1513 829 1605 propositum,
850 1537 950 1606 aquo
972 1515 1091 1606 pendet
1108 1515 1265 1584 domicilii
1287 1515 1428 1586 veritas.

283 1645 300 1686 c
323 1620 438 1712 Aliqui
449 1621 620 1713 requirunt
632 1620 840 1709 decennium,
853 1621 895 1690 oh
908 1629 1036 1690 textum
1051 1622 1133 1712 legis
1148 1623 1215 1696 Nec
1228 1622 1293 1713 ipsi
1308 1623 1354 1712 (2,
1368 1646 1433 1691 co-

285 1753 302 1793 c
325 1727 416 1818 dicis,
434 1729 474 1798 dc
493 1729 635 1819 recolo).
660 1728 724 1798 Sed
743 1729 803 1798 hoc
819 1730 1048 1799 universaliter
1063 1753 1180 1800 verum
1198 1753 1266 1800 esse
1281 1753 1350 1800 non
1367 1755 1432 1822 po-

285 1862 302 1901 c
325 1845 396 1904 test.
418 1836 504 1906 Nam
529 1840 574 1923 1⁰,
591 1836 618 1904 si
633 1836 710 1929 quis
728 1836 762 1904 in
778 1836 987 1906 habitationis
1002 1837 1113 1908 locum
1129 1846 1231 1906 totam
1246 1837 1430 1924 familiam,

284 1963 501 2035 «rerumque
524 1950 555 2010 et
579 1943 786 2011 fortunarum
809 1965 945 2011 suarum
967 1967 1136 2013 summam
1159 1943 1383 2030 transtulerit;
1400 1943 1433 2011 si

285 2049 481 2118 «beneficio
519 2050 742 2137 ecclesiastico,
783 2051 987 2143 personalem
1023 2049 1232 2120 residentiam
1266 2050 1431 2140 exigenti,

286 2180 305 2222 u
327 2155 490 2224 deservire
505 2155 652 2246 coeperit3
670 2155 698 2222 si
717 2155 789 2224 aliae
809 2154 1004 2247 conjecturas
1026 2164 1234 2238 concurrant,
1257 2179 1332 2248 quae
1352 2157 1436 2223 ani-

289 2286 307 2328 c
330 2283 424 2330 mum
447 2260 569 2352 figendi
590 2261 794 2330 domicilium
816 2262 893 2330 satis
916 2261 1092 2351 declarant,
1116 2261 1324 2332 domicilium
1345 2285 1435 2330 eon-

290 2395 308 2434 a
333 2381 486 2455 tractum,
504 2367 658 2436 etiamen
674 2367 871 2437 habitatione
888 2368 1044 2460 temporis
1059 2369 1235 2454 brevioris,
1249 2370 1436 2460 praesumi-

290 2509 308 2548 u
331 2493 396 2551 tur.
419 2479 539 2548 Contra
558 2483 668 2543 autem
694 2477 739 2562 1⁰,
760 2497 865 2566 neque
889 2497 930 2542 ex
956 2474 1153 2544 habitatione
1175 2497 1250 2566 quae
1272 2473 1436 2542 decennio

289 2617 308 2658 a
330 2585 516 2658 diuturnior
530 2581 630 2652 luerit
644 2579 849 2650 domicilium
865 2582 1080 2651 constitutum
1096 2589 1181 2650 recte
1198 2581 1433 2677 presumitur,

290 2723 308 2764 c
329 2697 357 2765 si
368 2691 573 2763 habitationis
584 2712 680 2757 causa
693 2695 901 2780 temporanea
913 2689 1021 2758 solum
1033 2688 1144 2775 luerit,
1156 2688 1299 2779 exempli
1308 2689 1433 2778 gratia,

290 2830 308 2872 c
331 2802 527 2886 studiorum,
543 2795 732 2884 famulatus,
746 2796 882 2884 negotii,
897 2795 950 2864 vel
965 2795 1168 2888 praelecturae
1180 2795 1287 2864 solum
1299 2803 1435 2886 tempo-

290 2936 309 2978 α
331 2931 479 2978 ranem...
494 2904 544 2972 Ex
559 2926 625 2995 quo
641 2910 740 2994 patet,
756 2903 791 2970 in
807 2901 866 2969 hnc
882 2925 918 2970 re
931 2902 1113 2994 plurimum
1130 2901 1344 2970 tribuendum
1358 2923 1434 2970 esse

290 3045 308 3086 a
330 3015 512 3108 prudentia
528 3020 559 3079 et
574 3009 711 3078 arbitrio
728 3008 863 3100 judicis3
879 3009 937 3101 qui
959 3008 1094 3100 proinde
1118 3018 1155 3077 ut
1171 3015 1255 3077 recte
1277 3010 1358 3077 ferat
1371 3009 1434 3100 ju-

290 3153 307 3194 a
331 3126 466 3210 dicium,
497 3127 644 3190 accurate
671 3117 876 3188 considerare
903 3117 1032 3186 debebit
1061 3117 1321 3187 circumstantias
1349 3117 1430 3200 loci,

290 3260 309 3300 a
330 3251 558 3324 personarum,
579 3237 611 3296 et
627 3226 678 3295 vel
694 3227 839 3294 maxime
857 3247 1030 3293 causarum
1046 3224 1263 3294 diuturnioris
1278 3247 1434 3292 commo-

292 3368 310 3408 «
333 3338 464 3409 rationis
479 3336 514 3404 in
528 3335 610 3402 loco.
629 3359 645 3398 r
665 3331 971 3422 Schmalzgrueber,
986 3333 1020 3399 in
1035 3333 1085 3400 tit.
1103 3335 1136 3420 2,
1153 3331 1229 3400 libri
1248 3335 1268 3398 2
1285 3330 1430 3415 Deerat„

287 3473 322 3518 n.
357 3445 424 3536 11.)
452 3443 631 3512 Enumerat
659 3447 770 3532 postea
798 3439 920 3508 ibidem
951 3441 1067 3508 citatus
1102 3448 1215 3508 auctor
1246 3437 1432 3530 praecipuas

286 3549 558 3636 circumstantias,
584 3569 625 3615 ex
655 3547 774 3638 quibus
804 3548 921 3615 merito
952 3546 1110 3637 praesumi
1140 3546 1240 3636 possit
1269 3545 1432 3614 stabiliter

287 3656 512 3733 commorandi
532 3655 673 3723 animus.

335 3770 473 3850 Quarto,
501 3789 519 3826 u
543 3767 646 3852 potest
669 3759 743 3852 quis
767 3759 801 3826 in
826 3759 954 3828 duobus
976 3760 1028 3830 vel
1053 3761 1203 3853 pluribus
1226 3759 1305 3828 locis
1330 3759 1430 3827 simul

293 3903 311 3942 u
332 3875 452 3942 habere
474 3866 692 3954 domicilium,
707 3865 746 3934 ad
764 3889 841 3936 eum
864 3867 1016 3936 effectum
1038 3878 1072 3936 ut
1091 3867 1264 3959 utrobique
1280 3865 1430 3934 subditus

294 4012 312 4053 c
334 3990 501 4051 censeatur
515 3986 547 4046 ct
562 3975 729 4045 conveniri
751 3977 852 4066 possit
870 3978 951 4067 tlege
974 3976 1081 4045 Labeo
1105 3981 1136 4062 5,
1159 3984 1190 4043 et
1208 3977 1279 4064 lege
1298 3978 1430 4042 Assum—
1503 4015 1504 4038 t

295 4119 312 4156 u
335 4090 380 4157 tio
398 4091 429 4175 6,
445 4086 481 4154 ff.
496 4084 546 4154 Ad
560 4081 730 4174 municip.)
753 4110 761 4150 ι
778 4082 889 4152 Veluti
905 4083 932 4150 si
948 4085 982 4150 in
1000 4083 1129 4152 duobus
1146 4091 1204 4152 aut
1217 4079 1367 4174 pluribus
1380 4081 1429 4148 lo·

295 4224 313 4264 u
335 4197 383 4264 cis
395 4217 486 4285 aeque
498 4193 674 4261 instructus
685 4190 728 4258 sit
744 4189 785 4258 ad
800 4190 1026 4278 habitandum,
1039 4214 1097 4260 nec
1109 4191 1220 4268 miuus
1233 4188 1270 4256 iu
1282 4209 1348 4256 uno
1359 4188 1429 4256 loco
