<?xml version="1.0" encoding="UTF-8"?>
<!DOCTYPE html PUBLIC "-//W3C//DTD XHTML 1.0 Transitional//EN"
    "http://www.w3.org/TR/xhtml1/DTD/xhtml1-transitional.dtd">
<html xmlns="http://www.w3.org/1999/xhtml" xml:lang="en" lang="en">
 <head>
  <title>
</title>
<meta http-equiv="Content-Type" content="text/html;charset=utf-8" />
  <meta name='ocr-system' content='tesseract 3.04.00' />
  <meta name='ocr-capabilities' content='ocr_page ocr_carea ocr_par ocr_line ocrx_word'/>
</head>
<body>
  <div class='ocr_page' id='page_1' title='image "./tractatusdejudi01goog_0203.png"; bbox 0 0 3056 4972; ppageno 0'>
   <div class='ocr_carea' id='block_1_1' title="bbox 310 445 1070 512">
    <p class='ocr_par' dir='ltr' id='par_1_1' title="bbox 310 445 1070 512">
     <span class='ocr_line' id='line_1_1' title="bbox 310 445 1070 512; baseline 0 -2"><span class='ocrx_word' id='word_1_1' title='bbox 310 445 371 510; x_wconf 82' lang='grc'><strong><em>112</em></strong></span> <span class='ocrx_word' id='word_1_2' title='bbox 679 463 856 510; x_wconf 82' lang='grc'><strong>1111111111</strong></span> <span class='ocrx_word' id='word_1_3' title='bbox 878 465 916 510; x_wconf 85' lang='lat' dir='ltr'><strong><em>nn</em></strong></span> <span class='ocrx_word' id='word_1_4' title='bbox 938 464 1070 512; x_wconf 80' lang='lat' dir='ltr'><strong><em>runicus.</em></strong></span> 
     </span>
    </p>
   </div>
   <div class='ocr_carea' id='block_1_2' title="bbox 293 583 1447 3784">
    <p class='ocr_par' dir='ltr' id='par_1_2' title="bbox 303 583 1440 785">
     <span class='ocr_line' id='line_1_2' title="bbox 303 583 1440 678; baseline 0 -26"><span class='ocrx_word' id='word_1_5' title='bbox 303 607 422 678; x_wconf 83' lang='lat' dir='ltr'><strong><em>presse,</em></strong></span> <span class='ocrx_word' id='word_1_6' title='bbox 446 583 492 654; x_wconf 85' lang='lat' dir='ltr'><strong><em>od</em></strong></span> <span class='ocrx_word' id='word_1_7' title='bbox 511 583 724 652; x_wconf 74' lang='lat' dir='ltr'><strong><em>coercendum</em></strong></span> <span class='ocrx_word' id='word_1_8' title='bbox 741 585 988 676; x_wconf 79' lang='lat' dir='ltr'><strong><em>procurationis</em></strong></span> <span class='ocrx_word' id='word_1_9' title='bbox 1009 585 1152 678; x_wconf 81' lang='lat' dir='ltr'><strong><em>officium</em></strong></span> <span class='ocrx_word' id='word_1_10' title='bbox 1176 585 1311 656; x_wconf 84' lang='lat' dir='ltr'><strong><em>idoneus</em></strong></span> <span class='ocrx_word' id='word_1_11' title='bbox 1335 585 1440 655; x_wconf 84' lang='lat' dir='ltr'><strong><em>debeat</em></strong></span> 
     </span>
     <span class='ocr_line' id='line_1_3' title="bbox 306 691 1335 785; baseline 0.003 -26"><span class='ocrx_word' id='word_1_12' title='bbox 306 693 457 784; x_wconf 86' lang='lat' dir='ltr'><strong><em>reputari</em></strong></span> <span class='ocrx_word' id='word_1_13' title='bbox 471 693 585 784; x_wconf 85' lang='lat' dir='ltr'><strong><em>(capite</em></strong></span> <span class='ocrx_word' id='word_1_14' title='bbox 601 693 676 762; x_wconf 89' lang='lat' dir='ltr'><strong><em>Non</em></strong></span> <span class='ocrx_word' id='word_1_15' title='bbox 691 691 861 761; x_wconf 80' lang='lat' dir='ltr'><strong><em>indiscrete</em></strong></span> <span class='ocrx_word' id='word_1_16' title='bbox 876 697 888 760; x_wconf 93' lang='grc'><strong><em>1</em></strong></span> <span class='ocrx_word' id='word_1_17' title='bbox 897 745 906 780; x_wconf 91' lang='grc'><strong>,</strong></span> <span class='ocrx_word' id='word_1_18' title='bbox 925 693 1011 762; x_wconf 88' lang='lat' dir='ltr'><strong><em>tituli</em></strong></span> <span class='ocrx_word' id='word_1_19' title='bbox 1028 697 1082 781; x_wconf 86' lang='grc'><strong><em>19,</em></strong></span> <span class='ocrx_word' id='word_1_20' title='bbox 1097 693 1173 762; x_wconf 86' lang='lat' dir='ltr'>libri</span> <span class='ocrx_word' id='word_1_21' title='bbox 1191 695 1222 782; x_wconf 87' lang='lat'><strong><em>1,</em></strong></span> <span class='ocrx_word' id='word_1_22' title='bbox 1239 694 1273 762; x_wconf 92' lang='lat' dir='ltr'><strong><em>in</em></strong></span> <span class='ocrx_word' id='word_1_23' title='bbox 1290 695 1335 785; x_wconf 80' lang='lat'><strong><em>6).</em></strong></span> 
     </span>
    </p>

    <p class='ocr_par' dir='ltr' id='par_1_3' title="bbox 303 799 1512 1214">
     <span class='ocr_line' id='line_1_4' title="bbox 351 799 1440 892; baseline -0.005 -24"><span class='ocrx_word' id='word_1_24' title='bbox 351 806 383 868; x_wconf 88' lang='lat'><strong><em>1·</em></strong></span> <span class='ocrx_word' id='word_1_25' title='bbox 399 801 429 868; x_wconf 85' lang='grc' dir='ltr'><strong>Α</strong></span> <span class='ocrx_word' id='word_1_26' title='bbox 441 800 515 891; x_wconf 85' lang='lat' dir='ltr'><strong><em>jure</em></strong></span> <span class='ocrx_word' id='word_1_27' title='bbox 531 799 686 868; x_wconf 88' lang='lat' dir='ltr'><strong><em>canonico</em></strong></span> <span class='ocrx_word' id='word_1_28' title='bbox 700 799 915 890; x_wconf 86' lang='lat' dir='ltr'><strong><em>prohibentur</em></strong></span> <span class='ocrx_word' id='word_1_29' title='bbox 930 822 997 868; x_wconf 86' lang='lat' dir='ltr'><strong><em>esse</em></strong></span> <span class='ocrx_word' id='word_1_30' title='bbox 1012 811 1238 892; x_wconf 79' lang='lat' dir='ltr'><strong><em>procuratores</em></strong></span> <span class='ocrx_word' id='word_1_31' title='bbox 1257 823 1440 870; x_wconf 87' lang='lat' dir='ltr'><strong><em>excommu-</em></strong></span> 
     </span>
     <span class='ocr_line' id='line_1_5' title="bbox 304 906 1442 1000; baseline -0.003 -24"><span class='ocrx_word' id='word_1_32' title='bbox 304 906 402 978; x_wconf 89' lang='lat' dir='ltr'><strong><em>nicati</em></strong></span> <span class='ocrx_word' id='word_1_33' title='bbox 426 906 759 976; x_wconf 81' lang='lat' dir='ltr'><strong><em>excommunicatione</em></strong></span> <span class='ocrx_word' id='word_1_34' title='bbox 778 906 905 998; x_wconf 83' lang='lat' dir='ltr'><strong><em>majori.</em></strong></span> <span class='ocrx_word' id='word_1_35' title='bbox 930 907 1013 976; x_wconf 89' lang='lat' dir='ltr'><strong><em>Nam</em></strong></span> <span class='ocrx_word' id='word_1_36' title='bbox 1035 931 1075 976; x_wconf 85' lang='lat' dir='ltr'><strong><em>ex</em></strong></span> <span class='ocrx_word' id='word_1_37' title='bbox 1096 908 1202 1000; x_wconf 88' lang='lat' dir='ltr'><strong><em>capite</em></strong></span> <span class='ocrx_word' id='word_1_38' title='bbox 1225 907 1442 976; x_wconf 74' lang='lat' dir='ltr'><strong><em>Intelleximrc</em></strong></span> 
     </span>
     <span class='ocr_line' id='line_1_6' title="bbox 308 1012 1442 1106; baseline 0 -25"><span class='ocrx_word' id='word_1_39' title='bbox 308 1015 353 1102; x_wconf 82' lang='lat'><strong><em>(7,</em></strong></span> <span class='ocrx_word' id='word_1_40' title='bbox 371 1015 456 1082; x_wconf 90' lang='lat' dir='ltr'><strong><em>tituli</em></strong></span> <span class='ocrx_word' id='word_1_41' title='bbox 475 1018 506 1100; x_wconf 89' lang='lat'><strong><em>1,</em></strong></span> <span class='ocrx_word' id='word_1_42' title='bbox 523 1014 597 1082; x_wconf 86' lang='lat' dir='ltr'>libri</span> <span class='ocrx_word' id='word_1_43' title='bbox 615 1017 633 1080; x_wconf 85' lang='lat'>2</span> <span class='ocrx_word' id='word_1_44' title='bbox 657 1012 899 1104; x_wconf 85' lang='lat' dir='ltr'><strong><em>Decretalium),</em></strong></span> <span class='ocrx_word' id='word_1_45' title='bbox 919 1023 1029 1106; x_wconf 86' lang='lat' dir='ltr'><strong><em>aperte</em></strong></span> <span class='ocrx_word' id='word_1_46' title='bbox 1045 1015 1195 1106; x_wconf 87' lang='lat' dir='ltr'><strong><em>sequitur</em></strong></span> <span class='ocrx_word' id='word_1_47' title='bbox 1216 1015 1343 1084; x_wconf 90' lang='lat' dir='ltr'><strong><em>nullum</em></strong></span> <span class='ocrx_word' id='word_1_48' title='bbox 1360 1015 1442 1105; x_wconf 84' lang='lat' dir='ltr'><strong><em>ejus·</em></strong></span> 
     </span>
     <span class='ocr_line' id='line_1_7' title="bbox 303 1119 1355 1214; baseline -0.001 -25"><span class='ocrx_word' id='word_1_49' title='bbox 303 1121 391 1190; x_wconf 89' lang='lat' dir='ltr'><strong><em>modi</em></strong></span> <span class='ocrx_word' id='word_1_50' title='bbox 405 1121 722 1190; x_wconf 86' lang='lat' dir='ltr'><strong><em>excommunicatum</em></strong></span> <span class='ocrx_word' id='word_1_51' title='bbox 739 1129 823 1190; x_wconf 87' lang='lat' dir='ltr'><strong><em>stare</em></strong></span> <span class='ocrx_word' id='word_1_52' title='bbox 838 1119 1007 1211; x_wconf 87' lang='lat' dir='ltr'><strong><em>injudicio</em></strong></span> <span class='ocrx_word' id='word_1_53' title='bbox 1022 1142 1081 1214; x_wconf 88' lang='lat' dir='ltr'><strong><em>per</em></strong></span> <span class='ocrx_word' id='word_1_54' title='bbox 1096 1121 1239 1212; x_wconf 89' lang='lat' dir='ltr'><strong><em>seipsum</em></strong></span> <span class='ocrx_word' id='word_1_55' title='bbox 1250 1144 1355 1213; x_wconf 88' lang='lat' dir='ltr'><strong><em>posse.</em></strong></span> 
     </span>
    </p>

    <p class='ocr_par' dir='ltr' id='par_1_4' title="bbox 302 1227 1443 1747">
     <span class='ocr_line' id='line_1_8' title="bbox 348 1227 1442 1319; baseline -0.002 -22"><span class='ocrx_word' id='word_1_56' title='bbox 348 1233 382 1297; x_wconf 82' lang='lat'><strong><em>2⁰</em></strong></span> <span class='ocrx_word' id='word_1_57' title='bbox 407 1230 603 1298; x_wconf 82' lang='lat' dir='ltr'><strong><em>Procurator</em></strong></span> <span class='ocrx_word' id='word_1_58' title='bbox 625 1227 789 1319; x_wconf 83' lang='lat' dir='ltr'><strong><em>judicialis</em></strong></span> <span class='ocrx_word' id='word_1_59' title='bbox 810 1249 878 1295; x_wconf 87' lang='lat' dir='ltr'><strong><em>esse</em></strong></span> <span class='ocrx_word' id='word_1_60' title='bbox 894 1229 1008 1318; x_wconf 89' lang='lat' dir='ltr'><strong><em>nequit</em></strong></span> <span class='ocrx_word' id='word_1_61' title='bbox 1028 1228 1136 1297; x_wconf 91' lang='lat' dir='ltr'><strong><em>minor</em></strong></span> <span class='ocrx_word' id='word_1_62' title='bbox 1157 1233 1198 1296; x_wconf 81' lang='lat'><strong><em>25</em></strong></span> <span class='ocrx_word' id='word_1_63' title='bbox 1218 1229 1313 1298; x_wconf 89' lang='lat' dir='ltr'><strong><em>annis</em></strong></span> <span class='ocrx_word' id='word_1_64' title='bbox 1332 1228 1442 1296; x_wconf 88' lang='lat' dir='ltr'><strong><em>:Licet</em></strong></span> 
     </span>
     <span class='ocr_line' id='line_1_9' title="bbox 302 1334 1443 1428; baseline -0.003 -24"><span class='ocrx_word' id='word_1_65' title='bbox 302 1349 415 1405; x_wconf 87' lang='lat' dir='ltr'><strong><em>autern</em></strong></span> <span class='ocrx_word' id='word_1_66' title='bbox 438 1335 510 1428; x_wconf 82' lang='lat' dir='ltr'><strong><em>quis</em></strong></span> <span class='ocrx_word' id='word_1_67' title='bbox 528 1347 603 1428; x_wconf 84' lang='lat' dir='ltr'><strong><em>post</em></strong></span> <span class='ocrx_word' id='word_1_68' title='bbox 635 1337 732 1404; x_wconf 87' lang='lat' dir='ltr'><em>XVII</em></span> <span class='ocrx_word' id='word_1_69' title='bbox 762 1356 889 1402; x_wconf 87' lang='lat' dir='ltr'><strong><em>annum</em></strong></span> <span class='ocrx_word' id='word_1_70' title='bbox 906 1347 1104 1425; x_wconf 84' lang='lat' dir='ltr'><strong><em>procurator</em></strong></span> <span class='ocrx_word' id='word_1_71' title='bbox 1134 1334 1335 1425; x_wconf 78' lang='lat' dir='ltr'><strong><em>adnepotis</em></strong></span> <span class='ocrx_word' id='word_1_72' title='bbox 1362 1335 1443 1402; x_wconf 84' lang='lat' dir='ltr'><strong><em>licite</em></strong></span> 
     </span>
     <span class='ocr_line' id='line_1_10' title="bbox 302 1439 1443 1535; baseline -0.002 -23"><span class='ocrx_word' id='word_1_73' title='bbox 302 1443 487 1535; x_wconf 73' lang='lat' dir='ltr'><strong><em>depmetur,</em></strong></span> <span class='ocrx_word' id='word_1_74' title='bbox 502 1441 548 1511; x_wconf 87' lang='lat' dir='ltr'><strong><em>nd</em></strong></span> <span class='ocrx_word' id='word_1_75' title='bbox 556 1441 688 1534; x_wconf 83' lang='lat' dir='ltr'><strong><em>judicia</em></strong></span> <span class='ocrx_word' id='word_1_76' title='bbox 702 1456 825 1524; x_wconf 87' lang='lat' dir='ltr'><strong><em>tamen,</em></strong></span> <span class='ocrx_word' id='word_1_77' title='bbox 843 1441 909 1510; x_wconf 89' lang='lat' dir='ltr'><strong><em>nisi</em></strong></span> <span class='ocrx_word' id='word_1_78' title='bbox 921 1443 1034 1534; x_wconf 86' lang='lat' dir='ltr'><strong><em>major</em></strong></span> <span class='ocrx_word' id='word_1_79' title='bbox 1049 1445 1091 1510; x_wconf 84' lang='lat'><strong><em>25</em></strong></span> <span class='ocrx_word' id='word_1_80' title='bbox 1103 1443 1199 1511; x_wconf 79' lang='grc'><strong>1111111</strong></span> <span class='ocrx_word' id='word_1_81' title='bbox 1211 1441 1324 1533; x_wconf 60' lang='lat' dir='ltr'><strong><em>pirent,</em></strong></span> <span class='ocrx_word' id='word_1_82' title='bbox 1343 1439 1443 1532; x_wconf 84' lang='lat' dir='ltr'><strong><em>depu-</em></strong></span> 
     </span>
     <span class='ocr_line' id='line_1_11' title="bbox 302 1547 1440 1642; baseline -0.003 -24"><span class='ocrx_word' id='word_1_83' title='bbox 302 1551 371 1618; x_wconf 85' lang='lat' dir='ltr'><strong><em>tari</em></strong></span> <span class='ocrx_word' id='word_1_84' title='bbox 380 1550 537 1642; x_wconf 82' lang='lat' dir='ltr'><strong><em>nequibit.</em></strong></span> <span class='ocrx_word' id='word_1_85' title='bbox 546 1549 844 1642; x_wconf 85' lang='lat' dir='ltr'><strong><em>(BoniiaciusVlIl,</em></strong></span> <span class='ocrx_word' id='word_1_86' title='bbox 857 1549 960 1641; x_wconf 86' lang='lat' dir='ltr'><strong><em>capite</em></strong></span> <span class='ocrx_word' id='word_1_87' title='bbox 973 1549 1040 1634; x_wconf 86' lang='lat' dir='ltr'><strong><em>Qui</em></strong></span> <span class='ocrx_word' id='word_1_88' title='bbox 1046 1550 1241 1640; x_wconf 71' lang='lat' dir='ltr'><strong><em>penetraliter</em></strong></span> <span class='ocrx_word' id='word_1_89' title='bbox 1251 1553 1283 1636; x_wconf 83' lang='lat' dir='ltr'><strong><em>b,</em></strong></span> <span class='ocrx_word' id='word_1_90' title='bbox 1293 1547 1380 1617; x_wconf 87' lang='lat' dir='ltr'><strong><em>tituli</em></strong></span> <span class='ocrx_word' id='word_1_91' title='bbox 1391 1552 1440 1634; x_wconf 82' lang='lat'><strong><em>19,</em></strong></span> 
     </span>
     <span class='ocr_line' id='line_1_12' title="bbox 302 1656 1217 1747; baseline -0.009 -23"><span class='ocrx_word' id='word_1_92' title='bbox 302 1656 379 1725; x_wconf 87' lang='lat' dir='ltr'><strong><em>libri</em></strong></span> <span class='ocrx_word' id='word_1_93' title='bbox 397 1659 428 1744; x_wconf 87' lang='lat'><strong><em>1,</em></strong></span> <span class='ocrx_word' id='word_1_94' title='bbox 446 1657 480 1725; x_wconf 95' lang='lat' dir='ltr'><strong><em>in</em></strong></span> <span class='ocrx_word' id='word_1_95' title='bbox 496 1657 542 1747; x_wconf 85' lang='grc'><strong><em>6.)</em></strong></span> <span class='ocrx_word' id='word_1_96' title='bbox 1215 1713 1217 1716; x_wconf 85' lang='grc'><strong>,</strong></span> 
     </span>
    </p>

    <p class='ocr_par' dir='ltr' id='par_1_5' title="bbox 297 1761 1442 2069">
     <span class='ocr_line' id='line_1_13' title="bbox 346 1761 1442 1855; baseline -0.001 -25"><span class='ocrx_word' id='word_1_97' title='bbox 346 1767 378 1830; x_wconf 84' lang='lat'><strong><em>3·</em></strong></span> <span class='ocrx_word' id='word_1_98' title='bbox 400 1764 480 1832; x_wconf 91' lang='lat' dir='ltr'><strong><em>ltem</em></strong></span> <span class='ocrx_word' id='word_1_99' title='bbox 500 1787 520 1832; x_wconf 90' lang='lat' dir='ltr'><strong><em>a</em></strong></span> <span class='ocrx_word' id='word_1_100' title='bbox 539 1761 758 1854; x_wconf 82' lang='lat' dir='ltr'><strong><em>procuratoris</em></strong></span> <span class='ocrx_word' id='word_1_101' title='bbox 775 1762 880 1831; x_wconf 90' lang='lat' dir='ltr'><strong><em>officio</em></strong></span> <span class='ocrx_word' id='word_1_102' title='bbox 898 1762 1102 1854; x_wconf 85' lang='lat' dir='ltr'><strong><em>repelluntur</em></strong></span> <span class='ocrx_word' id='word_1_103' title='bbox 1118 1763 1256 1832; x_wconf 84' lang='lat' dir='ltr'><strong><em>infames</em></strong></span> <span class='ocrx_word' id='word_1_104' title='bbox 1280 1791 1287 1831; x_wconf 90' lang='lat'>:</span> <span class='ocrx_word' id='word_1_105' title='bbox 1310 1762 1442 1855; x_wconf 80' lang='lat' dir='ltr'><strong><em>insumis</em></strong></span> 
     </span>
     <span class='ocr_line' id='line_1_14' title="bbox 297 1870 1442 1963; baseline -0.003 -24"><span class='ocrx_word' id='word_1_106' title='bbox 297 1893 436 1962; x_wconf 86' lang='lat' dir='ltr'><strong><em>persona</em></strong></span> <span class='ocrx_word' id='word_1_107' title='bbox 450 1893 507 1940; x_wconf 90' lang='lat' dir='ltr'><strong><em>nec</em></strong></span> <span class='ocrx_word' id='word_1_108' title='bbox 518 1884 714 1963; x_wconf 82' lang='lat' dir='ltr'><strong><em>procreentur</em></strong></span> <span class='ocrx_word' id='word_1_109' title='bbox 731 1891 795 1938; x_wconf 87' lang='lat' dir='ltr'><strong><em>esse</em></strong></span> <span class='ocrx_word' id='word_1_110' title='bbox 804 1882 912 1962; x_wconf 83' lang='lat' dir='ltr'><strong><em>potest</em></strong></span> <span class='ocrx_word' id='word_1_111' title='bbox 928 1870 1009 1962; x_wconf 75' lang='lat' dir='ltr'><strong><em>(cap.</em></strong></span> <span class='ocrx_word' id='word_1_112' title='bbox 1030 1873 1061 1959; x_wconf 91' lang='lat' dir='ltr'><strong><em>l,</em></strong></span> <span class='ocrx_word' id='word_1_113' title='bbox 1079 1894 1185 1940; x_wconf 78' lang='lat' dir='ltr'><strong><em>causae</em></strong></span> <span class='ocrx_word' id='word_1_114' title='bbox 1204 1874 1237 1959; x_wconf 85' lang='grc'><strong><em>3,</em></strong></span> <span class='ocrx_word' id='word_1_115' title='bbox 1254 1870 1442 1963; x_wconf 68' lang='lat' dir='ltr'><strong><em>questionis</em></strong></span> 
     </span>
     <span class='ocr_line' id='line_1_15' title="bbox 301 1976 1036 2069; baseline 0.004 -24"><span class='ocrx_word' id='word_1_116' title='bbox 301 1978 347 2069; x_wconf 88' lang='grc'><strong><em>7).</em></strong></span> <span class='ocrx_word' id='word_1_117' title='bbox 367 1979 407 2046; x_wconf 86' lang='lat' dir='ltr'><strong><em>Et</em></strong></span> <span class='ocrx_word' id='word_1_118' title='bbox 422 1979 468 2046; x_wconf 89' lang='lat' dir='ltr'><strong><em>ita</em></strong></span> <span class='ocrx_word' id='word_1_119' title='bbox 482 1979 668 2046; x_wconf 90' lang='lat' dir='ltr'><strong><em>communis</em></strong></span> <span class='ocrx_word' id='word_1_120' title='bbox 681 1976 849 2046; x_wconf 87' lang='lat' dir='ltr'><strong><em>doctorum</em></strong></span> <span class='ocrx_word' id='word_1_121' title='bbox 865 1978 1036 2048; x_wconf 84' lang='lat' dir='ltr'><strong><em>sententia.</em></strong></span> 
     </span>
    </p>

    <p class='ocr_par' dir='ltr' id='par_1_6' title="bbox 298 2084 1442 2605">
     <span class='ocr_line' id='line_1_16' title="bbox 345 2084 1441 2177; baseline -0.002 -24"><span class='ocrx_word' id='word_1_122' title='bbox 345 2090 378 2153; x_wconf 72' lang='grc' dir='ltr'><strong><em>1ο</em></strong></span> <span class='ocrx_word' id='word_1_123' title='bbox 399 2087 436 2152; x_wconf 93' lang='lat' dir='ltr'><strong><em>ln</em></strong></span> <span class='ocrx_word' id='word_1_124' title='bbox 451 2085 525 2176; x_wconf 83' lang='lat' dir='ltr'><strong><em>jure</em></strong></span> <span class='ocrx_word' id='word_1_125' title='bbox 544 2084 632 2153; x_wconf 91' lang='lat' dir='ltr'><strong><em>civili</em></strong></span> <span class='ocrx_word' id='word_1_126' title='bbox 647 2084 795 2153; x_wconf 83' lang='lat' dir='ltr'><strong><em>Romano</em></strong></span> <span class='ocrx_word' id='word_1_127' title='bbox 814 2092 1040 2176; x_wconf 82' lang='lat' dir='ltr'><strong><em>procuratores</em></strong></span> <span class='ocrx_word' id='word_1_128' title='bbox 1063 2107 1133 2154; x_wconf 88' lang='lat' dir='ltr'><strong><em>esse</em></strong></span> <span class='ocrx_word' id='word_1_129' title='bbox 1153 2085 1370 2177; x_wconf 88' lang='lat' dir='ltr'><strong><em>prohibentur</em></strong></span> <span class='ocrx_word' id='word_1_130' title='bbox 1382 2085 1441 2152; x_wconf 83' lang='grc'><strong>111-</strong></span> 
     </span>
     <span class='ocr_line' id='line_1_17' title="bbox 300 2191 1442 2284; baseline -0.004 -24"><span class='ocrx_word' id='word_1_131' title='bbox 300 2193 397 2260; x_wconf 82' lang='lat' dir='ltr'><strong><em>miuae</em></strong></span> <span class='ocrx_word' id='word_1_132' title='bbox 423 2191 576 2284; x_wconf 86' lang='lat' dir='ltr'><strong><em>(exeeptis</em></strong></span> <span class='ocrx_word' id='word_1_133' title='bbox 604 2191 771 2259; x_wconf 89' lang='lat' dir='ltr'><strong><em>nonnullis</em></strong></span> <span class='ocrx_word' id='word_1_134' title='bbox 802 2191 956 2281; x_wconf 80' lang='lat' dir='ltr'><strong><em>casibus),</em></strong></span> <span class='ocrx_word' id='word_1_135' title='bbox 985 2193 1107 2261; x_wconf 90' lang='lat' dir='ltr'><strong><em>milites</em></strong></span> <span class='ocrx_word' id='word_1_136' title='bbox 1136 2193 1290 2284; x_wconf 85' lang='lat' dir='ltr'><strong><em>(exceptis</em></strong></span> <span class='ocrx_word' id='word_1_137' title='bbox 1322 2193 1442 2284; x_wconf 87' lang='lat' dir='ltr'><strong><em>pariter</em></strong></span> 
     </span>
     <span class='ocr_line' id='line_1_18' title="bbox 298 2296 1442 2388; baseline -0.003 -22"><span class='ocrx_word' id='word_1_138' title='bbox 298 2298 465 2367; x_wconf 86' lang='lat' dir='ltr'><strong><em>nonnullis</em></strong></span> <span class='ocrx_word' id='word_1_139' title='bbox 484 2296 638 2388; x_wconf 87' lang='lat' dir='ltr'><strong><em>casibus),</em></strong></span> <span class='ocrx_word' id='word_1_140' title='bbox 656 2297 755 2384; x_wconf 89' lang='lat' dir='ltr'><strong><em>servi,</em></strong></span> <span class='ocrx_word' id='word_1_141' title='bbox 772 2296 899 2386; x_wconf 84' lang='lat' dir='ltr'><strong><em>furiosi,</em></strong></span> <span class='ocrx_word' id='word_1_142' title='bbox 917 2298 1124 2386; x_wconf 86' lang='lat' dir='ltr'><strong><em>muti-surdi,</em></strong></span> <span class='ocrx_word' id='word_1_143' title='bbox 1148 2299 1318 2388; x_wconf 87' lang='lat' dir='ltr'><strong><em>digniores</em></strong></span> <span class='ocrx_word' id='word_1_144' title='bbox 1334 2298 1374 2366; x_wconf 89' lang='lat' dir='ltr'><strong><em>de</em></strong></span> <span class='ocrx_word' id='word_1_145' title='bbox 1389 2319 1442 2365; x_wconf 88' lang='grc'><strong><em>11-</em></strong></span> 
     </span>
     <span class='ocr_line' id='line_1_19' title="bbox 298 2404 1442 2497; baseline -0.003 -21"><span class='ocrx_word' id='word_1_146' title='bbox 298 2406 440 2497; x_wconf 84' lang='lat' dir='ltr'><strong><em>publica,</em></strong></span> <span class='ocrx_word' id='word_1_147' title='bbox 455 2406 580 2493; x_wconf 87' lang='lat' dir='ltr'><strong><em>Fiscus,</em></strong></span> <span class='ocrx_word' id='word_1_148' title='bbox 595 2413 762 2476; x_wconf 90' lang='lat' dir='ltr'><strong><em>accusatns</em></strong></span> <span class='ocrx_word' id='word_1_149' title='bbox 780 2404 927 2473; x_wconf 90' lang='lat' dir='ltr'><strong><em>criminis</em></strong></span> <span class='ocrx_word' id='word_1_150' title='bbox 939 2405 1136 2495; x_wconf 87' lang='lat' dir='ltr'><strong><em>judicialiter</em></strong></span> <span class='ocrx_word' id='word_1_151' title='bbox 1151 2406 1254 2475; x_wconf 89' lang='lat' dir='ltr'><strong><em>donec</em></strong></span> <span class='ocrx_word' id='word_1_152' title='bbox 1275 2427 1369 2474; x_wconf 88' lang='lat' dir='ltr'><strong><em>suam</em></strong></span> <span class='ocrx_word' id='word_1_153' title='bbox 1386 2405 1442 2472; x_wconf 89' lang='lat' dir='ltr'><strong><em>in-</em></strong></span> 
     </span>
     <span class='ocr_line' id='line_1_20' title="bbox 298 2513 693 2605; baseline -0.008 -23"><span class='ocrx_word' id='word_1_154' title='bbox 298 2514 480 2583; x_wconf 86' lang='lat' dir='ltr'><strong><em>nocentiam</em></strong></span> <span class='ocrx_word' id='word_1_155' title='bbox 497 2513 693 2605; x_wconf 87' lang='lat' dir='ltr'><strong><em>probaverit.</em></strong></span> 
     </span>
    </p>

    <p class='ocr_par' dir='ltr' id='par_1_7' title="bbox 293 2617 1445 3657">
     <span class='ocr_line' id='line_1_21' title="bbox 342 2617 1444 2710; baseline -0.002 -22"><span class='ocrx_word' id='word_1_156' title='bbox 342 2621 392 2688; x_wconf 86' lang='lat' dir='ltr'><strong><em>Ex</em></strong></span> <span class='ocrx_word' id='word_1_157' title='bbox 415 2621 466 2689; x_wconf 91' lang='lat' dir='ltr'><strong><em>his</em></strong></span> <span class='ocrx_word' id='word_1_158' title='bbox 485 2628 593 2688; x_wconf 89' lang='lat' dir='ltr'><strong><em>autem</em></strong></span> <span class='ocrx_word' id='word_1_159' title='bbox 615 2617 766 2688; x_wconf 89' lang='lat' dir='ltr'><strong><em>censendi</em></strong></span> <span class='ocrx_word' id='word_1_160' title='bbox 788 2625 904 2687; x_wconf 89' lang='lat' dir='ltr'><strong><em>sunta</em></strong></span> <span class='ocrx_word' id='word_1_161' title='bbox 926 2619 1146 2710; x_wconf 87' lang='lat' dir='ltr'><strong><em>procuratoris</em></strong></span> <span class='ocrx_word' id='word_1_162' title='bbox 1170 2642 1305 2689; x_wconf 90' lang='lat' dir='ltr'><strong><em>munere</em></strong></span> <span class='ocrx_word' id='word_1_163' title='bbox 1318 2620 1352 2687; x_wconf 93' lang='lat' dir='ltr'><strong><em>in</em></strong></span> <span class='ocrx_word' id='word_1_164' title='bbox 1372 2619 1444 2687; x_wconf 90' lang='lat' dir='ltr'><strong><em>loro</em></strong></span> 
     </span>
     <span class='ocr_line' id='line_1_22' title="bbox 296 2725 1442 2812; baseline -0.004 -15"><span class='ocrx_word' id='word_1_165' title='bbox 296 2727 507 2798; x_wconf 87' lang='lat' dir='ltr'><strong><em>ecclesiastico</em></strong></span> <span class='ocrx_word' id='word_1_166' title='bbox 524 2725 686 2795; x_wconf 88' lang='lat' dir='ltr'><strong><em>interdicti</em></strong></span> <span class='ocrx_word' id='word_1_167' title='bbox 704 2753 711 2793; x_wconf 91' lang='lat'>:</span> <span class='ocrx_word' id='word_1_168' title='bbox 734 2726 891 2808; x_wconf 81' lang='lat' dir='ltr'><strong><em>imminae,</em></strong></span> <span class='ocrx_word' id='word_1_169' title='bbox 909 2734 979 2794; x_wconf 88' lang='lat' dir='ltr'><strong><em>tum</em></strong></span> <span class='ocrx_word' id='word_1_170' title='bbox 996 2725 1038 2794; x_wconf 90' lang='lat' dir='ltr'><strong><em>ob</em></strong></span> <span class='ocrx_word' id='word_1_171' title='bbox 1056 2726 1293 2812; x_wconf 85' lang='lat' dir='ltr'><strong><em>dedecentiam,</em></strong></span> <span class='ocrx_word' id='word_1_172' title='bbox 1308 2735 1380 2795; x_wconf 87' lang='lat' dir='ltr'><strong><em>tum</em></strong></span> <span class='ocrx_word' id='word_1_173' title='bbox 1402 2726 1442 2793; x_wconf 87' lang='lat' dir='ltr'><strong><em>oh</em></strong></span> 
     </span>
     <span class='ocr_line' id='line_1_23' title="bbox 296 2831 1443 2926; baseline -0.005 -22"><span class='ocrx_word' id='word_1_174' title='bbox 296 2843 496 2905; x_wconf 87' lang='lat' dir='ltr'><strong><em>constantem</em></strong></span> <span class='ocrx_word' id='word_1_175' title='bbox 509 2834 652 2926; x_wconf 86' lang='lat' dir='ltr'><strong><em>praxim,</em></strong></span> <span class='ocrx_word' id='word_1_176' title='bbox 669 2841 738 2902; x_wconf 92' lang='lat' dir='ltr'><strong><em>tum</em></strong></span> <span class='ocrx_word' id='word_1_177' title='bbox 756 2833 834 2925; x_wconf 88' lang='lat' dir='ltr'><strong><em>quia</em></strong></span> <span class='ocrx_word' id='word_1_178' title='bbox 849 2841 973 2902; x_wconf 87' lang='lat' dir='ltr'><strong><em>tacente</em></strong></span> <span class='ocrx_word' id='word_1_179' title='bbox 985 2833 1061 2924; x_wconf 87' lang='lat' dir='ltr'><strong><em>jure</em></strong></span> <span class='ocrx_word' id='word_1_180' title='bbox 1075 2834 1230 2903; x_wconf 79' lang='lat' dir='ltr'><strong><em>senonim</em></strong></span> <span class='ocrx_word' id='word_1_181' title='bbox 1242 2831 1443 2902; x_wconf 86' lang='lat' dir='ltr'><strong><em>censendum</em></strong></span> 
     </span>
     <span class='ocr_line' id='line_1_24' title="bbox 295 2939 1443 3035; baseline -0.005 -24"><span class='ocrx_word' id='word_1_182' title='bbox 295 2955 344 3012; x_wconf 91' lang='lat' dir='ltr'><strong><em>est</em></strong></span> <span class='ocrx_word' id='word_1_183' title='bbox 366 2941 472 3035; x_wconf 86' lang='lat' dir='ltr'><strong><em>quoad</em></strong></span> <span class='ocrx_word' id='word_1_184' title='bbox 489 2943 550 3011; x_wconf 91' lang='lat' dir='ltr'><strong><em>hoc</em></strong></span> <span class='ocrx_word' id='word_1_185' title='bbox 573 2947 738 3032; x_wconf 84' lang='lat' dir='ltr'><strong><em>receptum</em></strong></span> <span class='ocrx_word' id='word_1_186' title='bbox 751 2940 806 3031; x_wconf 83' lang='lat' dir='ltr'><strong><em>jus</em></strong></span> <span class='ocrx_word' id='word_1_187' title='bbox 817 2940 1004 3009; x_wconf 86' lang='lat' dir='ltr'><strong><em>Romanum</em></strong></span> <span class='ocrx_word' id='word_1_188' title='bbox 1022 2967 1028 3007; x_wconf 94' lang='lat'><strong>:</strong></span> <span class='ocrx_word' id='word_1_189' title='bbox 1047 2940 1164 3009; x_wconf 90' lang='lat' dir='ltr'><strong><em>furiosi</em></strong></span> <span class='ocrx_word' id='word_1_190' title='bbox 1182 2950 1214 3009; x_wconf 90' lang='lat' dir='ltr'><strong><em>et</em></strong></span> <span class='ocrx_word' id='word_1_191' title='bbox 1228 2939 1443 3024; x_wconf 90' lang='lat' dir='ltr'><strong><em>surdi-muti,</em></strong></span> 
     </span>
     <span class='ocr_line' id='line_1_25' title="bbox 296 3046 1445 3143; baseline -0.006 -22"><span class='ocrx_word' id='word_1_192' title='bbox 296 3063 367 3122; x_wconf 91' lang='lat' dir='ltr'><strong><em>tum</em></strong></span> <span class='ocrx_word' id='word_1_193' title='bbox 388 3074 429 3120; x_wconf 84' lang='lat' dir='ltr'><strong><em>ex</em></strong></span> <span class='ocrx_word' id='word_1_194' title='bbox 450 3051 525 3143; x_wconf 88' lang='lat' dir='ltr'><strong><em>jure</em></strong></span> <span class='ocrx_word' id='word_1_195' title='bbox 557 3048 710 3134; x_wconf 90' lang='lat' dir='ltr'><strong><em>naturali,</em></strong></span> <span class='ocrx_word' id='word_1_196' title='bbox 739 3057 809 3116; x_wconf 84' lang='lat' dir='ltr'><strong><em>tum</em></strong></span> <span class='ocrx_word' id='word_1_197' title='bbox 836 3047 914 3138; x_wconf 91' lang='lat' dir='ltr'><strong><em>quia</em></strong></span> <span class='ocrx_word' id='word_1_198' title='bbox 938 3049 971 3114; x_wconf 91' lang='lat' dir='ltr'><strong><em>in</em></strong></span> <span class='ocrx_word' id='word_1_199' title='bbox 999 3046 1060 3114; x_wconf 89' lang='lat' dir='ltr'><strong><em>hoc</em></strong></span> <span class='ocrx_word' id='word_1_200' title='bbox 1082 3056 1210 3138; x_wconf 84' lang='lat' dir='ltr'><strong><em>recepta</em></strong></span> <span class='ocrx_word' id='word_1_201' title='bbox 1229 3048 1271 3115; x_wconf 88' lang='lat' dir='ltr'><strong><em>ab</em></strong></span> <span class='ocrx_word' id='word_1_202' title='bbox 1298 3046 1445 3116; x_wconf 87' lang='lat' dir='ltr'><strong><em>Ecclesia</em></strong></span> 
     </span>
     <span class='ocr_line' id='line_1_26' title="bbox 294 3154 1440 3246; baseline -0.006 -18"><span class='ocrx_word' id='word_1_203' title='bbox 294 3157 454 3228; x_wconf 81' lang='grc'><strong>1111111111</strong></span> <span class='ocrx_word' id='word_1_204' title='bbox 473 3165 521 3226; x_wconf 88' lang='lat' dir='ltr'><strong><em>est</em></strong></span> <span class='ocrx_word' id='word_1_205' title='bbox 535 3155 738 3226; x_wconf 86' lang='lat' dir='ltr'><strong><em>Justinianea</em></strong></span> <span class='ocrx_word' id='word_1_206' title='bbox 757 3154 915 3244; x_wconf 78' lang='lat' dir='ltr'><strong><em>legislatio</em></strong></span> <span class='ocrx_word' id='word_1_207' title='bbox 933 3155 1070 3222; x_wconf 85' lang='lat' dir='ltr'><strong><em>:Fiscus</em></strong></span> <span class='ocrx_word' id='word_1_208' title='bbox 1093 3163 1124 3223; x_wconf 90' lang='lat' dir='ltr'><strong><em>et</em></strong></span> <span class='ocrx_word' id='word_1_209' title='bbox 1139 3155 1337 3246; x_wconf 85' lang='lat' dir='ltr'><strong><em>potentiores</em></strong></span> <span class='ocrx_word' id='word_1_210' title='bbox 1359 3154 1440 3242; x_wconf 88' lang='lat' dir='ltr'><strong><em>viri,</em></strong></span> 
     </span>
     <span class='ocr_line' id='line_1_27' title="bbox 296 3261 1444 3357; baseline -0.003 -24"><span class='ocrx_word' id='word_1_211' title='bbox 296 3289 337 3333; x_wconf 89' lang='lat' dir='ltr'><strong><em>ne</em></strong></span> <span class='ocrx_word' id='word_1_212' title='bbox 357 3264 560 3357; x_wconf 89' lang='lat' dir='ltr'><strong><em>opprimatur</em></strong></span> <span class='ocrx_word' id='word_1_213' title='bbox 581 3261 790 3331; x_wconf 86' lang='lat' dir='ltr'><strong><em>adversarius</em></strong></span> <span class='ocrx_word' id='word_1_214' title='bbox 809 3263 973 3330; x_wconf 88' lang='lat' dir='ltr'><strong><em>:accusati</em></strong></span> <span class='ocrx_word' id='word_1_215' title='bbox 996 3261 1143 3329; x_wconf 85' lang='lat' dir='ltr'><strong><em>criminis</em></strong></span> <span class='ocrx_word' id='word_1_216' title='bbox 1168 3270 1242 3330; x_wconf 89' lang='lat' dir='ltr'><strong><em>ante</em></strong></span> <span class='ocrx_word' id='word_1_217' title='bbox 1267 3270 1444 3353; x_wconf 87' lang='lat' dir='ltr'><strong><em>purgatam</em></strong></span> 
     </span>
     <span class='ocr_line' id='line_1_28' title="bbox 295 3368 1445 3462; baseline -0.005 -20"><span class='ocrx_word' id='word_1_218' title='bbox 295 3373 538 3442; x_wconf 89' lang='lat' dir='ltr'><strong><em>innocentiam:</em></strong></span> <span class='ocrx_word' id='word_1_219' title='bbox 557 3380 589 3438; x_wconf 85' lang='lat' dir='ltr'><strong><em>et</em></strong></span> <span class='ocrx_word' id='word_1_220' title='bbox 609 3369 737 3457; x_wconf 86' lang='lat' dir='ltr'><strong><em>milites,</em></strong></span> <span class='ocrx_word' id='word_1_221' title='bbox 763 3369 841 3461; x_wconf 88' lang='lat' dir='ltr'><strong><em>qnia</em></strong></span> <span class='ocrx_word' id='word_1_222' title='bbox 862 3377 894 3436; x_wconf 89' lang='lat' dir='ltr'><strong><em>et</em></strong></span> <span class='ocrx_word' id='word_1_223' title='bbox 916 3369 951 3436; x_wconf 90' lang='lat' dir='ltr'><strong><em>in</em></strong></span> <span class='ocrx_word' id='word_1_224' title='bbox 971 3368 1033 3436; x_wconf 91' lang='lat' dir='ltr'><strong><em>hoc</em></strong></span> <span class='ocrx_word' id='word_1_225' title='bbox 1055 3368 1185 3437; x_wconf 87' lang='lat' dir='ltr'><strong><em>videtur</em></strong></span> <span class='ocrx_word' id='word_1_226' title='bbox 1211 3378 1378 3462; x_wconf 86' lang='lat' dir='ltr'><strong><em>receptum</em></strong></span> <span class='ocrx_word' id='word_1_227' title='bbox 1402 3370 1445 3437; x_wconf 87' lang='lat' dir='ltr'><strong><em>ab</em></strong></span> 
     </span>
     <span class='ocr_line' id='line_1_29' title="bbox 293 3475 1444 3568; baseline -0.005 -18"><span class='ocrx_word' id='word_1_228' title='bbox 293 3479 436 3550; x_wconf 85' lang='lat' dir='ltr'><strong><em>Ecclesia</em></strong></span> <span class='ocrx_word' id='word_1_229' title='bbox 459 3477 697 3548; x_wconf 79' lang='lat' dir='ltr'><strong><em>iustinianeum</em></strong></span> <span class='ocrx_word' id='word_1_230' title='bbox 717 3476 784 3566; x_wconf 85' lang='lat' dir='ltr'><strong><em>jus,</em></strong></span> <span class='ocrx_word' id='word_1_231' title='bbox 813 3475 868 3544; x_wconf 89' lang='lat' dir='ltr'><strong><em>sed</em></strong></span> <span class='ocrx_word' id='word_1_232' title='bbox 894 3475 945 3543; x_wconf 90' lang='lat' dir='ltr'><strong><em>his</em></strong></span> <span class='ocrx_word' id='word_1_233' title='bbox 967 3483 1077 3567; x_wconf 88' lang='lat' dir='ltr'><strong><em>utpote</em></strong></span> <span class='ocrx_word' id='word_1_234' title='bbox 1100 3498 1217 3568; x_wconf 89' lang='lat' dir='ltr'><strong><em>parum</em></strong></span> <span class='ocrx_word' id='word_1_235' title='bbox 1244 3475 1286 3544; x_wconf 89' lang='lat' dir='ltr'><strong><em>ad</em></strong></span> <span class='ocrx_word' id='word_1_236' title='bbox 1310 3476 1444 3567; x_wconf 87' lang='lat' dir='ltr'><strong><em>praxim</em></strong></span> 
     </span>
     <span class='ocr_line' id='line_1_30' title="bbox 294 3584 752 3657; baseline -0.013 0"><span class='ocrx_word' id='word_1_237' title='bbox 294 3587 430 3657; x_wconf 90' lang='lat' dir='ltr'><strong><em>utilibus</em></strong></span> <span class='ocrx_word' id='word_1_238' title='bbox 445 3607 511 3654; x_wconf 91' lang='lat' dir='ltr'><strong><em>non</em></strong></span> <span class='ocrx_word' id='word_1_239' title='bbox 526 3584 752 3653; x_wconf 89' lang='lat' dir='ltr'><strong><em>immoramur.</em></strong></span> 
     </span>
    </p>

    <p class='ocr_par' dir='ltr' id='par_1_8' title="bbox 342 3691 1447 3784">
     <span class='ocr_line' id='line_1_31' title="bbox 342 3691 1447 3784; baseline -0.001 -21"><span class='ocrx_word' id='word_1_240' title='bbox 342 3701 372 3763; x_wconf 66' lang='grc' dir='ltr'><strong><em>11α</em></strong></span> <span class='ocrx_word' id='word_1_241' title='bbox 390 3695 509 3764; x_wconf 89' lang='lat' dir='ltr'><strong><em>Utrum</em></strong></span> <span class='ocrx_word' id='word_1_242' title='bbox 532 3713 609 3760; x_wconf 85' lang='lat' dir='ltr'><strong><em>vero</em></strong></span> <span class='ocrx_word' id='word_1_243' title='bbox 633 3692 668 3758; x_wconf 92' lang='lat' dir='ltr'><strong><em>in</em></strong></span> <span class='ocrx_word' id='word_1_244' title='bbox 690 3691 710 3760; x_wconf 87' lang='lat' dir='ltr'>J</span> <span class='ocrx_word' id='word_1_245' title='bbox 714 3691 833 3760; x_wconf 88' lang='lat' dir='ltr'><strong><em>udiciis</em></strong></span> <span class='ocrx_word' id='word_1_246' title='bbox 854 3691 1077 3760; x_wconf 87' lang='lat' dir='ltr'><strong><em>ecclesiasticis</em></strong></span> <span class='ocrx_word' id='word_1_247' title='bbox 1104 3699 1259 3782; x_wconf 85' lang='lat' dir='ltr'><strong><em>tanquam</em></strong></span> <span class='ocrx_word' id='word_1_248' title='bbox 1282 3715 1447 3784; x_wconf 86' lang='lat' dir='ltr'><strong><em>procura·</em></strong></span> 
     </span>
    </p>
   </div>
   <div class='ocr_carea' id='block_1_3' title="bbox 292 3795 1448 4318">
    <p class='ocr_par' dir='ltr' id='par_1_9' title="bbox 294 3795 1447 4000">
     <span class='ocr_line' id='line_1_32' title="bbox 294 3795 1447 3892; baseline -0.003 -20"><span class='ocrx_word' id='word_1_249' title='bbox 294 3813 379 3872; x_wconf 89' lang='lat' dir='ltr'><strong><em>tores</em></strong></span> <span class='ocrx_word' id='word_1_250' title='bbox 400 3802 526 3872; x_wconf 84' lang='lat' dir='ltr'><strong><em>admitti</em></strong></span> <span class='ocrx_word' id='word_1_251' title='bbox 549 3799 672 3890; x_wconf 90' lang='lat' dir='ltr'><strong><em>possint</em></strong></span> <span class='ocrx_word' id='word_1_252' title='bbox 691 3797 835 3887; x_wconf 85' lang='lat' dir='ltr'><strong><em>religiosi</em></strong></span> <span class='ocrx_word' id='word_1_253' title='bbox 854 3807 885 3865; x_wconf 91' lang='lat' dir='ltr'><strong><em>et</em></strong></span> <span class='ocrx_word' id='word_1_254' title='bbox 903 3798 1024 3884; x_wconf 88' lang='lat' dir='ltr'><strong><em>clerici,</em></strong></span> <span class='ocrx_word' id='word_1_255' title='bbox 1042 3795 1103 3866; x_wconf 88' lang='lat' dir='ltr'><strong><em>sub</em></strong></span> <span class='ocrx_word' id='word_1_256' title='bbox 1125 3799 1320 3890; x_wconf 87' lang='lat' dir='ltr'><strong><em>specialibus</em></strong></span> <span class='ocrx_word' id='word_1_257' title='bbox 1339 3823 1447 3892; x_wconf 90' lang='lat' dir='ltr'><strong><em>para-</em></strong></span> 
     </span>
     <span class='ocr_line' id='line_1_33' title="bbox 294 3905 1302 4000; baseline -0.001 -23"><span class='ocrx_word' id='word_1_258' title='bbox 294 3908 428 4000; x_wconf 88' lang='lat' dir='ltr'><strong><em>graphis</em></strong></span> <span class='ocrx_word' id='word_1_259' title='bbox 443 3907 628 3998; x_wconf 87' lang='lat' dir='ltr'><strong><em>separatim,</em></strong></span> <span class='ocrx_word' id='word_1_260' title='bbox 645 3924 704 3995; x_wconf 90' lang='lat' dir='ltr'><strong><em>pro</em></strong></span> <span class='ocrx_word' id='word_1_261' title='bbox 719 3905 769 3972; x_wconf 89' lang='lat' dir='ltr'><strong><em>rei</em></strong></span> <span class='ocrx_word' id='word_1_262' title='bbox 782 3905 956 3994; x_wconf 88' lang='lat' dir='ltr'><strong><em>gravitate,</em></strong></span> <span class='ocrx_word' id='word_1_263' title='bbox 971 3906 1060 3975; x_wconf 89' lang='lat' dir='ltr'><strong><em>infra</em></strong></span> <span class='ocrx_word' id='word_1_264' title='bbox 1073 3908 1302 3999; x_wconf 86' lang='lat' dir='ltr'><strong><em>expendimus.</em></strong></span> 
     </span>
    </p>

    <p class='ocr_par' dir='ltr' id='par_1_10' title="bbox 292 4011 1445 4214">
     <span class='ocr_line' id='line_1_34' title="bbox 338 4011 1445 4106; baseline 0.005 -25"><span class='ocrx_word' id='word_1_265' title='bbox 338 4019 370 4081; x_wconf 83' lang='lat'><strong><em>6⁰</em></strong></span> <span class='ocrx_word' id='word_1_266' title='bbox 393 4016 471 4085; x_wconf 87' lang='lat' dir='ltr'><strong><em>Jure</em></strong></span> <span class='ocrx_word' id='word_1_267' title='bbox 490 4011 644 4082; x_wconf 87' lang='lat' dir='ltr'><strong><em>canonico</em></strong></span> <span class='ocrx_word' id='word_1_268' title='bbox 666 4032 731 4079; x_wconf 91' lang='lat' dir='ltr'><strong><em>non</em></strong></span> <span class='ocrx_word' id='word_1_269' title='bbox 759 4011 951 4102; x_wconf 89' lang='lat' dir='ltr'><strong><em>prohibetur</em></strong></span> <span class='ocrx_word' id='word_1_270' title='bbox 972 4013 1081 4105; x_wconf 91' lang='lat' dir='ltr'><strong><em>plures</em></strong></span> <span class='ocrx_word' id='word_1_271' title='bbox 1107 4015 1261 4082; x_wconf 83' lang='lat' dir='ltr'><strong><em>constitui</em></strong></span> <span class='ocrx_word' id='word_1_272' title='bbox 1287 4015 1445 4106; x_wconf 87' lang='lat' dir='ltr'><strong><em>ejusdem</em></strong></span> 
     </span>
     <span class='ocr_line' id='line_1_35' title="bbox 292 4118 1394 4214; baseline 0.002 -24"><span class='ocrx_word' id='word_1_273' title='bbox 292 4144 397 4190; x_wconf 86' lang='lat' dir='ltr'><strong><em>causae</em></strong></span> <span class='ocrx_word' id='word_1_274' title='bbox 412 4127 655 4213; x_wconf 85' lang='lat' dir='ltr'><strong><em>procuratores;</em></strong></span> <span class='ocrx_word' id='word_1_275' title='bbox 669 4124 706 4185; x_wconf 89' lang='lat' dir='ltr'><strong><em>ut</em></strong></span> <span class='ocrx_word' id='word_1_276' title='bbox 718 4127 805 4210; x_wconf 87' lang='lat' dir='ltr'><strong><em>patet</em></strong></span> <span class='ocrx_word' id='word_1_277' title='bbox 816 4141 857 4186; x_wconf 87' lang='lat' dir='ltr'><strong><em>cx</em></strong></span> <span class='ocrx_word' id='word_1_278' title='bbox 870 4118 966 4188; x_wconf 88' lang='lat' dir='ltr'><strong><em>dictis</em></strong></span> <span class='ocrx_word' id='word_1_279' title='bbox 975 4119 1037 4188; x_wconf 89' lang='lat' dir='ltr'><strong><em>sub</em></strong></span> <span class='ocrx_word' id='word_1_280' title='bbox 1052 4120 1159 4211; x_wconf 89' lang='lat' dir='ltr'><strong><em>primo</em></strong></span> <span class='ocrx_word' id='word_1_281' title='bbox 1171 4123 1394 4214; x_wconf 78' lang='lat' dir='ltr'><strong><em>paragrapho.</em></strong></span> 
     </span>
    </p>

    <p class='ocr_par' dir='ltr' id='par_1_11' title="bbox 338 4225 1448 4318">
     <span class='ocr_line' id='line_1_36' title="bbox 338 4225 1448 4318; baseline 0.005 -22"><span class='ocrx_word' id='word_1_282' title='bbox 338 4233 370 4295; x_wconf 76' lang='lat'><strong><em>7⁰</em></strong></span> <span class='ocrx_word' id='word_1_283' title='bbox 387 4228 509 4296; x_wconf 86' lang='lat' dir='ltr'><strong><em>¹Nullus</em></strong></span> <span class='ocrx_word' id='word_1_284' title='bbox 532 4227 604 4316; x_wconf 88' lang='lat' dir='ltr'><strong><em>cogi</em></strong></span> <span class='ocrx_word' id='word_1_285' title='bbox 632 4233 735 4314; x_wconf 84' lang='lat' dir='ltr'><strong><em>potest</em></strong></span> <span class='ocrx_word' id='word_1_286' title='bbox 765 4226 805 4294; x_wconf 88' lang='lat' dir='ltr'><strong><em>ad</em></strong></span> <span class='ocrx_word' id='word_1_287' title='bbox 838 4225 1083 4316; x_wconf 88' lang='lat' dir='ltr'><strong><em>suscipiendum</em></strong></span> <span class='ocrx_word' id='word_1_288' title='bbox 1115 4231 1334 4318; x_wconf 90' lang='lat' dir='ltr'><strong><em>procuratoris</em></strong></span> <span class='ocrx_word' id='word_1_289' title='bbox 1364 4232 1448 4300; x_wconf 89' lang='lat' dir='ltr'><strong><em>offi-</em></strong></span> 
     </span>
    </p>
   </div>
   <div class='ocr_carea' id='block_1_4' title="bbox 0 0 1532 4972">
    <p class='ocr_par' dir='ltr' id='par_1_12' title="bbox 0 0 1532 4972">
     <span class='ocr_line' id='line_1_37' title="bbox 0 0 1532 4972; baseline 0 0"><span class='ocrx_word' id='word_1_290' title='bbox 0 0 1532 4972; x_wconf 95' lang='lat' dir='ltr'><strong><em> </em></strong></span> 
     </span>
    </p>
   </div>
  </div>
 </body>
</html>
