3056 4972
267 443 329 506 206
639 459 813 508 rmcrsrus
835 461 874 507 nn
896 461 1027 508 rnorem.

263 583 359 652 nobis
375 605 468 675 posse
489 593 656 652 auctorem
676 584 854 676 quemdam
880 583 991 674 magni
1014 581 1176 669 nominis,
1197 581 1255 674 qui
1278 579 1409 673 putavit

257 693 339 782 jure
355 692 424 783 ipso
436 692 591 761 canonico
605 691 802 784 presbyteris
813 713 1003 760 concessum
1017 703 1054 758 at
1066 713 1099 758 sc
1113 689 1286 758 advocatos
1296 689 1332 756 ia
1344 688 1410 756 tri-

264 797 436 866 bunalibus
450 799 668 867 ecclesiasticis
682 799 780 868 libere
792 799 968 868 exhibeant
985 797 1098 891 (capite
1112 796 1229 865 scilicet
1245 794 1409 866 Sacerdo-

263 917 320 986 tes,
340 905 378 974 de
392 905 622 996 Postulando);
640 905 793 998 additque
808 907 909 974 fuisse
925 905 1017 974 illem
1032 904 1179 995 Fagnani
1196 903 1407 971 sententiam.

262 1011 327 1082 Sed
341 1013 507 1104 quomodo
522 1035 640 1084 verum
653 1013 694 1081 sit
711 1013 771 1082 hoc
784 1022 963 1106 utrumque
975 1019 1149 1099 essedum,
1165 1033 1226 1102 ego
1243 1011 1336 1103 plane
1350 1009 1410 1078 vi-

262 1117 339 1188 dere
355 1142 421 1188 uon
438 1120 542 1212 potui.

305 1227 391 1296 Nam
401 1227 527 1318 primo,
544 1227 630 1296 dicto
644 1228 748 1319 capite
766 1229 852 1300 Cum
866 1227 1052 1309 secedatis,
1068 1227 1108 1296 de
1118 1225 1309 1319 presbytero
1321 1222 1411 1290 dici-

262 1341 328 1421 tur,
342 1336 418 1405 Non
484 1333 548 1426 ipsi
561 1334 688 1403 licitum
700 1335 943 1426 estposrutara
955 1341 1124 1404 etcertum
1136 1339 1185 1402 eet
1194 1333 1280 1400 hauc
1290 1330 1411 1424 prohi-

261 1441 419 1511 bitionem
441 1465 461 1511 a
484 1442 658 1512 canonistis
686 1443 904 1512 communiter
932 1442 1070 1534 intelligi
1094 1440 1203 1534 quoad
1227 1447 1410 1528 utrumque

261 1549 385 1636 forum,
407 1561 443 1617 ut
463 1571 563 1640 supra
581 1549 812 1618 indicavimus.
835 1549 979 1641 Excepto
999 1570 1117 1640 nempe
1135 1545 1298 1616 Hostiensi
1315 1545 1409 1636 (cum

262 1654 470 1747 paucissimis
494 1655 578 1725 forte
595 1656 695 1748 aliis),
714 1665 824 1725 tenent
839 1656 986 1726 doctores
1002 1677 1060 1748 per
1074 1654 1163 1724 huuc
1181 1661 1308 1723 textum
1322 1673 1411 1744 pm-

263 1763 368 1832 hibcri
386 1763 568 1832 sacerdotes
587 1765 628 1832 ab
647 1762 828 1834 exercenda
851 1762 1033 1850 advocatia,
1057 1762 1158 1832 etiam
1175 1783 1288 1830 coram
1307 1759 1411 1829 ecclc-

262 1870 391 1938 siastico
410 1870 536 1962 judice.
562 1871 657 1940 Unde
680 1893 746 1940 nou
767 1871 898 1940 videtur
923 1871 1127 1940 contrarium
1146 1878 1232 1940 reete
1248 1877 1410 1960 tauquam

262 1985 388 2046 certum
405 1980 514 2048 asseri.
530 1978 691 2062 Secundo,
705 1978 829 2047 nedum
841 1979 1017 2070 Fagnauus
1028 1979 1144 2048 sentiat
1154 1975 1242 2070 quod
1254 1975 1413 2067 supponit

262 2094 373 2153 auctor
394 2084 519 2177 dequo
538 2085 719 2178 loquimur,
739 2086 874 2156 omuino
894 2085 1082 2178 oppositum
1099 2092 1187 2153 tenet
1208 2092 1240 2152 et
1261 2105 1303 2151 ex
1327 2103 1411 2174 pro-

263 2193 347 2261 fesso
362 2192 464 2262 docet.
486 2193 720 2262 Gommentans
736 2194 826 2262 enim
846 2194 981 2262 citatum
1001 2201 1097 2285 caput
1113 2195 1199 2262 Cam
1218 2189 1407 2272 sacerdotis,

263 2301 312 2368 sic
322 2301 431 2390 arguit
445 2327 454 2370 ε
470 2300 623 2390 «Regula
635 2309 695 2387 est,
708 2299 867 2370 sacerdoti
885 2323 951 2369 non
961 2322 1030 2368 esse
1047 2300 1174 2368 licitum
1187 2297 1411 2368 advocationis

267 2434 284 2474 a
307 2407 450 2478 officium
469 2431 619 2478 exercere
635 2431 692 2477 seu
707 2409 883 2500 postulare,
901 2417 937 2476 ut
953 2409 1006 2477 hic
1024 2429 1230 2501 expressum.
1245 2406 1286 2474 Et
1310 2404 1412 2473 habet

267 2515 415 2584 «lacum
446 2515 516 2585 haec
545 2516 659 2606 regula
686 2517 784 2584 etiam
812 2517 848 2583 in
875 2515 947 2585 foro
972 2515 1197 2584 ecclesiastico.
1231 2513 1316 2582 Nem
1347 2513 1411 2580 etsi

268 2650 284 2688 n
307 2623 531 2692 Hostieusis...
550 2622 666 2690 sentiat
682 2620 839 2691 sacerdoti
855 2644 925 2690 esse
938 2621 1088 2690 illicitum
1106 2620 1269 2712 postulare
1284 2619 1318 2685 in
1336 2618 1412 2687 iuro

268 2756 284 2795 a
308 2728 456 2798 saeculari
468 2728 652 2816 dumtaxat,
670 2750 736 2796 non
748 2736 858 2796 autem
871 2728 906 2795 iu
922 2728 993 2796 foro
1007 2726 1233 2812 ecclesiastico,
1252 2724 1314 2793 nisi
1329 2747 1411 2792 cum

269 2865 284 2901 a
309 2835 512 2928 perceptione
537 2835 662 2916 salarii;
686 2845 794 2904 tamen
820 2834 892 2927 ejus
918 2835 1030 2925 opinio
1054 2834 1258 2926 abantiquis
1281 2841 1313 2900 et
1333 2853 1413 2900 mo-

269 2971 285 3008 a
308 2943 418 3012 deruis
438 2941 624 3012 doctoribus
645 2943 864 3012 communiter
887 2942 1092 3032 reprobatur.
1121 2967 1137 3006 r>
1165 2941 1205 3008 Et
1233 2947 1410 3032 postquam

267 3051 363 3122 variis
377 3049 557 3118 rationibus
572 3048 712 3118 ostendit
725 3050 842 3118 merite
859 3049 1026 3140 reprobari
1042 3047 1234 3140 praedictam
1250 3047 1412 3114 Hosticu-

265 3158 308 3226 sis
322 3158 522 3250 opinionem,
538 3157 584 3225 sic
601 3155 691 3224 addit
714 3183 721 3222 ι
746 3182 763 3221 a
778 3156 866 3224 Tene
882 3156 984 3245 igitur
999 3154 1218 3223 differentiam
1234 3173 1303 3221 csse
1323 3152 1412 3220 iuter

268 3289 284 3327 ι(
308 3262 436 3330 clericos
453 3271 485 3330 et
499 3261 688 3330 sacerdotes.
706 3262 791 3331 Nam
808 3262 915 3330 clerici
931 3262 1028 3329 etiam
1048 3261 1082 3327 iu
1099 3260 1209 3346 sacris,
1226 3267 1258 3328 et
1278 3259 1412 3326 beneti-

269 3394 285 3432 a
308 3367 395 3453 cisti,
413 3367 448 3434 in
465 3365 536 3434 foro
551 3367 702 3435 Ecclesiae
716 3376 850 3458 possunt
866 3389 934 3435 csse
956 3365 1145 3436 advocati...
1168 3364 1233 3434 Sed
1252 3364 1412 3433 sacerdo-

269 3501 286 3538 «
310 3474 396 3542 tibus
414 3472 475 3542 hoc
491 3495 557 3542 uon
576 3472 662 3560 licet,
685 3473 783 3541 etiam
800 3495 910 3541 coram
925 3471 1035 3565 judice
1048 3471 1271 3558 ecclesiastico,
1294 3470 1360 3538 nisi
1374 3470 1413 3538 in

269 3609 285 3647 a
309 3589 449 3672 quatuor
462 3580 593 3648 casibus
606 3579 659 3648 hic
672 3580 846 3670 expressis.
864 3605 881 3645 s

311 3693 365 3758 10⁰
392 3689 439 3756 De
458 3687 612 3756 brevibus
631 3695 740 3756 autem
766 3686 957 3778 pontificiis,
978 3688 1097 3778 quibus
1117 3686 1276 3755 sacerdoti
1300 3685 1414 3753 facui-

265 3808 314 3866 tas
338 3795 525 3864 conceditur
551 3793 753 3862 advocatiam
776 3795 810 3862 in
835 3803 975 3886 utroque
999 3795 1070 3865 ioro
1099 3791 1283 3878 exercendi,
1312 3801 1415 3884 prout

265 3911 416 3974 exercent
437 3901 583 3970 advocati
607 3900 680 3969 laici
699 3902 845 3993 (excepta
866 3912 975 3970 tamen
1003 3925 1100 3970 causa
1124 3901 1321 3991 sauguinis),
1340 3907 1417 3968 tes-

265 4021 351 4081 tatur
373 4009 566 4078 Benedictus
590 4007 682 4094 XIV,
702 4017 733 4076 et
755 4031 829 4077 raro
847 4009 881 4077 id
896 4010 1042 4097 concedi,
1064 4021 1095 4077 et
1113 4009 1216 4077 solere
1236 4007 1416 4076 dumtaxat

265 4141 401 4210 eousque
411 4115 634 4188 advocationis
645 4116 836 4185 sacrariam
846 4115 1117 4208 attemperanda,
1133 4127 1416 4207 quousquecertos

266 4226 487 4301 ecclesiasticos
508 4222 630 4292 reditus
648 4223 684 4290 in
705 4245 886 4314 conpruam
904 4224 1188 4313 sturnitationem,
1208 4235 1270 4291 aar
1289 4221 1415 4315 denefi-
