3046 4962
295 467 335 531 to
664 485 839 530 macrinus
862 484 901 530 urs
922 482 1058 531 runicus

290 607 383 692 serit,
404 605 492 698 quod
513 605 678 673 communi
701 613 891 674 caeterorum
912 604 1070 674 doctrinm
1087 613 1118 672 et
1136 604 1233 674 totius
1250 601 1432 672 traditionis

289 715 472 783 testimonio
486 713 652 780 adversari
668 713 826 801 videatur,
844 713 878 782 id
897 713 1037 803 benigne
1052 735 1120 781 esse
1136 710 1429 804 interpretandum,

288 831 336 889 est
355 820 469 910 regula
487 822 574 910 apud
589 820 756 910 theologos
774 829 859 888 certa
874 828 904 888 et
920 821 1067 888 unanimi
1091 841 1250 888 consensu
1274 818 1429 886 admissa.
1511 825 1512 886 3

288 928 372 997 Cum
392 951 471 1018 ergo
486 927 636 995 Ecclesiae
655 937 827 995 externum
848 927 957 995 lorum
971 928 1104 1018 vimque
1124 927 1299 995 coactivam
1322 933 1433 1016 aperte
1511 965 1512 970 κ

287 1045 409 1103 asserat
428 1043 493 1103 tota
511 1034 703 1124 antiquitas,
725 1035 969 1126 communisque
993 1034 1127 1103 Patrum
1149 1033 1292 1119 traditio,
1308 1041 1341 1100 et
1355 1053 1435 1121 per-

287 1151 384 1233 petua
397 1141 519 1232 praxis,
535 1141 651 1209 citatus
674 1141 775 1209 sancti
798 1139 1024 1230 Chrysostomi
1044 1147 1153 1208 textus
1168 1140 1203 1206 in
1226 1137 1313 1205 hunc
1333 1137 1432 1206 ctiam
1511 1155 1512 1198 t

287 1269 418 1316 sensum
449 1249 510 1316 erit
537 1247 811 1338 interpretandus.
839 1247 1002 1316 Caeterum
1032 1246 1118 1314 idem
1148 1255 1277 1314 sanctus
1306 1244 1431 1330 doctor,

287 1355 421 1423 homilia
438 1357 496 1439 13,
516 1355 552 1422 in
571 1363 670 1446 caput
689 1359 708 1422 l
730 1355 845 1445 primae
865 1353 906 1422 ad
927 1353 1153 1440 Timotheum,
1174 1375 1213 1421 ea
1236 1373 1433 1421 enumerans
1511 1385 1512 1420 ς

285 1481 359 1549 quae
380 1458 591 1526 ecclesiastica
613 1467 753 1550 potestas
776 1481 951 1552 procurare
966 1459 1061 1527 debet
1074 1459 1130 1527 via
1145 1457 1373 1549 persuasionis,
1399 1465 1432 1524 et
1511 1465 1512 1514 3

285 1587 323 1634 ea
336 1589 411 1656 quae
426 1588 501 1633 cum
516 1565 666 1658 imperio,
685 1568 730 1635 sic
746 1568 939 1635 sententiam
955 1566 1077 1635 claudit
1091 1593 1099 1632 :
1115 1565 1204 1634 uides
1218 1579 1255 1633 ut
1267 1566 1433 1655 imperare
1511 1597 1512 1624 i

281 1673 486 1744 sacerdmum
501 1697 623 1744 necesse
637 1677 692 1744 sit.
706 1677 770 1744 Ubi
785 1687 872 1746 certe
887 1677 996 1746 forum
1010 1685 1183 1746 externum
1206 1687 1238 1744 et
1254 1677 1321 1743 vim
1337 1697 1432 1743 coac-
1511 1673 1512 1728 ἒ

283 1781 384 1850 tivam
399 1782 552 1851 Ecclesia
564 1783 691 1871 tribuit,
705 1784 825 1852 cumei
839 1807 905 1853 non
918 1785 1161 1876 persuasionem
1176 1783 1359 1869 dumtaxat,
1373 1781 1434 1849 sed
1511 1807 1512 1886 ζ

286 1897 317 1956 et
331 1890 508 1979 inperium
522 1913 562 1958 ex
580 1890 726 1982 professo
742 1890 917 1958 adscribat.

742 2152 886 2222 CAPUT
910 2153 970 2224 IV.

287 2341 436 2388 Pomm
463 2341 609 2386 nectum
630 2341 810 2426 conaqmva
833 2343 1051 2390 INTELLIGENDA
1075 2343 1130 2388 nst·
1153 2343 1248 2388 lt'l'lffl
1274 2343 1311 2388 DE
1336 2343 1433 2388 POENIS
1511 2323 1512 2340 χ

588 2457 817 2505 mensurans
840 2459 879 2504 ΕΤ
900 2459 1133 2507 conmaculans

331 2642 369 2709 ln
391 2639 552 2731 superiori
570 2641 672 2731 capite
693 2641 774 2710 dum
794 2642 946 2710 Ecclesiae
967 2642 1207 2713 vindicavimus
1223 2641 1431 2733 judiciariam
1511 2681 1512 2742 3

288 2755 477 2842 potestatem
496 2771 572 2816 cum
590 2748 698 2838 aliqua
717 2749 750 2816 vi
766 2750 921 2834 coactiva,
942 2772 1098 2840 qnaenam
1116 2748 1199 2817 toret
1219 2771 1257 2816 ea
1274 2749 1321 2814 cis
1338 2769 1434 2814 coac-
1511 2743 1512 2824 ἶ

288 2857 357 2923 tiva
374 2878 439 2922 non
459 2855 751 2925 determinavimus
778 2883 785 2922 :
809 2857 1026 2946 questionem
1046 2855 1183 2940 scilicet,
1206 2875 1248 2921 an
1267 2875 1326 2946 per
1346 2852 1435 2920 solas

290 2963 475 3053 spirituales
492 2983 605 3052 peenas
625 2960 771 3028 Ecclesia
790 2983 936 3030 coercere
956 2962 1070 3052 possit,
1091 2984 1133 3029 an
1154 2962 1251 3030 etiarn
1273 2983 1331 3050 per
1349 2969 1434 3028 tem·

291 3069 416 3156 porales
440 3077 471 3135 et
495 3066 679 3159 corporales
705 3069 942 3156 castigationes,
972 3069 1125 3136 intactam
1151 3066 1357 3157 reliquimus.
1388 3067 1436 3132 Ea

291 3197 368 3243 vero
389 3197 476 3242 nuno
499 3175 551 3242 hic
576 3175 749 3265 separatim
775 3172 969 3243 excutienda
998 3175 1097 3243 venit.
1127 3174 1192 3242 Nec
1219 3182 1309 3264 putet
1335 3173 1436 3239 lector

291 3281 456 3350 abundare
476 3281 736 3372 disquisitionem
757 3281 959 3370 hujusmodi,
983 3304 1022 3350 eo
1045 3280 1133 3372 quod
1155 3280 1288 3348 evidens
1310 3280 1352 3348 sit
1373 3279 1436 3345 Ec·
1511 3283 1512 3300 ¹

293 3389 398 3456 clesiae
416 3397 603 3479 potestatem
621 3409 686 3455 non
702 3411 794 3478 posse
810 3388 875 3456 dici
892 3409 965 3456 vere
981 3389 1173 3474 coactivam,
1192 3388 1253 3454 nisi
1272 3408 1330 3477 per
1350 3395 1436 3455 tem-

295 3494 420 3585 porales
434 3502 467 3561 et
483 3493 665 3583 corporales
677 3513 801 3582 poenas.
819 3493 904 3560 Nam
920 3494 1135 3584 quantumvis
1150 3493 1183 3560 id
1200 3501 1309 3585 patere
1324 3491 1437 3559 videa-

298 3613 362 3686 tur,
389 3623 455 3669 non
477 3599 595 3667 desunt
615 3598 673 3688 qui
694 3599 806 3688 negari
828 3623 921 3689 posse
940 3601 1139 3687 existiment,
1162 3598 1261 3668 salvis
1281 3599 1438 3668 omnibus
1511 3603 1512 3682 l

296 3707 447 3776 Ecclesiae
461 3707 521 3774 bac
532 3705 571 3772 de
583 3727 618 3771 re
630 3705 776 3773 decretis.
791 3705 1011 3774 Subscribunt
1022 3729 1141 3798 nempe
1153 3728 1439 3797 supra-memora·

297 3816 339 3883 tis
351 3814 501 3882 Ecclesiae
512 3813 769 3898 delinitionibus,
785 3814 853 3879 vim
867 3814 1045 3881 coactivam
1055 3814 1275 3881 ecclesiasticae
1288 3814 1438 3905 potestati
1511 3823 1512 3888 t

298 3919 553 3998 vindicantibus3
571 3927 681 3987 atvero
697 3919 798 3986 simul
816 3920 931 3987 volunt
944 3943 1018 3988 eam
1038 3921 1236 3988 coactionem
1252 3919 1439 4010 intelligen-
1511 3945 1512 4002 ξ

298 4030 376 4100 dam
385 4050 453 4096 esse
464 4027 505 4094 de
514 4026 591 4094 solis
601 4025 824 4115 spiritualibus
834 4027 950 4116 poenis,
962 4026 1054 4094 verbi
1066 4027 1182 4116 gratia,
1193 4027 1438 4095 deexcommn-

298 4136 468 4222 nicationu,
483 4134 704 4224 suspensione,
721 4133 902 4218 interdicto,
916 4133 1114 4224 depositione
1128 4157 1148 4201 a
1160 4133 1297 4202 clericali
1316 4133 1435 4224 officio,

298 4242 449 4312 beneficii
478 4240 678 4332 privatione,
708 4249 740 4308 et
769 4241 805 4306 in
835 4240 967 4308 clericos
1000 4237 1239 4330 degradationis
1267 4243 1435 4312 sentemia.
1511 4269 1512 4278 ³
