2998 4984
282 463 345 532 us
653 481 831 534 reserares
852 484 890 532 ou
912 483 1045 533 marnis.

280 614 402 674 etcum
414 603 600 674 nullatenus
621 605 690 675 lora
704 606 873 677 Viearinm
887 605 1086 694 generalem,
1101 603 1158 672 aad
1173 625 1308 673 merum
1322 604 1417 674 dnm·

280 721 370 780 taxat
385 711 584 802 delegatum,
601 713 659 804 qui
672 735 739 782 non
758 713 891 782 haberet
903 711 1165 803 jurisdictionem
1178 711 1334 803 Episcopi
1347 715 1418 780 uni-

280 820 448 900 versalem,
469 820 585 888 saltem
608 820 775 888 moraliter
798 817 978 911 loquendo;
1006 819 1054 888 vel
1076 818 1133 909 qui
1159 841 1247 902 eam,
1267 821 1419 910 quamvis

280 922 512 1007 universalem,
538 922 670 992 haberet
693 923 833 992 divisam
852 921 1108 1013 ajurisdictione
1129 921 1293 1013 Episcopi,
1322 924 1368 991 ita
1387 933 1420 992 ut

280 1028 322 1096 ab
343 1028 413 1118 ojus
426 1029 594 1096 sententiis
608 1026 740 1098 daretur
759 1029 801 1098 ad
817 1029 1014 1120 Episcopum
1028 1028 1213 1119 appellatio.
1231 1029 1338 1098 Porro
1353 1029 1420 1096 haar

280 1157 440 1206 versasse
455 1143 634 1226 nequeunt,
651 1137 732 1228 quin
748 1134 849 1204 simul
861 1156 979 1204 verum
999 1134 1054 1220 sit,
1069 1155 1162 1225 posse
1177 1134 1353 1205 Vicarium
1368 1157 1421 1225 ga-

282 1243 425 1311 neralem
442 1242 554 1311 omnia
571 1241 765 1331 generaliter
784 1263 859 1333 quae
881 1249 986 1333 potest
999 1242 1191 1333 Episcopus.
1207 1243 1296 1330 Ergo
1318 1243 1347 1310 si
1367 1265 1422 1310 ne-

280 1357 378 1440 queat
398 1349 550 1418 Vioarius
565 1349 725 1438 generalis
743 1349 852 1439 aliqua
862 1347 1080 1438 jurisdictioni
1096 1348 1270 1440 episcopali
1288 1370 1424 1439 compe-

280 1456 380 1522 tentia
394 1475 556 1540 exercere,
574 1453 608 1522 id
621 1454 810 1542 contingere
825 1452 939 1544 nequit
955 1453 1017 1520 nisi
1033 1453 1194 1544 perviam
1209 1454 1423 1544 scorpaena,-

283 1583 325 1630 ex
341 1583 379 1629 eo
400 1561 520 1630 scilicet
534 1560 620 1651 quod
641 1561 693 1627 vel
715 1561 767 1629 lex
791 1559 1013 1644 ecclesiastica,
1033 1560 1086 1629 vel
1102 1561 1170 1652 ipse
1185 1559 1371 1651 Episcopus
1385 1583 1423 1628 er

280 1668 492 1760 pastoralitate
511 1663 744 1759 jurisdictionis
766 1663 969 1758 episcopalis,
986 1689 1044 1758 per
1064 1666 1226 1758 ejusmodi
1249 1665 1422 1736 Vicarium

281 1776 484 1862 exercendae,
510 1773 631 1868 aliquid
653 1773 826 1866 exceperit.
852 1771 1022 1866 Alioquin,
1047 1771 1263 1843 abstrahendo
1278 1771 1323 1840 ab
1338 1773 1424 1841 hisae

281 1879 546 1966 limitationibus,
564 1903 621 1972 per
636 1903 670 1946 se
685 1889 716 1947 et
732 1880 766 1948 vi
779 1879 949 1972 ipsiusmet
963 1877 1178 1972 deputationis
1189 1901 1259 1948 suae
1274 1877 1312 1945 in
1327 1875 1424 1946 Vica-

280 1989 370 2059 rinm
390 1987 584 2078 generalem,
613 1987 730 2077 poterit
751 1984 901 2054 eamdem
926 1985 1072 2074 omnino,
1093 1994 1124 2053 et
1147 1993 1245 2054 totam
1264 1995 1423 2076 quantam

281 2095 460 2188 Episcopus
472 2091 732 2185 jurisdictionem
757 2114 917 2164 exercere.
941 2091 1030 2180 Ergo
1050 2113 1163 2160 revera
1185 2101 1348 2182 unquam
1375 2115 1427 2160 re-

280 2201 359 2292 gula
380 2199 538 2291 generalis
559 2197 800 2268 admittendum
823 2207 883 2286 est,
909 2220 1002 2292 posse
1025 2219 1103 2267 eum
1128 2193 1290 2290 quidquid
1323 2209 1426 2290 potest

280 2305 581 2400 jurisdictionalitar
598 2306 788 2398 Episcopus,
812 2305 954 2398 exceptis
978 2327 1052 2396 quse
1070 2301 1125 2397 jus
1147 2314 1281 2396 excepta
1304 2306 1425 2390 voluit,

283 2415 333 2482 vel
349 2437 424 2506 quae
437 2411 614 2505 Episcopus
629 2411 690 2479 sibi
706 2407 896 2480 reservavit.

327 2521 385 2590 Est
398 2530 507 2589 autem
523 2519 620 2588 hocce
632 2517 833 2612 principium
849 2516 942 2586 valde
958 2515 1191 2586 attendendum
1207 2517 1346 2610 quando
1360 2521 1429 2608 agi-

282 2639 336 2699 tur
364 2628 404 2696 de
434 2625 635 2695 dimetienda
661 2631 694 2692 et
716 2622 961 2694 determinanda
985 2623 1193 2694 Vioariornm
1217 2625 1427 2713 generalium

282 2743 447 2829 potestate
478 2731 601 2800 Iudicat
629 2731 718 2800 enim
747 2731 788 2799 ad
814 2725 974 2822 ejusmodi
1001 2725 1313 2800 determinationem
1346 2745 1429 2800 recte

282 2841 425 2935 procedi,
441 2863 506 2909 non
521 2838 657 2908 dicendo
668 2835 750 2931 quid
756 2838 860 2932 possit
871 2835 1020 2907 Vicarins
1031 2833 1202 2929 generalis,
1217 2837 1275 2905 sed
1287 2839 1429 2907 dicendo

281 2947 363 3042 qaid
375 2972 440 3018 non
451 2947 570 3042 possit,·
584 2947 618 3014 id
629 2955 677 3016 est
690 2947 905 3037 exceptiones,
916 2968 991 3038 quae
1008 2941 1041 3012 in
1057 2946 1127 3038 ipso
1141 2941 1365 3038 episcopalem
1379 2946 1430 3038 jn-

283 3055 504 3130 risdictionem
515 3053 671 3139 limitent,
687 3052 890 3144 exponendo.

327 3161 420 3244 Quod
439 3185 517 3230 vero
542 3159 665 3250 dictum
687 3159 837 3249 generale
858 3157 1054 3250 principium
1075 3159 1301 3227 communiter
1315 3181 1338 3227 a
1354 3159 1430 3227 doc-

284 3270 408 3339 toribus
422 3279 578 3360 tanquam
601 3276 727 3334 eertum
748 3264 907 3352 tradatur,
925 3265 1001 3332 satis
1019 3265 1141 3356 patebit
1154 3287 1196 3332 ex
1212 3266 1431 3356 sequentibus

284 3377 437 3448 Laurenii
460 3373 568 3443 verbis
587 3399 594 3441 :
617 3373 799 3442 «Vicarius
814 3372 974 3461 generalis
993 3371 1144 3463 Episcopi
1162 3371 1242 3462 quid
1262 3373 1374 3462 possit
1396 3396 1431 3438 eo

289 3511 306 3548 a
329 3485 400 3575 ipso
419 3481 506 3574 quod
529 3481 757 3564 constituatur,
780 3479 847 3547 sive
870 3501 910 3546 ex
930 3480 965 3546 vi
985 3479 1156 3546 vicariatus
1182 3479 1356 3566 generalis
1375 3499 1432 3570 per

288 3587 593 3658 «commissionem
620 3585 811 3674 generaliter
838 3583 956 3651 iactam
982 3584 1011 3652 ei
1040 3582 1170 3652 collatil
1195 3583 1430 3674 Respondao:

289 3697 436 3764 «Potest
460 3715 575 3763 omnes
599 3715 712 3761 causas
738 3691 778 3758 ad
803 3690 1016 3782 episcopalem
1037 3684 1302 3780 jurisdictionem
1329 3692 1434 3782 perti-

289 3833 305 3870 «
330 3813 440 3872 nentes
455 3799 620 3891 expedire,
643 3797 936 3890 praesentesque
952 3796 1087 3887 speciale
1103 3794 1300 3864 mandatum
1317 3799 1435 3888 requi-

290 3937 306 3978 «
330 3920 407 3980 runt
429 3909 571 4000 (Garoias
597 3958 651 3993 ...,
674 3904 897 3996 Pirrhing...).
926 3905 968 3972 Et
988 3905 1032 3972 sio
1055 3902 1208 3974 Vicarius
1229 3905 1435 3992 generaliter

289 4049 306 4090 a
328 4019 520 4089 constitutus
535 4014 825 4107 presumptionem
847 4035 906 4104 pro
930 4011 1087 4096 sehabet,
1114 4011 1202 4101 quod
1218 4033 1341 4080 omnes
1354 4035 1433 4080 cau·

289 4155 307 4196 a
329 4150 381 4196 aas
390 4121 623 4217 jurisdictionis
638 4119 827 4211 episcopalis
841 4121 994 4209 expedire
1015 4117 1129 4208 possit,
1155 4117 1217 4186 uisi
1232 4131 1363 4188 constet
1382 4119 1433 4186 rel

289 4263 305 4306 a
328 4231 514 4306 ostendatur
527 4229 600 4321 jure
615 4229 745 4318 scripto,
771 4236 827 4300 aut
843 4236 968 4318 recepta
986 4226 1154 4296 curiarum
1172 4228 1432 4314 consuetudine,
