3032 4976
306 496 367 559 268
675 517 851 562 mrcrarus
873 515 912 560 ou
934 514 1066 561 suorum.

304 636 498 706 monasterio
514 635 710 727 adscriptus,
725 636 770 706 ibi
785 635 988 704 domicilium
1003 634 1122 703 habere
1136 641 1296 720 censetur,
1314 631 1448 702 etiarnsi

303 743 385 812 forte
409 752 482 812 actu
503 765 646 834 praesens
671 745 814 831 nonsit,
839 752 875 811 ut
900 750 1009 810 tenent
1031 741 1178 810 doctores
1208 739 1445 809 communiter.

303 849 399 940 (Vide
422 849 726 939 Scbmalzgrueber,
747 849 781 917 in
803 851 851 917 tit.
876 855 908 935 2,
926 848 1035 917 libri2
1059 847 1288 931 Decretalium,
1309 869 1341 913 n.
1374 845 1446 934 tt.)

302 959 383 1026 Item
405 957 613 1026 beneficiatus
629 957 832 1028 domicilium
850 958 968 1026 habere
987 966 1137 1025 censetur
1151 957 1259 1025 locum
1275 953 1447 1037 beneficii,

299 1065 426 1133 etiamsi
449 1064 574 1133 ibidem
591 1087 655 1134 non
680 1065 791 1156 degat;
817 1067 862 1133 ita
886 1065 1005 1133 scilicet
1026 1073 1063 1133 ut
1085 1065 1113 1130 si
1137 1061 1330 1132 beneficium
1359 1061 1449 1129 rosi-

301 1171 444 1241 dentiam
460 1174 582 1263 exigat,
604 1174 705 1265 possit
727 1197 839 1243 coram
858 1173 1032 1243 Ordinario
1050 1172 1137 1240 illius
1154 1171 1217 1240 loci
1230 1169 1450 1238 beneficiatus

298 1281 477 1366 conveniri,
499 1292 569 1349 tum
585 1281 620 1349 in
639 1283 744 1351 causis
759 1282 955 1351 beneficium
973 1277 1229 1372 respicientibus,
1247 1287 1317 1346 tum
1335 1280 1448 1346 etiam

302 1388 338 1456 in
355 1387 426 1455 aliis
453 1415 459 1455 :
484 1389 606 1457 sivero
629 1388 838 1458 residentiam
861 1411 927 1456 non
947 1389 1069 1478 exigat,
1093 1387 1126 1453 in
1147 1385 1251 1454 causis
1268 1383 1451 1454 dumtaxat

301 1495 495 1564 beneficium
516 1497 772 1588 respicientibus.
793 1496 888 1586 (Vide
904 1494 1208 1586 Schmalzgrueber,
1226 1493 1320 1561 citato
1339 1491 1447 1582 loco.)

302 1603 383 1672 Item
414 1603 620 1693 vagabundis
654 1627 714 1696 pro
749 1604 917 1673 domicilio
947 1611 994 1671 est
1023 1600 1161 1694 quilibet
1193 1601 1283 1668 locus
1312 1599 1346 1666 in
1378 1623 1451 1692 quo

303 1711 712 1803 reperiuntur51icetn0n
737 1707 985 1798 commorando,
1013 1709 1068 1776 sed
1094 1706 1291 1776 transeundo
1317 1705 1449 1775 ibidem

302 1818 453 1887 existant.

346 1926 417 2009 Qua
439 1925 479 1994 de
502 1924 641 2014 singulis
660 1923 817 1992 domicilii
837 1922 1006 2014 speciebus
1027 1923 1198 2014 praemissa
1217 1920 1322 2010 magis
1343 1921 1450 1990 obvia

303 2032 444 2118 notione,
460 2029 711 2122 expendendum
734 2029 822 2098 venit
837 2029 1003 2121 quomodo
1017 2029 1277 2120 unumquodque
1290 2051 1330 2096 ex
1346 2027 1450 2097 dietis

303 2139 476 2207 domiciliis
499 2139 719 2224 contrabatur,
743 2147 774 2205 et
800 2159 980 2228 quemnam
1005 2138 1073 2204 vim
1102 2136 1217 2204 habeat
1242 2132 1282 2202 ad
1307 2157 1449 2226 compc-

302 2254 423 2314 tentcm
440 2245 723 2313 determinandum
740 2244 862 2313 forum.

345 2353 385 2421 ll.
408 2353 578 2436 chomodo
595 2353 821 2432 contrabatur,
840 2363 871 2418 et
887 2350 955 2441 sori
968 2350 1220 2440 competentium
1235 2349 1446 2434 determinet,

301 2460 503 2530 domicilium
519 2460 665 2550 oripinc's.
681 2459 810 2527 -Etsi
827 2459 946 2549 injure
958 2458 1114 2526 canonico
1130 2459 1235 2525 rarius
1246 2457 1287 2525 erl
1302 2457 1449 2548 originis

301 2567 503 2664 domicilium
525 2566 758 2634 attendendum
778 2566 831 2652 sit,
850 2589 926 2634 cum
943 2565 1010 2632 fere
1025 2588 1194 2656 nunquam
1217 2565 1258 2630 ab
1280 2563 1447 2656 ejusmodi

301 2675 465 2743 domicilio
482 2673 704 2766 superioribus
723 2672 943 2741 ecclesiasticis
965 2672 1180 2762 competentia
1194 2671 1334 2758 accedet,
1352 2694 1448 2762 prae-

300 2782 437 2850 termitti
455 2789 562 2848 tamen
579 2802 645 2848 uon
664 2780 806 2872 oportuit
825 2779 946 2870 duplex
969 2779 1136 2870 proposita
1156 2779 1303 2870 quaestio,
1320 2779 1447 2871 quippe

300 2913 375 2981 quac
408 2889 447 2956 ad
478 2887 708 2956 illustrandum
740 2896 840 2955 totam
871 2886 911 2954 dc
944 2887 1016 2954 foro
1044 2886 1237 2977 competenti
1269 2886 1447 2954 materiam

300 2996 449 3066 nonnihil
462 2997 615 3064 conferat.

347 3109 379 3172 1⁰
394 3103 566 3188 Quomodo
585 3101 795 3171 contrahatur
816 3100 1018 3169 domicilium
1040 3100 1185 3190 originis.
1205 3137 1248 3152 -
1262 3100 1337 3169 lam
1353 3100 1448 3169 dixi-

300 3235 375 3280 mus
388 3211 524 3300 originis
540 3209 745 3278 domicilium
762 3208 896 3276 vocitari
908 3208 1032 3292 locum,
1049 3207 1083 3274 in
1098 3230 1163 3299 quo
1177 3207 1252 3299 quis
1264 3213 1358 3274 natus
1375 3216 1444 3292 est;

300 3317 354 3386 sed
371 3318 481 3385 minus
497 3325 645 3384 accurata
664 3323 712 3382 est
727 3315 783 3383 illa
802 3314 907 3400 notio;
930 3315 1007 3405 quia
1020 3315 1110 3382 locus
1125 3315 1158 3380 in
1175 3337 1241 3405 quo
1257 3314 1330 3404 quis
1346 3323 1448 3383 uatus

300 3431 359 3509 est,
384 3447 441 3489 nec
462 3421 551 3489 solus
571 3443 630 3488 nec
650 3443 780 3512 semper
799 3419 966 3487 constituit
984 3419 1031 3502 id,
1053 3419 1139 3511 quod
1162 3419 1196 3486 in
1214 3419 1288 3509 jure
1303 3418 1448 3486 domici-

299 3530 382 3596 lium
399 3528 535 3616 originis
549 3527 677 3595 dicitur.
694 3527 779 3595 Nam
790 3527 902 3617 primo
915 3525 976 3594 hoc
988 3527 1120 3593 nomine
1134 3526 1222 3593 venit
1237 3525 1271 3592 in
1285 3526 1359 3617 jure
1375 3525 1448 3594 Ro-

302 3659 412 3722 mane,
429 3657 494 3703 nou
512 3641 638 3700 tantum
653 3632 745 3701 locus
762 3635 796 3701 in
818 3656 883 3725 quo
899 3633 972 3723 quis
988 3633 1050 3700 luit
1069 3633 1103 3699 in
1118 3633 1224 3700 lucem
1241 3630 1359 3716 editus,
1388 3633 1448 3698 sed

301 3752 332 3810 ct
357 3744 447 3810 locus
468 3742 500 3808 in
525 3761 590 3832 quo
613 3739 715 3831 ipsius
737 3750 838 3830 pater,
861 3739 914 3806 vel
937 3737 1034 3806 etiam
1060 3739 1162 3829 ipsius
1186 3744 1340 3829 paternus
1360 3759 1449 3806 avus

302 3856 471 3918 natusest.
494 3847 627 3916 Constat
646 3845 716 3936 lege
739 3846 923 3937 Assumptio
941 3847 985 3936 (6,
1003 3844 1038 3912 ff.
1055 3843 1107 3914 Ad
1120 3843 1309 3936 mandorp),
1326 3854 1358 3912 et
1370 3844 1449 3936 lege

300 3957 399 4026 Filios
413 3957 456 4048 (³,
474 3953 607 4041 codicis,
627 3953 666 4022 de
680 3954 834 4046 Municip.
854 3967 885 4022 et
906 3952 1064 4045 Oropia),
1079 3961 1111 4022 et
1124 3952 1195 4042 lege
1209 3951 1359 4020 Libertus
1374 3953 1447 4042 (17,

301 4066 322 4156 ξ
337 4069 368 4150 9,
384 4064 419 4130 ff.
436 4063 487 4132 Ad
501 4060 687 4153 munirem.
703 4061 747 4130 Ut
759 4069 868 4130 tamen
883 4061 957 4153 quis
978 4082 1038 4152 pro
1050 4058 1216 4128 domicilio
1232 4059 1369 4150 originis
1385 4058 1448 4128 ba-

300 4171 374 4238 beat
398 4168 506 4239 locum
527 4170 561 4238 in
580 4191 645 4261 quo
665 4176 819 4258 paternus
841 4167 943 4258 ipsius
962 4189 1045 4235 avus
1064 4175 1159 4235 natus
1179 4174 1240 4254 est,
1262 4165 1447 4258 requiritur

300 4285 338 4349 ut
357 4277 489 4346 vivente
510 4277 617 4346 adbuc
635 4299 696 4344 avo
716 4281 807 4344 ortus
826 4275 877 4343 vel
903 4274 1017 4346 saltem
1043 4281 1216 4365 conceptus
1239 4273 1338 4342 luerit
1354 4273 1446 4366 (vide
