3046 4962
570 503 644 549 rens
672 501 779 548 cmxx.
1200 481 1238 548 63

115 621 306 694 «Dominus
333 608 472 694 instituit
496 647 589 693 suem
615 623 804 710 Ecclesiam,
828 631 864 690 ut
886 630 967 690 esset
994 645 1098 692 uuum
1122 646 1240 716 corpus

116 759 130 796 c
150 733 334 824 mysticum,
352 755 524 824 perunum
540 729 637 799 fidem
653 729 896 822 perducendum
912 730 952 798 ad
964 752 1067 799 unum
1083 753 1242 821 superno-

114 867 129 902 ι
151 839 284 908 turalem
301 842 417 925 linem;
433 861 512 928 ergo
527 837 657 929 reliquit
673 838 707 904 in
723 835 779 904 illa
795 845 982 928 potestatem
1004 837 1044 905 ad
1058 839 1241 928 puniendos

115 971 130 1008 ι
149 955 179 1012 et
192 944 386 1013 coercendos
409 943 642 1028 malefactores,
659 939 716 1034 qui
732 942 873 1010 maxime
889 943 965 1010 huic
980 943 1107 1034 corpori
1124 966 1240 1014 nocere

113 1077 129 1114 u
150 1061 294 1140 possunt.
314 1079 330 1115 o
351 1051 458 1142 (llud,
475 1073 508 1118 n.
534 1051 600 1136 ll.)

150 1162 182 1225 t·
196 1157 424 1227 Conluteudus
446 1155 632 1225 remanebat
654 1177 767 1224 corum
791 1157 952 1247 errorqui
967 1157 1147 1226 concedunt
1166 1160 1242 1250 qui-

108 1265 178 1332 dem
199 1265 241 1333 ad
262 1263 436 1332 Ecclesiam
463 1263 625 1355 pertinere
650 1262 873 1330 coercitionem
904 1263 1161 1355 delinquentium
1184 1289 1242 1357 per

108 1373 286 1464 corporales
300 1394 423 1464 poenas,
436 1370 490 1438 sed
506 1393 546 1438 ex
563 1370 765 1438 concessione
780 1370 944 1438 secularis
957 1371 1123 1462 principis.
1138 1373 1242 1456 Quem

107 1501 246 1546 errorem
258 1479 307 1545 sic
321 1476 454 1569 exponit
470 1475 610 1543 Suarez:
629 1475 711 1542 «Est
727 1474 790 1543 alia
804 1475 966 1542 sententia
980 1498 1055 1566 quae
1068 1476 1244 1568 distinguit

111 1612 126 1650 ιι
148 1587 233 1654 inter
248 1585 305 1653 ille
316 1585 382 1654 duo
397 1607 517 1674 &nera
531 1583 750 1666 coactionum3
768 1590 799 1649 et
814 1581 1014 1674 spiritualem
1030 1583 1143 1652 tribuit
1157 1608 1243 1676 prae-

110 1721 126 1756 ιι
147 1693 221 1760 latis
245 1693 408 1778 uectore,
424 1701 455 1758 et
478 1692 659 1783 praesertim
684 1689 820 1758 Summo
843 1690 991 1758 Pontifici
999 1717 1008 1776 ;
1035 1693 1244 1782 temporalem

111 1829 126 1866 a
149 1823 228 1870 vero
246 1809 278 1868 et
293 1797 494 1890 corporalem
510 1798 711 1890 principibus
730 1795 971 1888 temporalibus.
989 1797 1067 1866 Haec
1088 1798 1151 1868 fuit
1165 1822 1243 1868 sen-

110 1908 250 1976 atentie
275 1906 411 1974 Marsilii
438 1905 601 1990 Patavini,
626 1927 725 1995 quam
750 1913 859 1994 postes
884 1903 1027 1972 defendit
1049 1906 1244 1977 Guillelmus

109 2041 126 2079 ιι
147 2015 314 2082 Barclaius
329 2041 336 2080 :
352 2021 384 2080 et
397 2013 574 2081 novissime
590 2011 629 2080 de
644 2012 705 2079 hec
721 2033 755 2078 re
769 2011 897 2102 scripsit
911 2012 944 2078 in
961 2011 1106 2081 levorem
1121 2015 1246 2105 princi-

108 2151 125 2186 ιι
148 2145 227 2214 pum
242 2121 467 2212 temporalium
483 2119 619 2212 quidam
632 2118 784 2186 ementito
796 2117 927 2186 nomine
939 2119 1240 2211 RogerusAnglus3

109 2257 126 2294 ιι
147 2229 206 2320 qui
222 2252 256 2297 se
272 2227 464 2296 catholicum
479 2225 661 2318 profitetur,
677 2234 708 2293 et
723 2224 937 2292 nihilominus
951 2224 1039 2312 dicit,
1055 2228 1088 2293 in
1101 2230 1244 2319 praelatis

109 2365 125 2399 ιι
147 2335 300 2404 Ecclesiae
311 2358 352 2403 ex
366 2336 398 2401 vi
412 2335 495 2426 juris
509 2333 613 2402 divini
628 2331 734 2401 solum
750 2353 818 2400 esse
834 2339 1018 2423 potestatem
1036 2333 1075 2400 ad
1093 2337 1246 2426 spiritua-

108 2471 124 2508 ιι
146 2444 213 2512 lem
230 2443 459 2512 correctionem
479 2469 486 2508 :
504 2440 544 2509 ad
563 2440 771 2531 temporalem
789 2462 878 2524 vero,
896 2440 1000 2508 solum
1024 2453 1183 2532 quatenus
1198 2447 1245 2514 eis

107 2579 125 2615 ιι
147 2551 316 2640 aregibus
330 2550 529 2640 permittitur
542 2571 579 2616 ac
602 2547 800 2616 conceditur.
820 2573 836 2610 s
858 2545 967 2636 (thio,
986 2571 1019 2614 u.
1041 2549 1106 2639 19.)
1124 2550 1195 2631 Quo
1210 2554 1244 2620 in

103 2666 306 2726 antecessum
318 2655 483 2743 adnotato,
493 2656 538 2722 sic
551 2655 668 2723 thesim
681 2654 874 2722 contrariom
890 2653 1030 2722 adstruit
1045 2655 1219 2727 Suaresius
1236 2687 1242 2729 :

102 2765 331 2834 Nihilominus
353 2785 459 2831 censeo
481 2763 567 2830 hanc
589 2761 783 2829 sententium
811 2783 993 2843 erroneam,
1014 2775 1045 2828 et
1070 2761 1245 2855 defensores

102 2872 177 2962 ejus
194 2871 242 2961 (l)
256 2869 302 2938 ad
315 2869 492 2938 minimum
508 2891 571 2936 esse
590 2866 685 2935 valde
701 2879 859 2958 suspectos
885 2866 924 2934 de
945 2868 1071 2951 keresi,
1089 2884 1119 2937 et
1135 2874 1245 2940 moni-

99 2981 202 3070 festos
224 2977 450 3046 hereticorum
477 2979 633 3066 fautores.
664 2975 742 3042 Dico
766 2997 853 3064 erpo,
871 2987 1069 3065 potestatem
1085 2979 1247 3066 puniendi

103 3086 285 3167 hereticos,
304 3085 405 3154 etiam
425 3082 658 3173 temporalibus
679 3095 709 3149 ct
734 3081 955 3172 corporalibus
965 3083 1086 3173 poeuu,
1099 3085 1180 3175 jure
1195 3087 1247 3154 di-

104 3196 183 3262 oirro
216 3215 280 3260 esse
302 3193 336 3258 in
360 3190 548 3282 pastoribus
577 3189 740 3270 Ecclesiae,
770 3201 799 3254 ct
825 3189 1008 3278 presertim
1038 3191 1072 3257 in
1099 3195 1247 3262 Romano

107 3301 286 3391 Pontifice,·
310 3299 459 3390 quamvis
484 3295 675 3364 secundario
699 3295 800 3362 etium
821 3296 986 3386 pertineat
1009 3296 1055 3365 od
1075 3299 1248 3368 catholicos

99 3409 282 3499 principes,
300 3405 483 3497 presertim
508 3415 546 3472 ut
569 3402 720 3470 Ecclesiae
741 3415 950 3493 protectores,
970 3403 1076 3494 jueta
1103 3407 1246 3497 ejusdem

135 3643 171 3706 (t)
184 3643 250 3692 Cum
261 3639 387 3692 Galliconl
400 3640 467 3690 hene
483 3637 602 3690 eumdem
617 3651 752 3689 erroneam
764 3637 919 3690 sententium
929 3637 1056 3693 sustinere
1070 3641 1177 3708 soleant,
1192 3661 1249 3712 per-

102 3724 225 3787 pendent
242 3722 304 3787 quid
323 3721 355 3770 de
370 3721 433 3784 ipsis
447 3719 556 3771 senserit
579 3720 712 3770 sueresius
727 3735 734 3770 ε
748 3724 774 3770 et
787 3735 863 3784 quum
884 3721 976 3772 lelsum
990 3724 1023 3774 sit
1038 3725 1108 3788 quod
1122 3727 1147 3775 ln
1160 3741 1249 3780 eorum

100 3805 178 3856 libris
192 3807 321 3870 perpetuo
333 3801 456 3862 occurrit,
468 3800 680 3852 Gallicanismum
689 3814 784 3865 nempe
794 3815 849 3852 esse
862 3801 1012 3866 opinionem
1023 3804 1051 3854 iu
1060 3805 1177 3858 Ecclesia
1188 3809 1250 3860 lihe-

101 3899 159 3935 ram
177 3883 327 3943 etlicitem
344 3887 419 3946 atque
439 3881 467 3931 in
479 3881 530 3930 hoc
544 3880 710 3946 agnoscendo
730 3882 890 3932 concordare
903 3885 980 3932 etlam
999 3898 1113 3936 romaum
1126 3888 1250 3942 doctrine

101 3965 270 4016 defensores.
284 3965 380 4025 Romu,
389 3967 414 4013 et
426 3962 522 4026 ubique
536 3977 551 4012 e
563 3961 678 4026 probetis
690 3975 804 4013 romaum
815 3963 939 4013 doctrinm
949 3963 1151 4020 delensorlbuse
1162 3975 1251 4024 contra

100 4046 228 4106 docetur,
241 4043 417 4096 Gallicanismi
437 4046 550 4107 systema
565 4055 621 4092 esse
642 4041 792 4105 opinionem
815 4046 887 4093 certo
899 4057 1034 4094 erroneam
1049 4049 1075 4094 et
1093 4053 1164 4100 certo
1177 4050 1251 4102 illici-

102 4131 173 4190 tam3
192 4139 251 4175 eam
264 4129 360 4186 umen,
369 4126 458 4186 utpote
469 4121 597 4187 expressis
610 4121 725 4172 terminis
737 4122 853 4172 nondum
869 4123 1080 4189 condemnatam,
1089 4140 1142 4178 non
1154 4129 1250 4182 debere

99 4211 166 4257 uota
192 4203 471 4268 hereseospercell13
494 4207 520 4252 et
540 4202 645 4252 tandem
667 4202 700 4252 ob
722 4203 892 4266 ignorantiam
918 4207 945 4252 et
961 4203 1057 4254 bonum
1077 4205 1155 4258 fldem
1175 4227 1250 4275 posse

100 4287 301 4339 absolutionem
316 4284 343 4334 in
352 4283 409 4335 loro
420 4283 589 4348 poenitcntioli
601 4283 638 4333 eis
649 4283 834 4348 impetentem
847 4283 917 4333 illem
930 4284 1066 4337 sustinent.
