3056 4972
283 443 345 510 220
654 465 829 512 macrinus
851 464 891 510 nn
912 463 1048 512 tuormrs.

280 584 343 654 tuit
350 583 384 651 in
394 582 602 674 producendo
614 593 709 653 testes
720 584 864 676 aliasque
877 585 1084 676 probationes
1095 584 1181 654 intra
1192 584 1426 676 praescriptum

282 691 470 777 terminum,
488 691 719 783 praejudicium
734 715 775 762 ex
791 691 850 761 tali
865 691 1064 782 negligentia
1078 702 1188 762 ortum
1203 691 1314 760 subire
1328 715 1427 781 coge·

280 807 335 867 tur
348 797 513 869 dominus.
528 797 605 866 Ideo
619 822 736 892 nempe
756 801 835 893 quia
849 799 911 869 sihi
927 800 1090 891 imputare
1104 797 1198 868 debet
1214 798 1301 888 quod
1317 798 1428 887 negli-

281 915 411 994 gentem
426 907 478 975 val
497 907 685 1001 imperitum
710 916 953 1000 procuratorem
978 906 1123 996 clegerit.
1142 905 1179 976 si
1201 914 1310 974 tamen
1330 905 1427 973 mali-

281 1015 361 1083 tiose
375 1014 408 1083 id
429 1015 504 1084 fecit
527 1024 729 1107 procurator,
746 1016 950 1086 succurritur
964 1015 1109 1085 domino.
1128 1014 1187 1104 (lta
1209 1015 1429 1084 communiter

280 1122 425 1191 doctores
450 1132 596 1212 arguunt
614 1146 656 1193 ex
677 1124 875 1216 quibusdam
898 1123 983 1216 juris
1005 1121 1148 1194 Romani
1167 1121 1322 1192 textibus.
1339 1121 1428 1193 Vide

280 1229 449 1317 Pirrhing,
465 1228 536 1299 loco
551 1231 623 1318 cit,
640 1253 674 1299 n.
696 1231 764 1321 80.)

326 1340 378 1404 ll.
395 1337 534 1422 Quando
560 1346 763 1428 procurator,
781 1360 847 1407 non
870 1337 1064 1426 omittendo,
1077 1337 1132 1406 sed
1149 1337 1285 1430 positive
1300 1335 1429 1428 aliquid

280 1443 390 1512 illicite
414 1444 563 1514 faciendo
587 1444 738 1536 deliquit,
759 1446 898 1538 fecitque
921 1445 1009 1538 quod
1033 1467 1139 1537 poenae
1167 1444 1208 1512 sit
1230 1443 1429 1528 obnoxium,

281 1551 343 1619 tale
359 1550 479 1620 factum
494 1573 560 1621 non
576 1552 769 1646 praejudicat
784 1552 934 1638 dominc;
952 1552 1015 1621 nisi
1032 1560 1140 1620 aman
1159 1550 1313 1620 dominus
1333 1549 1375 1618 ad
1393 1550 1430 1618 id

279 1658 418 1748 speciale
441 1659 630 1729 mandatum
655 1659 793 1746 dederit,
810 1661 862 1729 vel
886 1660 1009 1729 factum
1031 1659 1139 1750 ipsum
1161 1658 1230 1751 jam
1258 1665 1430 1750 peractum

279 1787 431 1857 expresse
444 1775 552 1836 ratum
566 1765 728 1836 habuerit.
750 1765 931 1859 (Pirrhing,
948 1767 1020 1835 loco
1037 1765 1106 1848 cit,
1125 1787 1160 1832 n.
1179 1765 1245 1854 81.)

328 1875 378 1940 15.
395 1872 590 1943 «Confessio
602 1875 821 1966 procuratoris
835 1873 919 1942 lacta
933 1872 1103 1964 injudicio
1115 1869 1280 1940 ordinario
1292 1868 1431 1938 domino

283 2008 299 2046 ιι
324 1979 526 2072 prejudicat,
543 1989 580 2050 ut
596 1988 720 2051 constat
734 2004 777 2049 ex
793 1981 897 2074 capita
912 1980 1059 2050 Sudorta
1074 1981 1140 2070 (21,
1156 1978 1196 2049 de
1207 1978 1379 2046 Sententia
1395 1991 1431 2045 ct

282 2115 300 2155 a
323 2087 535 2179 rejudicare)
552 2097 584 2157 et
596 2090 702 2181 capite
720 2089 809 2158 Olim
825 2088 875 2179 (de
893 2089 1047 2179 Cottii).
1064 2087 1149 2158 Nam
1166 2093 1369 2179 procurator,
1383 2108 1430 2152 cx

283 2221 301 2264 a
324 2195 510 2265 necessitate
531 2195 628 2265 officii
652 2197 716 2284 sui,
733 2195 828 2265 debet
850 2195 1046 2288 respondere
1071 2194 1113 2264 ad
1140 2193 1301 2262 exhibitas
1324 2191 1430 2282 partis

282 2329 299 2368 a
322 2304 468 2373 adversae
483 2303 669 2395 positiones,
683 2302 724 2372 ad
735 2301 824 2395 quod
841 2303 938 2372 habet
952 2301 1142 2371 mandatum
1158 2299 1295 2392 speciale
1304 2299 1355 2368 vel
1366 2321 1429 2390 ge-

282 2435 299 2475 c
323 2410 442 2480 nernle.
458 2411 528 2480 Hoc
543 2419 651 2479 autem
678 2411 822 2479 maxime
841 2431 957 2480 verum
980 2418 1042 2496 est,
1058 2409 1088 2476 si
1105 2405 1325 2500 procuratoris
1344 2427 1430 2473 con-

282 2545 299 2584 «
322 2517 418 2588 fessio
436 2517 492 2586 fiat
505 2527 579 2609 post
592 2518 658 2586 litis
677 2518 960 2604 contestationem;
980 2538 1057 2584 nam
1082 2515 1112 2583 si
1133 2515 1167 2582 in
1187 2515 1258 2606 ipsc
1273 2512 1429 2603 ingressu

283 2626 356 2692 «iu
385 2623 561 2716 judicium,
589 2624 658 2693 sive
685 2633 757 2715 post
780 2624 926 2693 oblatum
948 2622 1097 2691 libellum
1122 2629 1313 2712 procurator
1338 2618 1431 2686 ultro

280 2757 299 2797 a
322 2731 458 2800 fateatur
473 2732 685 2800 intentionem
710 2731 842 2817 actoris,
860 2748 926 2800 uon
949 2728 1145 2821 prejudicat
1170 2727 1243 2795 talis
1264 2725 1432 2796 confessio

281 2866 298 2905 a
322 2838 472 2925 dominc;
498 2859 635 2924 cumea,
653 2838 723 2906 aine
746 2839 933 2906 necessitate
956 2837 1051 2925 iacta,
1070 2834 1282 2928 prodigalitas
1296 2856 1353 2902 scu
1368 2857 1429 2903 re-

283 2972 300 3010 c
323 2945 483 3014 nuntiatio
501 2944 586 3035 juris
599 2943 704 3012 videri
720 2943 833 3035 possit,
850 2965 925 3035 qum
942 2943 1011 3012 sine
1029 2941 1181 3010 mandato
1197 2939 1328 3029 speciali
1344 2962 1431 3030 pro—

282 3079 300 3119 ι(
321 3052 463 3121 curatori
489 3074 557 3121 nou
579 3053 773 3144 competit...
790 3052 860 3119 lmo
874 3050 1068 3138 universim,
1087 3046 1219 3140 quaudo
1243 3047 1431 3118 voluntarie

281 3185 298 3224 a
322 3167 353 3226 et
368 3159 437 3226 sine
453 3157 639 3226 necessitate
662 3163 852 3249 procurator
868 3155 1054 3244 confitetur,
1072 3177 1138 3222 non
1154 3151 1346 3246 prejudicat
1361 3153 1431 3223 do-

281 3292 298 3331 u
323 3265 452 3334 mino...
466 3265 561 3348 Quod
576 3273 685 3334 autem
700 3265 824 3334 dictum
841 3273 889 3332 est
904 3263 1139 3332 confessionem
1156 3261 1379 3355 procuratoris
1394 3262 1433 3330 in

281 3400 298 3440 o
317 3372 454 3464 judicio,
472 3370 697 3462 respondendo
710 3370 750 3440 ad
767 3371 942 3463 positiones
955 3369 1147 3457 adversarii,
1165 3369 1293 3455 iactam,
1310 3390 1432 3438 nocere

281 3507 298 3544 a
322 3478 467 3564 domino,
486 3477 519 3545 id
543 3477 751 3547 limitandum
775 3487 837 3564 ast,
861 3477 925 3546 nisi
950 3476 1104 3546 dominus
1125 3499 1198 3546 eam
1219 3485 1360 3563 revocet,
1379 3477 1432 3545 uti

281 3613 298 3653 a
321 3595 438 3678 potest,
455 3582 624 3676 probando
646 3606 802 3654 errorem.
821 3585 983 3675 Arguitur
1006 3583 1109 3676 capite
1131 3583 1247 3652 ultimo
1269 3581 1309 3650 dc
1337 3583 1433 3652 Con-

283 3720 299 3760 «
319 3692 456 3785 fessionc
471 3690 536 3759 sive
548 3691 633 3781 sacti
646 3691 712 3758 sice
720 3692 823 3782 juris.
850 3719 867 3756 a

328 3827 344 3864 a
367 3798 468 3867 Aliud
485 3819 562 3867 varo
583 3797 692 3888 quoad
715 3796 777 3866 hoc
801 3797 841 3866 da
867 3797 1037 3886 advocato,
1055 3797 1150 3889 cujus
1174 3795 1335 3865 confessio
1360 3818 1434 3865 uon

282 3907 414 3975 «obest
440 3904 524 3996 parti
550 3925 606 3973 seu
633 3903 757 3994 odanti,
784 3905 961 3998 quominus
982 3927 1054 3973 sam
1082 3903 1190 3972 statim
1216 3923 1370 3972 revocare
1397 3913 1435 3972 et

282 4041 300 4081 u
323 4011 478 4082 advocato
493 4033 552 4080 suo
567 4010 788 4080 contradicere
802 4011 920 4103 possit,
940 4011 990 4080 uti
1006 4011 1147 4080 sumitur
1163 4010 1323 4103 cacapite
1341 4011 1434 4078 Crem

283 4149 301 4188 a
323 4141 457 4189 causam
469 4119 535 4210 (62,
546 4118 585 4187 de
601 4117 801 4210 Appell.)...;
815 4119 895 4210 quia
910 4117 1087 4187 advocatus
1099 4140 1164 4186 non
1176 4116 1275 4185 habet
1289 4116 1434 4186 manda-

283 4255 302 4296 α
324 4236 394 4299 tum
410 4224 451 4293 ad
465 4223 728 4317 respondendum
743 4233 775 4294 et
795 4225 1085 4295 contradicendum
1108 4225 1191 4293 sicut
1216 4231 1429 4316 procurator3
