<?xml version="1.0" encoding="UTF-8"?>
<!DOCTYPE html PUBLIC "-//W3C//DTD XHTML 1.0 Transitional//EN"
    "http://www.w3.org/TR/xhtml1/DTD/xhtml1-transitional.dtd">
<html xmlns="http://www.w3.org/1999/xhtml" xml:lang="en" lang="en">
 <head>
  <title>
</title>
<meta http-equiv="Content-Type" content="text/html;charset=utf-8" />
  <meta name='ocr-system' content='tesseract 3.04.00' />
  <meta name='ocr-capabilities' content='ocr_page ocr_carea ocr_par ocr_line ocrx_word'/>
</head>
<body>
  <div class='ocr_page' id='page_1' title='image "./tractatusdejudi01goog_0032.png"; bbox 0 0 3090 4964; ppageno 0'>
   <div class='ocr_carea' id='block_1_1' title="bbox 603 431 1260 500">
    <p class='ocr_par' dir='ltr' id='par_1_1' title="bbox 603 431 1260 500">
     <span class='ocr_line' id='line_1_1' title="bbox 603 431 1260 500; baseline 0.005 -3"><span class='ocrx_word' id='word_1_1' title='bbox 603 451 676 498; x_wconf 74' lang='lat' dir='ltr'>runs</span> <span class='ocrx_word' id='word_1_2' title='bbox 699 451 801 498; x_wconf 78' lang='lat' dir='ltr'>nnius.</span> <span class='ocrx_word' id='word_1_3' title='bbox 1226 431 1260 500; x_wconf 80' lang='lat' dir='ltr'>u</span> 
     </span>
    </p>
   </div>
   <div class='ocr_carea' id='block_1_2' title="bbox 13 571 1301 2482">
    <p class='ocr_par' dir='ltr' id='par_1_2' title="bbox 128 571 1301 1710">
     <span class='ocr_line' id='line_1_2' title="bbox 175 571 1265 666; baseline 0.002 -24"><span class='ocrx_word' id='word_1_4' title='bbox 175 571 332 642; x_wconf 79' lang='lat' dir='ltr'><strong>Censetur</strong></span> <span class='ocrx_word' id='word_1_5' title='bbox 347 579 457 640; x_wconf 87' lang='lat' dir='ltr'>autem</span> <span class='ocrx_word' id='word_1_6' title='bbox 470 571 581 640; x_wconf 86' lang='lat' dir='ltr'>adesse</span> <span class='ocrx_word' id='word_1_7' title='bbox 596 574 790 642; x_wconf 85' lang='lat' dir='ltr'>contrariam</span> <span class='ocrx_word' id='word_1_8' title='bbox 808 573 893 665; x_wconf 88' lang='lat' dir='ltr'>juris</span> <span class='ocrx_word' id='word_1_9' title='bbox 912 571 994 643; x_wconf 86' lang='lat' dir='ltr'>sacri</span> <span class='ocrx_word' id='word_1_10' title='bbox 1010 571 1265 666; x_wconf 80' lang='lat' dir='ltr'>dispositionem,</span> 
     </span>
     <span class='ocr_line' id='line_1_3' title="bbox 134 677 1267 776; baseline 0.006 -30"><span class='ocrx_word' id='word_1_11' title='bbox 134 703 196 748; x_wconf 90' lang='lat' dir='ltr'>non</span> <span class='ocrx_word' id='word_1_12' title='bbox 216 689 344 748; x_wconf 87' lang='lat' dir='ltr'>tautum</span> <span class='ocrx_word' id='word_1_13' title='bbox 364 677 495 772; x_wconf 87' lang='lat' dir='ltr'>quando</span> <span class='ocrx_word' id='word_1_14' title='bbox 514 701 665 770; x_wconf 83' lang='lat' dir='ltr'>expresse</span> <span class='ocrx_word' id='word_1_15' title='bbox 685 680 778 748; x_wconf 90' lang='lat' dir='ltr'>sliter</span> <span class='ocrx_word' id='word_1_16' title='bbox 791 681 968 772; x_wconf 89' lang='lat' dir='ltr'>disponunt</span> <span class='ocrx_word' id='word_1_17' title='bbox 992 681 1151 768; x_wconf 88' lang='lat' dir='ltr'>Canones,</span> <span class='ocrx_word' id='word_1_18' title='bbox 1168 706 1267 776; x_wconf 90' lang='lat' dir='ltr'>quam</span> 
     </span>
     <span class='ocr_line' id='line_1_4' title="bbox 131 785 1266 880; baseline 0.004 -24"><span class='ocrx_word' id='word_1_19' title='bbox 131 787 344 856; x_wconf 82' lang='lat' dir='ltr'>Justinianeae</span> <span class='ocrx_word' id='word_1_20' title='bbox 369 788 473 879; x_wconf 82' lang='lat' dir='ltr'>lepcs;</span> <span class='ocrx_word' id='word_1_21' title='bbox 496 785 552 854; x_wconf 91' lang='lat' dir='ltr'>sed</span> <span class='ocrx_word' id='word_1_22' title='bbox 578 787 675 854; x_wconf 87' lang='lat' dir='ltr'>etiam</span> <span class='ocrx_word' id='word_1_23' title='bbox 708 786 839 878; x_wconf 88' lang='lat' dir='ltr'>quando</span> <span class='ocrx_word' id='word_1_24' title='bbox 863 788 1052 878; x_wconf 84' lang='lat' dir='ltr'>(tacentibus</span> <span class='ocrx_word' id='word_1_25' title='bbox 1075 789 1266 880; x_wconf 75' lang='lat' dir='ltr'>canonibus)</span> 
     </span>
     <span class='ocr_line' id='line_1_5' title="bbox 132 893 1269 984; baseline 0.006 -24"><span class='ocrx_word' id='word_1_26' title='bbox 132 894 181 960; x_wconf 84' lang='lat' dir='ltr'>lex</span> <span class='ocrx_word' id='word_1_27' title='bbox 198 895 348 963; x_wconf 82' lang='lat' dir='ltr'>Caesares</span> <span class='ocrx_word' id='word_1_28' title='bbox 360 894 400 962; x_wconf 90' lang='lat' dir='ltr'>de</span> <span class='ocrx_word' id='word_1_29' title='bbox 416 894 499 962; x_wconf 81' lang='lat' dir='ltr'>fecto</span> <span class='ocrx_word' id='word_1_30' title='bbox 515 917 555 962; x_wconf 80' lang='lat' dir='ltr'>cc</span> <span class='ocrx_word' id='word_1_31' title='bbox 569 917 631 962; x_wconf 87' lang='lat' dir='ltr'>usu</span> <span class='ocrx_word' id='word_1_32' title='bbox 644 901 771 984; x_wconf 84' lang='lat' dir='ltr'>recepta</span> <span class='ocrx_word' id='word_1_33' title='bbox 786 893 930 962; x_wconf 81' lang='lat' dir='ltr'>nonfuit</span> <span class='ocrx_word' id='word_1_34' title='bbox 949 895 984 962; x_wconf 92' lang='lat' dir='ltr'>iu</span> <span class='ocrx_word' id='word_1_35' title='bbox 1007 895 1077 964; x_wconf 86' lang='lat' dir='ltr'>foro</span> <span class='ocrx_word' id='word_1_36' title='bbox 1100 897 1269 966; x_wconf 82' lang='lat' dir='ltr'>ecelesias-</span> 
     </span>
     <span class='ocr_line' id='line_1_6' title="bbox 132 1001 1267 1096; baseline 0.004 -28"><span class='ocrx_word' id='word_1_37' title='bbox 132 1001 202 1070; x_wconf 84' lang='lat' dir='ltr'>tim.</span> <span class='ocrx_word' id='word_1_38' title='bbox 227 1002 313 1069; x_wconf 85' lang='lat' dir='ltr'>Hine</span> <span class='ocrx_word' id='word_1_39' title='bbox 333 1001 508 1090; x_wconf 78' lang='lat' dir='ltr'>Fsgnanus</span> <span class='ocrx_word' id='word_1_40' title='bbox 526 1001 571 1091; x_wconf 90' lang='lat' dir='ltr'>(in</span> <span class='ocrx_word' id='word_1_41' title='bbox 595 1011 691 1090; x_wconf 85' lang='lat' dir='ltr'>ceput</span> <span class='ocrx_word' id='word_1_42' title='bbox 722 1001 926 1082; x_wconf 77' lang='lat' dir='ltr'>Vmerubilis,</span> <span class='ocrx_word' id='word_1_43' title='bbox 938 1001 983 1070; x_wconf 72' lang='lat' dir='ltr'>&#39;dc</span> <span class='ocrx_word' id='word_1_44' title='bbox 1003 1003 1150 1084; x_wconf 76' lang='lat' dir='ltr'>Iudiciis,</span> <span class='ocrx_word' id='word_1_45' title='bbox 1167 1027 1201 1072; x_wconf 93' lang='lat' dir='ltr'>n.</span> <span class='ocrx_word' id='word_1_46' title='bbox 1219 1005 1267 1096; x_wconf 77' lang='lat'>2),</span> 
     </span>
     <span class='ocr_line' id='line_1_7' title="bbox 131 1106 1267 1200; baseline 0.002 -24"><span class='ocrx_word' id='word_1_47' title='bbox 131 1107 316 1198; x_wconf 84' lang='lat' dir='ltr'>expendens</span> <span class='ocrx_word' id='word_1_48' title='bbox 337 1107 500 1200; x_wconf 64' lang='lat' dir='ltr'>quomo</span> <span class='ocrx_word' id='word_1_49' title='bbox 515 1107 688 1175; x_wconf 77' lang='lat' dir='ltr'><strong>decretales</strong></span> <span class='ocrx_word' id='word_1_50' title='bbox 702 1106 855 1198; x_wconf 74' lang='lat' dir='ltr'>quadem</span> <span class='ocrx_word' id='word_1_51' title='bbox 875 1118 1060 1200; x_wconf 88' lang='lat' dir='ltr'>supponant</span> <span class='ocrx_word' id='word_1_52' title='bbox 1079 1109 1267 1178; x_wconf 72' lang='lat' dir='ltr'>instantiam</span> 
     </span>
     <span class='ocr_line' id='line_1_8' title="bbox 128 1213 1266 1307; baseline 0.003 -25"><span class='ocrx_word' id='word_1_53' title='bbox 128 1213 241 1306; x_wconf 85' lang='lat' dir='ltr'>judicii</span> <span class='ocrx_word' id='word_1_54' title='bbox 261 1238 327 1284; x_wconf 90' lang='lat' dir='ltr'>non</span> <span class='ocrx_word' id='word_1_55' title='bbox 353 1215 459 1306; x_wconf 89' lang='lat' dir='ltr'>perire</span> <span class='ocrx_word' id='word_1_56' title='bbox 482 1236 541 1306; x_wconf 87' lang='lat' dir='ltr'>per</span> <span class='ocrx_word' id='word_1_57' title='bbox 560 1215 701 1305; x_wconf 82' lang='lat' dir='ltr'>spatium</span> <span class='ocrx_word' id='word_1_58' title='bbox 729 1215 874 1300; x_wconf 88' lang='lat' dir='ltr'>triennii,</span> <span class='ocrx_word' id='word_1_59' title='bbox 890 1215 1041 1307; x_wconf 71' lang='lat' dir='ltr'>mmmvis</span> <span class='ocrx_word' id='word_1_60' title='bbox 1068 1218 1266 1286; x_wconf 85' lang='lat' dir='ltr'>eontrarium</span> 
     </span>
     <span class='ocr_line' id='line_1_9' title="bbox 130 1321 1266 1413; baseline 0.004 -25"><span class='ocrx_word' id='word_1_61' title='bbox 130 1329 289 1390; x_wconf 79' lang='lat' dir='ltr'>statuatur</span> <span class='ocrx_word' id='word_1_62' title='bbox 308 1322 508 1392; x_wconf 84' lang='lat' dir='ltr'>Iustinianeo</span> <span class='ocrx_word' id='word_1_63' title='bbox 529 1323 602 1412; x_wconf 84' lang='lat' dir='ltr'>jure</span> <span class='ocrx_word' id='word_1_64' title='bbox 624 1321 706 1411; x_wconf 81' lang='lat' dir='ltr'>(lege</span> <span class='ocrx_word' id='word_1_65' title='bbox 721 1321 983 1413; x_wconf 69' lang='lat' dir='ltr'>Proponendum,</span> <span class='ocrx_word' id='word_1_66' title='bbox 1002 1345 1031 1392; x_wconf 89' lang='lat' dir='ltr'>c.</span> <span class='ocrx_word' id='word_1_67' title='bbox 1050 1321 1089 1391; x_wconf 84' lang='lat' dir='ltr'>de</span> <span class='ocrx_word' id='word_1_68' title='bbox 1102 1323 1266 1413; x_wconf 76' lang='lat' dir='ltr'>Iudiciis),</span> 
     </span>
     <span class='ocr_line' id='line_1_10' title="bbox 130 1427 1268 1520; baseline 0.002 -24"><span class='ocrx_word' id='word_1_69' title='bbox 130 1427 204 1496; x_wconf 87' lang='lat' dir='ltr'>dicit</span> <span class='ocrx_word' id='word_1_70' title='bbox 220 1428 258 1496; x_wconf 87' lang='lat' dir='ltr'>id</span> <span class='ocrx_word' id='word_1_71' title='bbox 267 1429 412 1519; x_wconf 85' lang='lat' dir='ltr'>potuisse</span> <span class='ocrx_word' id='word_1_72' title='bbox 424 1428 618 1517; x_wconf 78' lang='lat' dir='ltr'>coutiuqerc,</span> <span class='ocrx_word' id='word_1_73' title='bbox 635 1429 714 1519; x_wconf 86' lang='lat' dir='ltr'>quia</span> <span class='ocrx_word' id='word_1_74' title='bbox 728 1427 790 1518; x_wconf 83' lang='lat' dir='ltr'>jus</span> <span class='ocrx_word' id='word_1_75' title='bbox 804 1427 907 1508; x_wconf 83' lang='lat' dir='ltr'>civile,</span> <span class='ocrx_word' id='word_1_76' title='bbox 926 1428 1043 1520; x_wconf 85' lang='lat' dir='ltr'>dequo</span> <span class='ocrx_word' id='word_1_77' title='bbox 1061 1429 1096 1496; x_wconf 88' lang='lat' dir='ltr'>iu</span> <span class='ocrx_word' id='word_1_78' title='bbox 1108 1429 1268 1520; x_wconf 70' lang='lat' dir='ltr'>predicta</span> 
     </span>
     <span class='ocr_line' id='line_1_11' title="bbox 130 1533 1301 1626; baseline 0.002 -24"><span class='ocrx_word' id='word_1_79' title='bbox 130 1535 194 1624; x_wconf 81' lang='lat' dir='ltr'>Iope</span> <span class='ocrx_word' id='word_1_80' title='bbox 207 1535 467 1624; x_wconf 78' lang='lat' dir='ltr'>Propemodum,</span> <span class='ocrx_word' id='word_1_81' title='bbox 483 1557 548 1602; x_wconf 84' lang='lat' dir='ltr'>nou</span> <span class='ocrx_word' id='word_1_82' title='bbox 561 1535 628 1624; x_wconf 73' lang='lat' dir='ltr'>ficit</span> <span class='ocrx_word' id='word_1_83' title='bbox 644 1535 679 1602; x_wconf 88' lang='lat' dir='ltr'>iu</span> <span class='ocrx_word' id='word_1_84' title='bbox 697 1535 771 1624; x_wconf 84' lang='lat' dir='ltr'>soro</span> <span class='ocrx_word' id='word_1_85' title='bbox 787 1533 995 1606; x_wconf 85' lang='lat' dir='ltr'>ecclesiastico</span> <span class='ocrx_word' id='word_1_86' title='bbox 1011 1548 1176 1626; x_wconf 84' lang='lat' dir='ltr'>receptum</span> <span class='ocrx_word' id='word_1_87' title='bbox 1193 1558 1267 1604; x_wconf 73' lang='grc' dir='ltr'>πιο-</span> <span class='ocrx_word' id='word_1_88' title='bbox 1298 1565 1301 1576; x_wconf 94' lang='grc'><em>·</em></span> 
     </span>
     <span class='ocr_line' id='line_1_12' title="bbox 128 1642 227 1710; baseline -0.02 0"><span class='ocrx_word' id='word_1_89' title='bbox 128 1642 227 1710; x_wconf 82' lang='lat' dir='ltr'>ribus.</span> 
     </span>
    </p>

    <p class='ocr_par' dir='ltr' id='par_1_3' title="bbox 13 1749 1275 2482">
     <span class='ocr_line' id='line_1_13' title="bbox 171 1749 1267 1840; baseline 0 -22"><span class='ocrx_word' id='word_1_90' title='bbox 171 1749 338 1840; x_wconf 62' lang='lat' dir='ltr'>Expositis</span> <span class='ocrx_word' id='word_1_91' title='bbox 366 1750 605 1818; x_wconf 79' lang='lat' dir='ltr'>canonistarum</span> <span class='ocrx_word' id='word_1_92' title='bbox 642 1749 796 1818; x_wconf 79' lang='lat' dir='ltr'>doetrinae</span> <span class='ocrx_word' id='word_1_93' title='bbox 833 1750 995 1818; x_wconf 88' lang='lat' dir='ltr'>consensit</span> <span class='ocrx_word' id='word_1_94' title='bbox 1031 1749 1128 1818; x_wconf 85' lang='lat' dir='ltr'>etiem</span> <span class='ocrx_word' id='word_1_95' title='bbox 1157 1749 1267 1818; x_wconf 83' lang='lat' dir='ltr'>Bene-</span> 
     </span>
     <span class='ocr_line' id='line_1_14' title="bbox 127 1855 1264 1949; baseline 0.002 -26"><span class='ocrx_word' id='word_1_96' title='bbox 127 1857 234 1926; x_wconf 83' lang='lat' dir='ltr'>dictus</span> <span class='ocrx_word' id='word_1_97' title='bbox 248 1857 328 1926; x_wconf 85' lang='lat' dir='ltr'>XIV</span> <span class='ocrx_word' id='word_1_98' title='bbox 342 1856 394 1948; x_wconf 91' lang='lat' dir='ltr'>(de</span> <span class='ocrx_word' id='word_1_99' title='bbox 408 1857 543 1949; x_wconf 77' lang='lat' dir='ltr'>Synodo</span> <span class='ocrx_word' id='word_1_100' title='bbox 557 1856 665 1937; x_wconf 73' lang='lat' dir='ltr'>dioc,</span> <span class='ocrx_word' id='word_1_101' title='bbox 682 1855 704 1924; x_wconf 91' lang='lat' dir='ltr'>l.</span> <span class='ocrx_word' id='word_1_102' title='bbox 720 1856 779 1944; x_wconf 87' lang='lat' dir='ltr'>XI,</span> <span class='ocrx_word' id='word_1_103' title='bbox 796 1879 825 1924; x_wconf 91' lang='lat' dir='ltr'>c.</span> <span class='ocrx_word' id='word_1_104' title='bbox 846 1859 913 1946; x_wconf 76' lang='lat'>14),</span> <span class='ocrx_word' id='word_1_105' title='bbox 929 1857 988 1924; x_wconf 88' lang='lat' dir='ltr'>uhi</span> <span class='ocrx_word' id='word_1_106' title='bbox 1004 1856 1044 1924; x_wconf 90' lang='lat' dir='ltr'>de</span> <span class='ocrx_word' id='word_1_107' title='bbox 1056 1857 1264 1926; x_wconf 71' lang='lat' dir='ltr'>secutaribus</span> 
     </span>
     <span class='ocr_line' id='line_1_15' title="bbox 128 1963 1275 2054; baseline 0.001 -23"><span class='ocrx_word' id='word_1_108' title='bbox 128 1963 249 2054; x_wconf 79' lang='lat' dir='ltr'>lepidus</span> <span class='ocrx_word' id='word_1_109' title='bbox 271 1965 316 2032; x_wconf 89' lang='lat' dir='ltr'>sic</span> <span class='ocrx_word' id='word_1_110' title='bbox 340 1964 493 2032; x_wconf 84' lang='lat' dir='ltr'>adnotat:</span> <span class='ocrx_word' id='word_1_111' title='bbox 517 1991 532 2027; x_wconf 82' lang='lat' dir='ltr'>n</span> <span class='ocrx_word' id='word_1_112' title='bbox 556 1963 725 2053; x_wconf 84' lang='lat' dir='ltr'>Ejusmodi</span> <span class='ocrx_word' id='word_1_113' title='bbox 750 1964 850 2050; x_wconf 82' lang='lat' dir='ltr'>leges,</span> <span class='ocrx_word' id='word_1_114' title='bbox 866 1965 893 2030; x_wconf 91' lang='lat' dir='ltr'>si</span> <span class='ocrx_word' id='word_1_115' title='bbox 917 1986 985 2032; x_wconf 90' lang='lat' dir='ltr'>rem</span> <span class='ocrx_word' id='word_1_116' title='bbox 1010 1971 1152 2054; x_wconf 86' lang='lat' dir='ltr'>spectent</span> <span class='ocrx_word' id='word_1_117' title='bbox 1179 1986 1275 2032; x_wconf 86' lang='lat' dir='ltr'>mere</span> 
     </span>
     <span class='ocr_line' id='line_1_16' title="bbox 132 2069 1263 2162; baseline 0.004 -28"><span class='ocrx_word' id='word_1_118' title='bbox 132 2095 147 2134; x_wconf 82' lang='lat' dir='ltr'>u</span> <span class='ocrx_word' id='word_1_119' title='bbox 169 2070 354 2160; x_wconf 82' lang='lat' dir='ltr'>profanam,</span> <span class='ocrx_word' id='word_1_120' title='bbox 374 2093 478 2162; x_wconf 90' lang='lat' dir='ltr'>neque</span> <span class='ocrx_word' id='word_1_121' title='bbox 492 2069 559 2138; x_wconf 93' lang='lat' dir='ltr'>ulla</span> <span class='ocrx_word' id='word_1_122' title='bbox 571 2092 613 2136; x_wconf 86' lang='lat' dir='ltr'>ex</span> <span class='ocrx_word' id='word_1_123' title='bbox 627 2078 717 2160; x_wconf 83' lang='lat' dir='ltr'>parte</span> <span class='ocrx_word' id='word_1_124' title='bbox 732 2070 831 2138; x_wconf 88' lang='lat' dir='ltr'>sacris</span> <span class='ocrx_word' id='word_1_125' title='bbox 846 2069 1024 2138; x_wconf 86' lang='lat' dir='ltr'>canonibus</span> <span class='ocrx_word' id='word_1_126' title='bbox 1037 2070 1263 2158; x_wconf 82' lang='lat' dir='ltr'>adversentur,</span> 
     </span>
     <span class='ocr_line' id='line_1_17' title="bbox 131 2175 1264 2268; baseline 0.005 -28"><span class='ocrx_word' id='word_1_127' title='bbox 131 2203 147 2240; x_wconf 74' lang='lat' dir='ltr'>s</span> <span class='ocrx_word' id='word_1_128' title='bbox 168 2177 263 2246; x_wconf 89' lang='lat' dir='ltr'>tacite</span> <span class='ocrx_word' id='word_1_129' title='bbox 287 2177 472 2268; x_wconf 83' lang='lat' dir='ltr'>approbatae</span> <span class='ocrx_word' id='word_1_130' title='bbox 490 2175 641 2252; x_wconf 84' lang='lat' dir='ltr'>videntur</span> <span class='ocrx_word' id='word_1_131' title='bbox 656 2176 690 2242; x_wconf 92' lang='lat' dir='ltr'>in</span> <span class='ocrx_word' id='word_1_132' title='bbox 706 2177 808 2266; x_wconf 88' lang='lat' dir='ltr'>capite</span> <span class='ocrx_word' id='word_1_133' title='bbox 832 2181 862 2262; x_wconf 90' lang='lat' dir='ltr'>l,</span> <span class='ocrx_word' id='word_1_134' title='bbox 878 2176 918 2244; x_wconf 85' lang='lat' dir='ltr'>de</span> <span class='ocrx_word' id='word_1_135' title='bbox 941 2177 1027 2246; x_wconf 85' lang='lat' dir='ltr'>Novi</span> <span class='ocrx_word' id='word_1_136' title='bbox 1049 2177 1154 2268; x_wconf 82' lang='lat' dir='ltr'>operis</span> <span class='ocrx_word' id='word_1_137' title='bbox 1175 2199 1264 2246; x_wconf 86' lang='lat' dir='ltr'>uuu-</span> 
     </span>
     <span class='ocr_line' id='line_1_18' title="bbox 13 2283 357 2376; baseline 0.003 -30"><span class='ocrx_word' id='word_1_138' title='bbox 13 2373 14 2376; x_wconf 62' lang='lat'>,</span> <span class='ocrx_word' id='word_1_139' title='bbox 132 2309 147 2346; x_wconf 84' lang='lat' dir='ltr'>u</span> <span class='ocrx_word' id='word_1_140' title='bbox 169 2283 316 2351; x_wconf 72' lang='lat' dir='ltr'>diutione.</span> <span class='ocrx_word' id='word_1_141' title='bbox 340 2309 357 2347; x_wconf 87' lang='lat' dir='ltr'>u</span> 
     </span>
     <span class='ocr_line' id='line_1_19' title="bbox 13 2383 1264 2482; baseline 0.002 -26"><span class='ocrx_word' id='word_1_142' title='bbox 13 2383 14 2396; x_wconf 50' lang='lat'>¹</span> <span class='ocrx_word' id='word_1_143' title='bbox 169 2391 313 2457; x_wconf 81' lang='lat' dir='ltr'>Adnotet</span> <span class='ocrx_word' id='word_1_144' title='bbox 327 2391 426 2458; x_wconf 90' lang='lat' dir='ltr'>lector</span> <span class='ocrx_word' id='word_1_145' title='bbox 441 2389 525 2458; x_wconf 89' lang='lat' dir='ltr'>hanc</span> <span class='ocrx_word' id='word_1_146' title='bbox 540 2413 559 2458; x_wconf 88' lang='lat' dir='ltr'>s</span> <span class='ocrx_word' id='word_1_147' title='bbox 574 2390 752 2459; x_wconf 78' lang='lat' dir='ltr'>clarissimo</span> <span class='ocrx_word' id='word_1_148' title='bbox 773 2391 930 2459; x_wconf 84' lang='lat' dir='ltr'>Pontidce</span> <span class='ocrx_word' id='word_1_149' title='bbox 946 2391 1124 2482; x_wconf 87' lang='lat' dir='ltr'>appositam</span> <span class='ocrx_word' id='word_1_150' title='bbox 1140 2390 1264 2458; x_wconf 86' lang='lat' dir='ltr'>limita-</span> 
     </span>
    </p>
   </div>
   <div class='ocr_carea' id='block_1_3' title="bbox 12 2496 1263 2694">
    <p class='ocr_par' dir='ltr' id='par_1_4' title="bbox 12 2496 1263 2694">
     <span class='ocr_line' id='line_1_20' title="bbox 12 2496 1263 2589; baseline 0 -25"><span class='ocrx_word' id='word_1_151' title='bbox 12 2509 13 2514; x_wconf 77' lang='grc'>’</span> <span class='ocrx_word' id='word_1_152' title='bbox 129 2496 262 2582; x_wconf 91' lang='lat' dir='ltr'>tionem,</span> <span class='ocrx_word' id='word_1_153' title='bbox 280 2497 309 2564; x_wconf 89' lang='lat' dir='ltr'>si</span> <span class='ocrx_word' id='word_1_154' title='bbox 322 2519 391 2564; x_wconf 87' lang='lat' dir='ltr'>rem</span> <span class='ocrx_word' id='word_1_155' title='bbox 411 2510 551 2588; x_wconf 81' lang='lat' dir='ltr'>spectem</span> <span class='ocrx_word' id='word_1_156' title='bbox 571 2519 658 2565; x_wconf 85' lang='lat' dir='ltr'>merc</span> <span class='ocrx_word' id='word_1_157' title='bbox 677 2500 876 2588; x_wconf 64' lang='lat' dir='ltr'>profanum</span> <span class='ocrx_word' id='word_1_158' title='bbox 890 2520 990 2589; x_wconf 82' lang='lat' dir='ltr'>quem</span> <span class='ocrx_word' id='word_1_159' title='bbox 1005 2497 1104 2566; x_wconf 82' lang='lat' dir='ltr'>etiem</span> <span class='ocrx_word' id='word_1_160' title='bbox 1120 2497 1263 2565; x_wconf 86' lang='lat' dir='ltr'>vidimus</span> 
     </span>
     <span class='ocr_line' id='line_1_21' title="bbox 126 2604 600 2694; baseline 0.002 -23"><span class='ocrx_word' id='word_1_161' title='bbox 126 2627 225 2694; x_wconf 85' lang='lat' dir='ltr'>supra</span> <span class='ocrx_word' id='word_1_162' title='bbox 238 2605 279 2672; x_wconf 90' lang='lat' dir='ltr'>ab</span> <span class='ocrx_word' id='word_1_163' title='bbox 293 2605 397 2694; x_wconf 82' lang='lat' dir='ltr'>Engel</span> <span class='ocrx_word' id='word_1_164' title='bbox 409 2604 600 2674; x_wconf 87' lang='lat' dir='ltr'>adhibitam.</span> 
     </span>
    </p>
   </div>
   <div class='ocr_carea' id='block_1_4' title="bbox 125 2711 1267 3442">
    <p class='ocr_par' dir='ltr' id='par_1_5' title="bbox 125 2711 1267 3442">
     <span class='ocr_line' id='line_1_22' title="bbox 168 2711 1264 2804; baseline 0 -24"><span class='ocrx_word' id='word_1_165' title='bbox 168 2712 242 2780; x_wconf 87' lang='lat' dir='ltr'>Iam</span> <span class='ocrx_word' id='word_1_166' title='bbox 256 2733 335 2780; x_wconf 87' lang='lat' dir='ltr'>vero</span> <span class='ocrx_word' id='word_1_167' title='bbox 348 2711 498 2801; x_wconf 81' lang='lat' dir='ltr'>generale</span> <span class='ocrx_word' id='word_1_168' title='bbox 515 2711 597 2779; x_wconf 93' lang='lat' dir='ltr'>illud</span> <span class='ocrx_word' id='word_1_169' title='bbox 614 2712 811 2804; x_wconf 88' lang='lat' dir='ltr'>principium</span> <span class='ocrx_word' id='word_1_170' title='bbox 830 2711 871 2780; x_wconf 90' lang='lat' dir='ltr'>de</span> <span class='ocrx_word' id='word_1_171' title='bbox 885 2712 969 2803; x_wconf 83' lang='lat' dir='ltr'>juris</span> <span class='ocrx_word' id='word_1_172' title='bbox 984 2711 1124 2780; x_wconf 85' lang='lat' dir='ltr'>Romani</span> <span class='ocrx_word' id='word_1_173' title='bbox 1139 2713 1174 2780; x_wconf 92' lang='lat' dir='ltr'>in</span> <span class='ocrx_word' id='word_1_174' title='bbox 1193 2711 1264 2780; x_wconf 80' lang='lat' dir='ltr'>foro</span> 
     </span>
     <span class='ocr_line' id='line_1_23' title="bbox 126 2817 1266 2909; baseline -0.002 -23"><span class='ocrx_word' id='word_1_175' title='bbox 126 2817 350 2903; x_wconf 83' lang='lat' dir='ltr'>eeclesiastico,</span> <span class='ocrx_word' id='word_1_176' title='bbox 372 2819 457 2886; x_wconf 89' lang='lat' dir='ltr'>intra</span> <span class='ocrx_word' id='word_1_177' title='bbox 480 2819 582 2887; x_wconf 90' lang='lat' dir='ltr'>dictos</span> <span class='ocrx_word' id='word_1_178' title='bbox 603 2819 737 2904; x_wconf 87' lang='lat' dir='ltr'>limites,</span> <span class='ocrx_word' id='word_1_179' title='bbox 753 2818 862 2886; x_wconf 85' lang='lat' dir='ltr'>valore</span> <span class='ocrx_word' id='word_1_180' title='bbox 889 2829 986 2909; x_wconf 81' lang='lat' dir='ltr'>atque</span> <span class='ocrx_word' id='word_1_181' title='bbox 1012 2841 1086 2902; x_wconf 90' lang='lat' dir='ltr'>usu,</span> <span class='ocrx_word' id='word_1_182' title='bbox 1105 2821 1165 2886; x_wconf 89' lang='lat' dir='ltr'>etsi</span> <span class='ocrx_word' id='word_1_183' title='bbox 1190 2820 1266 2886; x_wconf 92' lang='lat' dir='ltr'>uni-</span> 
     </span>
     <span class='ocr_line' id='line_1_24' title="bbox 126 2925 1266 3017; baseline 0.002 -25"><span class='ocrx_word' id='word_1_184' title='bbox 126 2925 283 2993; x_wconf 86' lang='lat' dir='ltr'>versalem</span> <span class='ocrx_word' id='word_1_185' title='bbox 296 2926 484 2994; x_wconf 81' lang='lat' dir='ltr'>canonicam</span> <span class='ocrx_word' id='word_1_186' title='bbox 498 2926 789 3017; x_wconf 84' lang='lat' dir='ltr'>jurisprudentiem</span> <span class='ocrx_word' id='word_1_187' title='bbox 805 2926 964 3016; x_wconf 87' lang='lat' dir='ltr'>respiciat,</span> <span class='ocrx_word' id='word_1_188' title='bbox 978 2927 1143 3017; x_wconf 78' lang='lat' dir='ltr'>prmoipue</span> <span class='ocrx_word' id='word_1_189' title='bbox 1158 2934 1266 2994; x_wconf 83' lang='lat' dir='ltr'>temen</span> 
     </span>
     <span class='ocr_line' id='line_1_25' title="bbox 126 3031 1266 3102; baseline -0.003 -2"><span class='ocrx_word' id='word_1_190' title='bbox 126 3033 161 3100; x_wconf 91' lang='lat' dir='ltr'>in</span> <span class='ocrx_word' id='word_1_191' title='bbox 176 3039 313 3100; x_wconf 84' lang='lat' dir='ltr'>tractatu</span> <span class='ocrx_word' id='word_1_192' title='bbox 334 3031 373 3100; x_wconf 88' lang='lat' dir='ltr'>de</span> <span class='ocrx_word' id='word_1_193' title='bbox 387 3031 523 3100; x_wconf 77' lang='lat' dir='ltr'>Iudiciis</span> <span class='ocrx_word' id='word_1_194' title='bbox 538 3033 754 3102; x_wconf 75' lang='lat' dir='ltr'>ecclesiasticis</span> <span class='ocrx_word' id='word_1_195' title='bbox 774 3040 822 3100; x_wconf 89' lang='lat' dir='ltr'>est</span> <span class='ocrx_word' id='word_1_196' title='bbox 842 3031 1086 3100; x_wconf 84' lang='lat' dir='ltr'>attendendum.</span> <span class='ocrx_word' id='word_1_197' title='bbox 1109 3031 1157 3097; x_wconf 87' lang='lat' dir='ltr'>lbi</span> <span class='ocrx_word' id='word_1_198' title='bbox 1178 3032 1266 3098; x_wconf 91' lang='lat' dir='ltr'>enim</span> 
     </span>
     <span class='ocr_line' id='line_1_26' title="bbox 125 3135 1264 3230; baseline -0.004 -24"><span class='ocrx_word' id='word_1_199' title='bbox 125 3139 378 3230; x_wconf 87' lang='lat' dir='ltr'>frequentiorem</span> <span class='ocrx_word' id='word_1_200' title='bbox 409 3135 654 3230; x_wconf 85' lang='lat' dir='ltr'>applicationem</span> <span class='ocrx_word' id='word_1_201' title='bbox 685 3137 792 3224; x_wconf 87' lang='lat' dir='ltr'>habet,</span> <span class='ocrx_word' id='word_1_202' title='bbox 825 3145 861 3206; x_wconf 90' lang='lat' dir='ltr'>ut</span> <span class='ocrx_word' id='word_1_203' title='bbox 890 3137 925 3204; x_wconf 91' lang='lat' dir='ltr'>in</span> <span class='ocrx_word' id='word_1_204' title='bbox 959 3137 1099 3205; x_wconf 87' lang='lat' dir='ltr'>decursu</span> <span class='ocrx_word' id='word_1_205' title='bbox 1124 3137 1264 3226; x_wconf 88' lang='lat' dir='ltr'>patebit;</span> 
     </span>
     <span class='ocr_line' id='line_1_27' title="bbox 125 3243 1267 3335; baseline -0.004 -21"><span class='ocrx_word' id='word_1_206' title='bbox 125 3247 205 3314; x_wconf 87' lang='lat' dir='ltr'>etin</span> <span class='ocrx_word' id='word_1_207' title='bbox 222 3246 415 3335; x_wconf 81' lang='lat' dir='ltr'>exponenda</span> <span class='ocrx_word' id='word_1_208' title='bbox 430 3253 462 3312; x_wconf 85' lang='lat' dir='ltr'>et</span> <span class='ocrx_word' id='word_1_209' title='bbox 478 3253 561 3313; x_wconf 90' lang='lat' dir='ltr'>recte</span> <span class='ocrx_word' id='word_1_210' title='bbox 579 3243 788 3334; x_wconf 78' lang='lat' dir='ltr'>intelligendo</span> <span class='ocrx_word' id='word_1_211' title='bbox 810 3244 850 3312; x_wconf 85' lang='lat' dir='ltr'>de</span> <span class='ocrx_word' id='word_1_212' title='bbox 874 3243 1057 3312; x_wconf 85' lang='lat' dir='ltr'>forensibus</span> <span class='ocrx_word' id='word_1_213' title='bbox 1071 3243 1267 3332; x_wconf 78' lang='lat' dir='ltr'>ambagibus</span> 
     </span>
     <span class='ocr_line' id='line_1_28' title="bbox 126 3339 1267 3442; baseline -0.003 -22"><span class='ocrx_word' id='word_1_214' title='bbox 126 3353 262 3421; x_wconf 82' lang='lat' dir='ltr'>materis</span> <span class='ocrx_word' id='word_1_215' title='bbox 286 3339 422 3442; x_wconf 73' lang='lat' dir='ltr'>magum</span> <span class='ocrx_word' id='word_1_216' title='bbox 438 3351 584 3420; x_wconf 86' lang='lat' dir='ltr'>utilitatis</span> <span class='ocrx_word' id='word_1_217' title='bbox 605 3359 665 3420; x_wconf 83' lang='lat' dir='ltr'>est.</span> <span class='ocrx_word' id='word_1_218' title='bbox 692 3352 776 3420; x_wconf 84' lang='lat' dir='ltr'>Hinc</span> <span class='ocrx_word' id='word_1_219' title='bbox 790 3351 831 3418; x_wconf 86' lang='lat' dir='ltr'>ab</span> <span class='ocrx_word' id='word_1_220' title='bbox 852 3351 923 3442; x_wconf 90' lang='lat' dir='ltr'>ipso</span> <span class='ocrx_word' id='word_1_221' title='bbox 949 3351 1120 3441; x_wconf 71' lang='lat' dir='ltr'>presentis</span> <span class='ocrx_word' id='word_1_222' title='bbox 1146 3358 1267 3418; x_wconf 87' lang='lat' dir='ltr'>tructa-</span> 
     </span>
    </p>
   </div>
   <div class='ocr_carea' id='block_1_5' title="bbox 12 3455 1268 3550">
    <p class='ocr_par' dir='ltr' id='par_1_6' title="bbox 12 3455 1268 3550">
     <span class='ocr_line' id='line_1_29' title="bbox 12 3455 1268 3550; baseline -0.002 -25"><span class='ocrx_word' id='word_1_223' title='bbox 12 3533 13 3550; x_wconf 12' lang='grc' dir='ltr'>χ</span> <span class='ocrx_word' id='word_1_224' title='bbox 128 3459 224 3526; x_wconf 89' lang='lat' dir='ltr'>tionis</span> <span class='ocrx_word' id='word_1_225' title='bbox 240 3457 388 3544; x_wconf 87' lang='lat' dir='ltr'>exordio,</span> <span class='ocrx_word' id='word_1_226' title='bbox 405 3458 555 3547; x_wconf 83' lang='lat' dir='ltr'>gencrale</span> <span class='ocrx_word' id='word_1_227' title='bbox 575 3456 662 3526; x_wconf 85' lang='lat' dir='ltr'>istud</span> <span class='ocrx_word' id='word_1_228' title='bbox 689 3455 889 3548; x_wconf 89' lang='lat' dir='ltr'>principium</span> <span class='ocrx_word' id='word_1_229' title='bbox 907 3455 1071 3524; x_wconf 90' lang='lat' dir='ltr'>voluimus</span> <span class='ocrx_word' id='word_1_230' title='bbox 1089 3457 1122 3522; x_wconf 93' lang='lat' dir='ltr'>in</span> <span class='ocrx_word' id='word_1_231' title='bbox 1140 3477 1268 3524; x_wconf 89' lang='lat' dir='ltr'>memo-</span> 
     </span>
    </p>
   </div>
   <div class='ocr_carea' id='block_1_6' title="bbox 126 3563 1270 4271">
    <p class='ocr_par' dir='ltr' id='par_1_7' title="bbox 126 3563 1270 4271">
     <span class='ocr_line' id='line_1_30' title="bbox 126 3563 1268 3652; baseline 0 -20"><span class='ocrx_word' id='word_1_232' title='bbox 126 3567 207 3632; x_wconf 86' lang='lat' dir='ltr'>riam</span> <span class='ocrx_word' id='word_1_233' title='bbox 225 3565 337 3632; x_wconf 88' lang='lat' dir='ltr'>lectori</span> <span class='ocrx_word' id='word_1_234' title='bbox 355 3573 542 3633; x_wconf 87' lang='lat' dir='ltr'>revocatum</span> <span class='ocrx_word' id='word_1_235' title='bbox 566 3591 573 3631; x_wconf 90' lang='lat'><strong>:</strong></span> <span class='ocrx_word' id='word_1_236' title='bbox 595 3587 637 3631; x_wconf 87' lang='lat' dir='ltr'>ne</span> <span class='ocrx_word' id='word_1_237' title='bbox 655 3563 774 3632; x_wconf 89' lang='lat' dir='ltr'>seilicet</span> <span class='ocrx_word' id='word_1_238' title='bbox 797 3564 933 3630; x_wconf 89' lang='lat' dir='ltr'>miretur</span> <span class='ocrx_word' id='word_1_239' title='bbox 948 3563 1165 3632; x_wconf 82' lang='lat' dir='ltr'>Iustinianeas</span> <span class='ocrx_word' id='word_1_240' title='bbox 1180 3564 1268 3652; x_wconf 82' lang='lat' dir='ltr'>leges</span> 
     </span>
     <span class='ocr_line' id='line_1_31' title="bbox 126 3669 1267 3764; baseline -0.002 -24"><span class='ocrx_word' id='word_1_241' title='bbox 126 3673 323 3764; x_wconf 61' lang='lat' dir='ltr'>mandoque</span> <span class='ocrx_word' id='word_1_242' title='bbox 347 3696 368 3740; x_wconf 85' lang='lat' dir='ltr'>s</span> <span class='ocrx_word' id='word_1_243' title='bbox 391 3671 498 3759; x_wconf 90' lang='lat' dir='ltr'>nobis,</span> <span class='ocrx_word' id='word_1_244' title='bbox 523 3671 564 3739; x_wconf 86' lang='lat' dir='ltr'>sd</span> <span class='ocrx_word' id='word_1_245' title='bbox 589 3671 792 3763; x_wconf 88' lang='lat' dir='ltr'>probandum</span> <span class='ocrx_word' id='word_1_246' title='bbox 823 3669 903 3762; x_wconf 91' lang='lat' dir='ltr'>quid</span> <span class='ocrx_word' id='word_1_247' title='bbox 926 3671 1011 3762; x_wconf 85' lang='lat' dir='ltr'>juris</span> <span class='ocrx_word' id='word_1_248' title='bbox 1038 3671 1183 3739; x_wconf 85' lang='lat' dir='ltr'>canonici</span> <span class='ocrx_word' id='word_1_249' title='bbox 1213 3671 1267 3758; x_wconf 87' lang='lat' dir='ltr'>sit,</span> 
     </span>
     <span class='ocr_line' id='line_1_32' title="bbox 127 3777 1268 3869; baseline 0 -23"><span class='ocrx_word' id='word_1_250' title='bbox 127 3781 259 3848; x_wconf 87' lang='lat' dir='ltr'>adduci.</span> <span class='ocrx_word' id='word_1_251' title='bbox 290 3778 459 3869; x_wconf 82' lang='lat' dir='ltr'>Ejusmodi</span> <span class='ocrx_word' id='word_1_252' title='bbox 486 3779 572 3846; x_wconf 87' lang='lat' dir='ltr'>enim</span> <span class='ocrx_word' id='word_1_253' title='bbox 599 3777 758 3869; x_wconf 84' lang='lat' dir='ltr'>probatio,</span> <span class='ocrx_word' id='word_1_254' title='bbox 788 3778 910 3846; x_wconf 92' lang='lat' dir='ltr'>nedum</span> <span class='ocrx_word' id='word_1_255' title='bbox 934 3787 1028 3846; x_wconf 84' lang='lat' dir='ltr'>extra</span> <span class='ocrx_word' id='word_1_256' title='bbox 1054 3777 1268 3868; x_wconf 82' lang='lat' dir='ltr'>quaestionem</span> 
     </span>
     <span class='ocr_line' id='line_1_33' title="bbox 128 3883 1267 3975; baseline 0 -22"><span class='ocrx_word' id='word_1_257' title='bbox 128 3885 242 3974; x_wconf 83' lang='lat' dir='ltr'>vagari</span> <span class='ocrx_word' id='word_1_258' title='bbox 259 3894 291 3953; x_wconf 90' lang='lat' dir='ltr'>et</span> <span class='ocrx_word' id='word_1_259' title='bbox 306 3885 421 3954; x_wconf 90' lang='lat' dir='ltr'>robore</span> <span class='ocrx_word' id='word_1_260' title='bbox 437 3907 545 3953; x_wconf 86' lang='lat' dir='ltr'>cerere</span> <span class='ocrx_word' id='word_1_261' title='bbox 561 3883 721 3952; x_wconf 82' lang='lat' dir='ltr'>censenda</span> <span class='ocrx_word' id='word_1_262' title='bbox 744 3885 796 3970; x_wconf 86' lang='lat' dir='ltr'>sit,</span> <span class='ocrx_word' id='word_1_263' title='bbox 815 3906 875 3975; x_wconf 88' lang='lat' dir='ltr'>pro</span> <span class='ocrx_word' id='word_1_264' title='bbox 890 3883 1035 3973; x_wconf 80' lang='lat' dir='ltr'>legitime</span> <span class='ocrx_word' id='word_1_265' title='bbox 1053 3894 1084 3952; x_wconf 86' lang='lat' dir='ltr'>et</span> <span class='ocrx_word' id='word_1_266' title='bbox 1100 3883 1141 3951; x_wconf 89' lang='lat' dir='ltr'>ad</span> <span class='ocrx_word' id='word_1_267' title='bbox 1156 3883 1267 3953; x_wconf 84' lang='lat' dir='ltr'>deter-</span> 
     </span>
     <span class='ocr_line' id='line_1_34' title="bbox 130 3989 1268 4082; baseline 0 -22"><span class='ocrx_word' id='word_1_268' title='bbox 130 3992 322 4060; x_wconf 88' lang='lat' dir='ltr'>minandum</span> <span class='ocrx_word' id='word_1_269' title='bbox 344 3991 399 4082; x_wconf 88' lang='lat' dir='ltr'>jus</span> <span class='ocrx_word' id='word_1_270' title='bbox 426 3993 674 4060; x_wconf 79' lang='lat' dir='ltr'>ecclesiasticum</span> <span class='ocrx_word' id='word_1_271' title='bbox 700 3989 881 4058; x_wconf 83' lang='lat' dir='ltr'>sufficiente</span> <span class='ocrx_word' id='word_1_272' title='bbox 902 3989 1050 4058; x_wconf 85' lang='lat' dir='ltr'>habenda</span> <span class='ocrx_word' id='word_1_273' title='bbox 1069 3991 1146 4077; x_wconf 88' lang='lat' dir='ltr'>erit;</span> <span class='ocrx_word' id='word_1_274' title='bbox 1171 3991 1268 4060; x_wconf 92' lang='lat' dir='ltr'>modo</span> 
     </span>
     <span class='ocr_line' id='line_1_35' title="bbox 131 4097 1270 4188; baseline -0.002 -20"><span class='ocrx_word' id='word_1_275' title='bbox 131 4103 177 4188; x_wconf 85' lang='lat' dir='ltr'>(ut</span> <span class='ocrx_word' id='word_1_276' title='bbox 196 4099 356 4188; x_wconf 89' lang='lat' dir='ltr'>diximus)</span> <span class='ocrx_word' id='word_1_277' title='bbox 372 4121 532 4169; x_wconf 90' lang='lat' dir='ltr'>canonum</span> <span class='ocrx_word' id='word_1_278' title='bbox 549 4098 676 4167; x_wconf 81' lang='lat' dir='ltr'>statutis</span> <span class='ocrx_word' id='word_1_279' title='bbox 689 4097 914 4166; x_wconf 75' lang='lat' dir='ltr'>iustinianeus</span> <span class='ocrx_word' id='word_1_280' title='bbox 940 4104 1047 4165; x_wconf 82' lang='lat' dir='ltr'>textus</span> <span class='ocrx_word' id='word_1_281' title='bbox 1068 4119 1135 4164; x_wconf 92' lang='lat' dir='ltr'>nou</span> <span class='ocrx_word' id='word_1_282' title='bbox 1152 4097 1270 4166; x_wconf 84' lang='lat' dir='ltr'>adver·</span> 
     </span>
     <span class='ocr_line' id='line_1_36' title="bbox 129 4213 228 4271; baseline -0.01 0"><span class='ocrx_word' id='word_1_283' title='bbox 129 4213 228 4271; x_wconf 79' lang='lat' dir='ltr'>uetur.</span> 
     </span>
    </p>
   </div>
   <div class='ocr_carea' id='block_1_7' title="bbox 0 0 1556 4964">
    <p class='ocr_par' dir='ltr' id='par_1_8' title="bbox 0 0 1556 4964">
     <span class='ocr_line' id='line_1_37' title="bbox 0 0 1556 4964; baseline 0 0"><span class='ocrx_word' id='word_1_284' title='bbox 0 0 1556 4964; x_wconf 95' lang='lat' dir='ltr'> </span> 
     </span>
    </p>
   </div>
  </div>
 </body>
</html>
