3056 4972
554 451 628 497 rsus
652 451 757 496 narni.
1166 429 1227 494 175

97 601 114 636 u
136 572 252 642 tarium
269 573 329 642 hoc
352 573 423 663 ipso
439 572 583 641 excludit
590 599 599 658 ;
616 573 771 664 quianon
788 572 830 639 ob
852 571 981 656 sotoris,
1000 569 1053 638 sed
1075 569 1228 638 obscum

97 706 114 745 u
135 679 342 748 commodum
359 679 529 771 injudicio
545 687 720 771 comparet.
738 705 755 742 n
775 677 1087 768 (Schmalzgrueber‚
1105 678 1138 744 iu
1155 677 1231 746 titu-

94 787 190 856 luml
211 787 251 856 da
263 785 410 868 tudiciis,
428 786 504 854 libri
521 790 540 852 2
560 785 786 871 Decretalium,
802 807 837 852 n.
857 785 922 874 33.)

136 895 265 964 Rasum
282 899 326 961 3·.
343 930 388 946 -
407 893 719 961 Eacommrmicotus
739 891 1071 960 recommunicatione
1092 891 1228 981 mojori,

93 1002 146 1070 scd
162 1025 230 1070 nou
256 999 422 1082 vitandus,
440 999 478 1068 id
497 1011 555 1081 est,
571 999 717 1068 nondum
740 999 870 1089 publice
892 997 1110 1088 denrmtlotus,
1125 1009 1233 1089 potest

93 1123 250 1202 tunqrram
267 1123 369 1190 actor,
386 1122 458 1177 tum
469 1131 490 1176 u
500 1107 626 1198 judice,
642 1119 714 1174 tum
725 1107 768 1174 ab
779 1105 916 1174 aduersa
927 1119 1025 1198 parte
1037 1107 1150 1197 repelli
1153 1131 1167 1190 ,·
1178 1107 1235 1176 secl

89 1230 192 1308 potest
208 1217 322 1299 etium,
337 1217 367 1284 si
380 1217 437 1285 isti
449 1216 662 1296 cmueutiuut,
676 1214 822 1283 admitti.
836 1253 880 1266 -
896 1215 980 1281 Ante
995 1213 1170 1283 Martinam
1185 1217 1231 1303 V,

93 1347 156 1392 non
169 1325 273 1414 magis
284 1332 410 1415 poterut
421 1345 487 1392 non
499 1321 652 1392 vitandus
663 1343 762 1414 quem
771 1320 924 1390 vitandus
936 1321 1053 1390 actoris
1061 1343 1232 1412 personum

94 1429 263 1522 injudicio
277 1431 436 1500 sustinere
450 1457 458 1515 ;
473 1429 529 1498 scd
550 1429 700 1497 Pontifex
717 1427 772 1496 ille
791 1427 825 1495 iu
844 1426 979 1496 concilio
994 1428 1232 1497 Constantiensi

94 1561 147 1628 per
169 1543 434 1628 extravagantem
452 1537 504 1605 Ad
521 1535 687 1616 evitanda,
706 1532 789 1603 hanc
810 1532 1049 1603 distinctionem
1075 1534 1229 1622 decrevit,

93 1655 126 1710 ut
142 1651 249 1735 posset
276 1666 342 1712 non
368 1645 531 1730 vitandus,
549 1642 768 1712 consentiente
785 1640 893 1732 judice
919 1650 950 1709 et
973 1642 1109 1710 adversa
1129 1653 1231 1734 parte,

94 1760 248 1842 tanquam
275 1761 364 1820 actor
392 1750 532 1818 admitti.
562 1749 643 1818 Enni
674 1758 780 1816 tarum
806 1769 936 1839 peccare
961 1771 1029 1816 sese
1055 1750 1234 1839 ingerendo

95 1857 225 1926 adnotat
239 1857 530 1947 Schmalrgrueber
547 1855 628 1946 (loco
643 1857 751 1943 citato,
768 1877 802 1923 n.
823 1857 888 1946 34).

135 1965 266 2034 Rasum
283 1969 329 2031 ⁴².
347 2001 392 2016 -··
407 1967 483 2036 Non
496 1961 650 2031 uitandus
670 1975 778 2054 potest
802 1974 840 2030 ut
863 1967 946 2030 Reus
963 1965 1159 2033 necessarius
1173 1967 1234 2036 ud-

95 2073 182 2140 mitti
201 2085 233 2140 et
254 2071 404 2162 compelli
428 2081 496 2138 :ut
522 2070 740 2152 uoluntarius,
761 2081 869 2160 potest
896 2069 1031 2138 admitti
1061 2085 1092 2139 ct
1121 2075 1233 2166 repelli

96 2181 230 2248 arbitrio
242 2177 367 2270 judicis
382 2191 413 2246 et
430 2179 561 2246 actoris.
578 2217 623 2230 -
638 2177 731 2258 Quod
752 2177 852 2268 possit
866 2178 1014 2267 compelli
1035 2177 1076 2248 ad
1103 2203 1234 2273 compa-

97 2287 231 2357 rendum
254 2286 387 2379 qnando
403 2293 451 2354 est
465 2307 541 2355 rens
564 2285 776 2372 necessarius,
794 2284 904 2369 idest,
922 2285 1053 2378 qiraudo
1074 2286 1107 2354 id
1134 2291 1233 2358 actori

98 2394 302 2463 commodum
314 2402 375 2480 est,
387 2401 473 2486 patet
484 2415 526 2460 ex
536 2415 574 2460 co
586 2391 673 2484 quod
686 2393 782 2461 etiarn
794 2393 944 2484 compelli
959 2393 1059 2484 possit
1068 2394 1230 2464 vitandus.

98 2502 131 2569 Si
147 2525 226 2571 vero
240 2525 306 2570 non
321 2502 439 2570 citatus
454 2501 522 2592 ipse
538 2501 722 2569 voluntarie
745 2507 877 2590 propter
890 2501 1012 2569 bonum
1034 2523 1131 2570 suurn
1145 2526 1235 2572 com-

98 2618 217 2698 pareat,
234 2631 309 2677 curn
334 2609 368 2676 in
393 2608 454 2677 hoc
475 2629 552 2676 casu
574 2606 675 2675 actori
701 2606 931 2698 aequiparetur,
948 2608 1065 2698 poterit
1088 2607 1230 2698 admitti3

98 2716 150 2782 scd
164 2716 282 2807 poterit
293 2715 389 2783 ctiam
404 2722 527 2807 sparte
543 2713 679 2781 adversa
688 2713 771 2781 vela
784 2713 896 2803 judice
912 2713 1024 2804 repelli
1041 2741 1048 2782 :
1063 2716 1090 2782 si
1102 2716 1233 2808 quidem

98 2821 141 2888 ita
157 2823 347 2891 conclusum
368 2821 429 2889 fnit
449 2821 511 2889 sub
530 2820 644 2910 regula
659 2819 832 2910 superiori,
847 2820 978 2911 quando
998 2819 1084 2890 idem
1102 2846 1235 2892 excom-

100 2930 281 2998 municatus
296 2939 450 3021 tanquam
467 2936 639 2996 saturasse
661 2925 792 3016 ingerit.

141 3036 271 3105 Rasum
294 3041 339 3105 5².
359 3075 404 3086 -
432 3037 550 3102 Utrum
572 3033 850 3102 excommunicato
873 3033 907 3100 iu
924 3031 1093 3124 judicium
1121 3053 1234 3109 uocato

99 3143 192 3212 liccat
211 3167 273 3235 per
294 3143 435 3234 scipsum
456 3141 658 3232 respondere,
677 3163 720 3208 uu
738 3163 812 3208 cero
834 3139 880 3209 ud
900 3141 1156 3234 respondendum
1172 3171 1234 3239 per

97 3265 341 3340 procuratorem
372 3262 532 3330 teneatur,
551 3250 757 3341 aliquatenus
778 3251 1041 3318 controvertitur.
1059 3235 1103 3304 ὲ-
1125 3253 1235 3324 Verba

100 3357 180 3446 legis
202 3357 327 3450 (ospitis
355 3379 470 3448 nempe
498 3357 722 3424 Intelleximus
749 3377 848 3447 supra
875 3357 989 3447 citati),
1011 3360 1165 3430 videntur
1189 3372 1237 3431 sat

24 3467 25 3470 ’
101 3464 270 3553 perspicua
287 3489 294 3530 ε
311 3461 461 3530 Pontifex
477 3463 563 3528 enirn
580 3483 730 3551 expresse
744 3460 824 3528 dicit
840 3487 847 3527 ε
866 3460 957 3530 debet
974 3466 1154 3554 paralium
1169 3491 1236 3537 res-

96 3569 247 3657 pondere.
268 3569 489 3638 Nihilominus
514 3569 622 3659 plures
649 3567 807 3654 doctores,
830 3569 914 3637 inter
939 3592 1020 3660 quos
1045 3571 1165 3642 Suaraz
1185 3577 1237 3667 (dc

103 3677 260 3759 Cmruris,
279 3677 354 3744 dist.
376 3679 428 3760 16,
445 3687 520 3743 sect.
538 3681 572 3761 l,
590 3697 622 3742 n.
643 3675 688 3764 6),
705 3684 821 3766 putant
844 3699 883 3743 cx
907 3676 964 3746 illo
981 3687 1070 3746 textu
1087 3703 1150 3752 nou
1177 3682 1236 3751 de-

100 3783 176 3851 bere
190 3783 337 3852 concludi
349 3783 529 3852 absolutam
545 3783 763 3875 procuratoris
779 3784 1009 3872 necessitatem,
1024 3785 1078 3853 sed
1096 3789 1236 3882 relinqui

99 3889 377 3959 excommunicato
393 3889 575 3958 facultatem
591 3891 803 3980 perseipsum
819 3891 853 3955 in
869 3889 992 3980 jndicio
1012 3898 1234 3986 comparendi.

101 3995 212 4088 Aliqui
218 3996 425 4086 distinguunt
436 3998 520 4064 inter
529 4018 641 4064 causas
654 3994 773 4064 arduas
782 4004 813 4063 et
825 4018 890 4064 non
902 3996 1034 4067 arduas:
1046 4001 1080 4068 in
1093 4003 1143 4072 his
1157 4029 1239 4079 non·

102 4103 167 4168 nisi
181 4127 236 4194 pcr
250 4113 490 4196 procuratorem
510 4111 597 4170 stare
618 4102 652 4169 in
668 4102 792 4192 judicio
809 4126 900 4194 possa
920 4111 1236 4186 excommunicatum

101 4218 214 4278 tenent
230 4239 237 4278 :
255 4233 347 4280 secus
367 4233 445 4280 vero
467 4212 501 4278 in
527 4211 602 4278 illis.
620 4210 667 4276 De
689 4209 749 4276 hac
771 4214 991 4281 controversia
1006 4215 1111 4286 videri
1135 4231 1237 4313 potest
