3046 4962
558 487 630 531 runs
654 485 758 532 entus.
1193 465 1232 532 tt

100 627 114 664 a
139 609 168 669 et
182 603 257 672 ideo
275 627 333 674 nos
348 629 367 673 a
382 607 473 674 vobis
495 615 577 676 recte
595 607 798 699 judicamur;
817 631 874 678 vos
889 617 997 678 autem
1015 631 1079 678 non
1102 611 1233 702 potestis

99 710 177 778 «ab
200 711 393 780 bominibus
408 713 560 804 judicari.
589 713 726 805 Propter
746 715 832 806 quod
859 716 918 786 Dei
944 716 1044 785 solius
1070 717 1233 788 intervos

98 843 114 879 a
136 827 301 908 expectate
310 819 486 910 judicium3
501 829 650 890 etvestrs
661 821 771 912 jurgia
781 845 997 914 qrruroumque
1009 823 1086 909 sint,
1098 823 1138 891 ad
1150 823 1232 892 illud

99 951 114 988 a
136 926 285 995 divinum
307 937 515 996 reserventur
529 949 678 997 examen.
697 929 766 999 Vos
790 930 907 998 etenim
934 931 1027 998 nobis
1043 954 1062 998 a
1081 932 1148 1001 Deo
1166 931 1234 1000 dati

99 1060 114 1096 a
136 1033 211 1102 estis
227 1033 276 1101 dii
295 1061 302 1102 :
320 1041 351 1103 et
364 1036 560 1103 conveniens
577 1057 641 1103 non
667 1044 716 1104 est
737 1045 774 1104 ut
796 1036 894 1106 homo
915 1036 1037 1128 judicet
1061 1037 1157 1116 de0s;
1176 1038 1232 1106 sed

99 1165 113 1202 e
136 1139 187 1208 ille
200 1141 291 1208 solus
301 1141 341 1209 de
352 1163 417 1233 quo
429 1141 586 1232 scriptum
603 1151 662 1228 est,
675 1147 760 1211 Deus
774 1143 861 1211 stetit
871 1144 905 1210 in
916 1166 1084 1234 synapopa
1097 1144 1232 1212 deorum

98 1273 112 1310 r
135 1248 168 1314 in
184 1246 294 1316 medio
310 1261 421 1317 autem
437 1248 511 1317 cleos
526 1248 687 1318 discernit.
714 1275 731 1314 s

135 1357 234 1423 Anno
251 1358 328 1442 341,
345 1354 491 1424 habitum
509 1355 609 1425 luisse
624 1357 794 1426 concilium
812 1358 1049 1427 Antiochenam
1072 1358 1233 1426 aestimant

94 1459 207 1528 fratres
222 1461 378 1530 Bullerini
397 1488 404 1528 :
424 1463 518 1553 eujus
540 1463 657 1554 synodi
678 1485 779 1531 canon
796 1465 933 1556 quintus
954 1464 1050 1556 juxta
1066 1463 1232 1556 antiquam

93 1568 274 1636 versionem
301 1568 346 1636 sic
371 1569 467 1638 babet
494 1597 502 1637 :
530 1570 571 1637 Si
596 1571 667 1661 quis
695 1571 863 1662 presbyter
887 1583 947 1639 aut
973 1570 1127 1640 diaconus
1150 1593 1232 1638 con-

93 1689 234 1744 temnens
249 1699 346 1745 suum
359 1678 559 1769 Episcopum
580 1679 781 1768 separaverit
804 1700 837 1746 se
855 1679 898 1747 ab
913 1679 1068 1760 Ecclesia,
1086 1692 1117 1747 et
1131 1700 1232 1747 secre-

93 1784 155 1851 tius
169 1806 369 1875 conprcparrs
384 1784 493 1853 altare
506 1797 645 1865 statuat,
668 1797 697 1852 et
721 1785 867 1854 evocanti
888 1809 962 1854 cum
983 1787 1145 1880 Episcopo
1165 1812 1232 1856 non

92 1891 257 1974 obedierit,
282 1915 357 1961 cum
385 1906 416 1960 et
437 1893 549 1984 primo
576 1904 607 1960 et
631 1891 769 1960 secundo
798 1905 968 1960 uocantem
993 1895 1229 1986 contempserit,

92 2001 216 2066 nouerit
242 2021 275 2067 sc
303 2001 436 2068 omnino
464 2000 643 2090 depredari
674 1999 853 2090 (ballerini,
886 2004 993 2092 Opera
1031 2004 1068 2069 S.
1100 2003 1228 2084 Leonis,

93 2115 166 2174 tom.
187 2111 221 2192 3,
236 2107 298 2174 col.
318 2109 406 2197 538).
432 2107 521 2176 Idem
546 2130 650 2176 canon
672 2108 717 2175 sic
735 2106 895 2197 reperitur
909 2108 943 2174 in
969 2107 1154 2177 collectione
1174 2131 1231 2177 ro-

92 2235 183 2280 mana
214 2213 400 2301 Holtstenii,
429 2237 462 2305 p.
492 2217 524 2299 1,
553 2237 629 2305 pag.
658 2217 721 2280 229
754 2215 796 2304 (et
822 2214 938 2282 citatus
964 2215 1050 2305 apud
1080 2215 1229 2302 Biancbi,

12 2365 14 2382 .
91 2323 219 2388 Potestci
240 2343 256 2388 e
273 2321 395 2411 politia
411 2320 497 2390 dello
515 2320 641 2402 Obiesa,
659 2329 681 2387 t.
709 2324 741 2405 3,
768 2343 799 2411 p.
828 2321 904 2410 444)
923 2347 930 2388 :
951 2322 1017 2404 Oui
1037 2344 1059 2387 a
1083 2344 1232 2390 commu-

90 2428 182 2495 nione
192 2427 335 2517 seipsum
347 2427 526 2519 suspendit,
544 2440 575 2494 et
589 2427 756 2496 collectam
768 2427 861 2517 facit,
879 2439 910 2495 u
924 2429 1031 2496 altare
1045 2429 1227 2510 constituit,

91 2545 119 2600 rt
136 2534 279 2602 noluerit
297 2534 428 2602 vocanti
446 2534 606 2625 Episcopo
629 2533 817 2614 consentire,
835 2546 866 2599 et
886 2533 1028 2600 noluerit
1046 2533 1149 2601 eidem
1174 2557 1231 2601 ac-

12 2655 14 2720 t
90 2641 257 2731 quiescere,
274 2664 331 2710 nec
346 2640 475 2710 obedire
491 2641 653 2732 primast
674 2639 812 2708 secundo
828 2641 969 2721 uocanti,
986 2641 1073 2708 bunc
1094 2643 1229 2710 omnino
1322 2699 1326 2708 .

90 2747 253 2829 danumri,
265 2770 320 2817 nec
331 2747 540 2839 unquamuel
550 2747 754 2815 curationem
768 2747 896 2828 mereri,
912 2771 969 2815 uec
980 2749 1119 2840 recipere
1132 2771 1229 2816 suum

87 2877 176 2944 posse
190 2856 360 2923 bonorem.
1023 2911 1025 2918 .

12 2921 18 3000 l
130 2965 229 3030 Anno
246 2961 479 3054 380,judioatu
499 2961 561 3029 luit
578 2983 675 3030 causa
696 2961 867 3053 cujusdam
882 2961 1021 3050 virginis
1035 2962 1091 3030 cui
1107 2983 1228 3030 nomeu
1341 2994 1345 3002 ·

12 3067 14 3180 y
90 3077 155 3137 erat
180 3069 318 3138 Indicia.
349 3067 519 3150 Quomodo
545 3076 653 3136 sutem
682 3089 750 3136 sese
778 3067 928 3136 habuerit
954 3067 1115 3158 judicium
1145 3068 1227 3136 illud
1333 3106 1336 3117 ·

12 3203 16 3284 y
89 3177 348 3262 ecclesiasticum,
366 3184 397 3244 et
416 3198 515 3267 quam
530 3198 606 3243 vere
622 3175 721 3243 luerit
743 3175 870 3242 forense
894 3196 950 3241 seu
976 3175 1227 3262 contentiosum,

90 3283 179 3350 nobis
191 3283 416 3350 subministrat
427 3282 529 3350 sancti
543 3282 708 3350 Ambrosii
720 3281 856 3372 epistole
867 3281 981 3372 quinta
993 3280 1033 3348 ad
1047 3281 1226 3372 Syagrium

12 3449 13 3484 ,
89 3390 307 3458 Veronensum
323 3390 530 3482 Episcopum.
548 3389 604 3457 Lis
618 3398 725 3456 sutem
743 3387 814 3456 base
830 3394 899 3455 erat
915 3415 922 3454 ε
941 3387 1029 3479 apud
1046 3388 1225 3480 Syagrium

12 3487 13 3494 '
88 3496 281 3588 Episcopum
304 3503 450 3564 accusata
466 3495 572 3563 fuerat
593 3517 693 3586 supra
707 3493 793 3562 dicta
806 3494 901 3584 virgo
920 3494 1055 3580 Indicia,
1070 3505 1225 3586 tanquam

89 3605 205 3693 peccari
232 3602 370 3670 earnalis
390 3625 456 3672 rea.
484 3601 602 3672 Statuit
623 3601 822 3670 Veronensis
848 3601 1038 3693 Episcopus,
1060 3610 1097 3669 ut
1119 3602 1228 3670 obste-

89 3711 203 3778 tricum
219 3710 395 3778 visitationi
410 3719 443 3778 et
458 3709 649 3800 inspectioni
664 3707 889 3800 subjiceretur.
909 3709 990 3777 Tota
1005 3717 1111 3777 autern
1127 3731 1227 3777 aceu-

12 3809 14 3886 }
89 3818 165 3885 satio
180 3817 222 3885 ab
237 3827 345 3907 aperte
368 3817 534 3885 malevolis
554 3826 585 3883 et
599 3817 889 3885 calumniatoribus
911 3815 1087 3908 prodierat.
1104 3816 1227 3885 lndioia

12 3985 13 4008 ,
88 3924 276 3994 rsententia
288 3923 418 4016 Syagrii
428 3924 578 4017 Episcopi
591 3924 766 4015 appellavit
777 3921 818 3992 ad
830 3930 978 3992 sanctum
989 3924 1201 3992 Ambrosium
1216 3951 1224 3991 :

12 4027 13 4064 ³
88 4033 216 4118 isauro,
236 4039 300 4100 tota
314 4054 410 4099 eausa
434 4031 627 4121 regulariter
640 4030 797 4116 discussa,
813 4031 973 4122 judicium
998 4030 1132 4121 Syagrii
1153 4053 1227 4099 res-

88 4139 170 4207 cidit.
191 4137 245 4207 Ad
261 4160 357 4230 quem
372 4145 482 4229 postea
496 4138 654 4224 scribens,
672 4138 717 4205 ita
732 4138 884 4229 objurgat
897 4163 904 4203 ε
917 4135 1120 4227 Hujusmecli
1131 4161 1226 4207 accu-

88 4259 217 4328 satores,
233 4245 427 4336 lrujusmocli
441 4256 537 4316 testes·
548 4244 583 4314 irt
600 4257 656 4312 tuo
672 4244 888 4313 constituebas
898 4243 1039 4337 judicio,
1054 4244 1112 4338 qui
1127 4269 1228 4338 neptae
