3030 4980
283 433 345 497 etl
655 455 831 500 rnacrurus
855 455 893 500 un
915 453 1048 500 moreris.

282 576 404 644 minata
431 590 596 644 remaneat
618 575 740 644 Vicarii
765 575 927 665 generalis
953 581 1093 667 potestas
1121 597 1179 668 per
1198 575 1424 644 exclusionem

281 704 408 769 eorum,
425 705 500 774 quae
514 682 588 774 ipsi,
601 681 635 752 vi
650 683 889 750 commissionis
905 681 1091 766 vicariatus,
1107 703 1173 750 non
1195 682 1345 749 subsunt.
1365 681 1425 747 ln-

280 789 393 858 dicatis
406 791 493 860 enim
508 790 547 858 iis
562 812 636 881 quae
650 789 705 880 jus
720 789 836 876 voluit,
847 789 898 860 vel
915 789 1005 856 nullo
1016 789 1126 874 modo,
1138 789 1189 857 vel
1202 789 1333 857 nonnisi
1343 811 1425 856 cum

280 896 410 987 speciali
425 895 578 987 Episcopi
593 894 745 962 mandato
759 917 851 986 posse
866 895 1028 964 aVicario
1049 894 1193 983 generali
1213 894 1350 986 expleri,
1371 915 1426 962 re-

281 1012 390 1072 manet
404 1003 578 1071 incaeteris
602 1003 831 1094 applicandum
846 1002 1044 1094 principium
1066 1001 1228 1091 generale,
1246 1023 1339 1092 posse
1354 1001 1425 1070 Vi-

279 1112 404 1180 carium
417 1111 569 1203 Episcopi
579 1110 668 1202 quod
682 1119 787 1201 potest
800 1111 990 1203 Episcopus.
1003 1109 1225 1178 Nihilominus
1238 1109 1294 1176 obs
1306 1131 1341 1176 re
1353 1133 1425 1176 non

280 1219 342 1287 erit
357 1217 480 1286 dictum
494 1217 643 1305 generale
664 1217 863 1308 principium
880 1218 915 1284 in
935 1216 1043 1308 specie
1062 1215 1225 1307 applicare
1246 1217 1426 1308 praecipuis

279 1325 392 1394 sutem
414 1323 608 1416 quibusdam
635 1324 790 1410 materiis,
807 1323 847 1391 iis
873 1323 1055 1415 prasertim
1080 1322 1120 1391 dc
1142 1323 1263 1414 quibus
1283 1323 1425 1390 dubium

278 1453 346 1500 esse
361 1438 477 1523 potest,
492 1453 573 1498 num
588 1451 629 1498 ex
646 1429 854 1522 dispositione
874 1429 959 1520 juris
973 1429 1178 1521 excipiantur
1191 1453 1211 1498 a
1226 1431 1347 1500 Vicarii
1364 1454 1425 1520 ge-

281 1539 402 1608 neralis
421 1546 588 1629 potestate.

323 1645 467 1728 Quusrro
493 1647 539 1712 1⁸.
561 1681 606 1696 -·-
627 1647 717 1716 Num
746 1644 892 1712 Vicarius
913 1643 1073 1734 pancratis
1096 1644 1251 1735 Episcopi
1273 1642 1426 1712 eumdem

276 1763 473 1846 potestatem
493 1751 613 1818 habeat
639 1773 716 1818 cam
737 1751 881 1843 capitulo
898 1752 950 1820 vel
971 1752 1153 1843 capitulari
1181 1753 1320 1833 Vicaria,
1338 1751 1426 1820 Sede

281 1863 438 1928 vacante?
452 1857 786 1950 -Respondendum
811 1858 973 1948 negative.
990 1859 1074 1927 Nam
1095 1859 1199 1926 multa
1219 1881 1260 1926 ex
1281 1859 1324 1926 iis
1346 1881 1425 1950 quae

280 1965 393 2057 nequit
405 1965 556 2035 Vicarius
569 1965 719 2057 Episcopi
734 1967 865 2055 explere
880 1966 1002 2056 absque
1016 1965 1148 2056 speciali
1163 1965 1313 2056 Episcopi
1330 1987 1426 2033 man-

281 2073 368 2158 dato,
385 2072 515 2163 explere
530 2079 633 2162 potest
646 2070 824 2161 capitulum
840 2078 914 2138 ante
934 2070 1174 2161 deputationum
1194 2071 1317 2142 Vicarii
1334 2071 1426 2161 capi·

284 2179 411 2266 tularis,
428 2186 460 2247 et
479 2179 548 2269 ipse
566 2178 717 2248 Vicorius
743 2179 931 2268 capitularis
954 2179 1060 2245 statim
1081 2201 1118 2246 ac
1140 2177 1314 2269 deputatus
1330 2177 1426 2247 luita

281 2286 433 2378 capitulo.
453 2284 538 2355 Vide
559 2285 594 2353 in
611 2307 682 2353 meo
697 2293 835 2352 tractatu
851 2283 890 2352 de
906 2284 1080 2375 Capitulis,
1097 2283 1344 2354 determinatam
1360 2285 1426 2355 Vi-

281 2394 362 2462 carii
376 2393 563 2485 capitularis
576 2399 775 2483 potestatem.
794 2390 880 2462 Vide
894 2392 990 2460 etiam
1006 2393 1204 2462 Leurenium
1221 2392 1272 2483 (de
1289 2393 1426 2461 Vicarr'is

281 2503 406 2594 Epioe,
425 2523 496 2591 cap.
516 2505 547 2587 3,
561 2523 594 2590 q.
614 2499 681 2588 97).

326 2609 469 2690 Quusrro
483 2611 530 2674 2².
542 2609 643 2674 -An
664 2606 790 2674 Vicario
806 2606 950 2697 pancrati
960 2619 1122 2697 competat
1136 2619 1173 2674 ut
1183 2607 1246 2674 sibi
1257 2606 1424 2690 credatur,

282 2719 363 2787 dum
381 2717 530 2807 affirmat
545 2737 578 2781 se
589 2713 689 2804 ficare
709 2713 906 2806 deputatum
922 2715 954 2781 in
977 2713 1142 2781 Vicariam
1160 2713 1357 2804 pencralem,
1377 2715 1429 2781 aa

282 2850 316 2895 se
328 2847 368 2893 ea
382 2824 445 2891 hac
459 2821 606 2912 pectorali
627 2821 839 2912 deputatione
852 2821 1118 2912 jurisdictionem
1134 2822 1252 2890 habac
1272 2823 1428 2890 intelam
1505 2859 1506 2876 κ

283 2932 470 3012 materiam,
482 2929 534 2997 vel
545 2951 577 2996 se
591 2928 743 2996 habuisse
756 2927 957 2996 mandatam
968 2929 1104 3020 speciale
1119 2929 1160 2996 ab
1176 2929 1340 3019 Episcopo
1359 2951 1427 2996 :aa

283 3063 357 3108 acra
368 3037 406 3107 id
413 3037 557 3130 probare
573 3040 792 3103 teneatur?-
808 3034 1027 3125 «Respondeo
1042 3037 1288 3123 1⁰,vicariatum
1301 3037 1426 3127 ipsum,

287 3176 305 3214 a
326 3170 385 3216 seu
398 3147 502 3238 ipsam
518 3143 759 3234 deputationcm
771 3142 805 3208 in
819 3141 988 3211 Vicarium
1003 3165 1072 3210 esse
1087 3142 1302 3234 probandam,
1316 3167 1357 3212 ex
1374 3165 1427 3211 re-

288 3285 305 3322 «
328 3253 407 3344 gula
432 3251 576 3342 generali
597 3248 708 3341 :quod
731 3247 861 3339 qualem
884 3249 958 3339 quis
985 3271 1018 3316 se
1046 3249 1134 3336 lacit,
1153 3249 1251 3317 talem
1274 3249 1370 3318 debet
1392 3273 1428 3318 se

288 3391 305 3429 «
328 3361 507 3431 ostendere.
526 3358 567 3425 Et
582 3359 616 3423 in
640 3355 701 3424 boo
722 3378 788 3423 non
813 3356 955 3423 creditur
970 3356 1141 3424 assertioni
1163 3357 1266 3447 ipsius
1288 3357 1425 3426 Vicarii.

289 3500 307 3538 a
329 3468 425 3551 Quod
446 3467 555 3558 ipsum
576 3472 685 3532 tamen
705 3464 810 3530 solum
834 3462 991 3554 procedit,
1009 3463 1066 3531 ubi
1080 3463 1258 3532 vicariatus
1273 3473 1425 3554 negatur.

289 3609 306 3645 α
328 3572 521 3666 Respondeo
534 3575 580 3637 2⁰.
590 3569 626 3637 Si
636 3592 713 3638 vero
726 3591 790 3637 non
807 3577 944 3657 negetur
959 3569 1131 3638 vicariatus
1142 3593 1199 3638 seu
1213 3571 1377 3662 deputatio
1393 3572 1429 3639 in

288 3715 305 3754 a
327 3681 510 3765 Vicarium,
520 3678 577 3746 sed
587 3676 654 3745 sola
665 3683 804 3768 potestas
812 3675 950 3763 vicarii,
960 3675 1226 3766 distinguendum
1240 3687 1306 3758 est;
1320 3680 1363 3747 ita
1374 3687 1428 3766 ul,

290 3821 306 3859 u
329 3793 357 3860 si
367 3796 503 3879 negetur
512 3791 651 3877 potestas
659 3790 689 3850 et
700 3782 836 3850 facultas
845 3805 943 3874 quam
955 3781 1050 3850 habet
1061 3783 1214 3852 Vicarius
1228 3807 1271 3852 ex
1283 3785 1430 3874 generali

290 3928 307 3966 «
330 3895 556 3968 commissione
575 3897 607 3958 at
627 3887 851 3981 jurisdictione
874 3889 1050 3975 ordinaria,
1071 3890 1143 3958 haec
1170 3891 1339 3981 probanda
1359 3914 1431 3960 uon

289 4035 307 4075 a
331 4007 391 4092 sit,
408 4001 465 4072 sed
485 3995 752 4092 praesumenda...
771 3995 808 4064 Si
830 4017 908 4063 vero
926 4004 1062 4085 negetur
1084 3995 1119 4063 in
1135 3997 1267 4067 Vicario
1292 3999 1431 4067 facultas

290 4143 307 4182 a
330 4133 444 4183 eornm
472 4129 547 4200 qua
574 4103 709 4196 speciale
736 4101 924 4170 mandatum
949 4104 1133 4194 requirunt,
1159 4104 1431 4194 subdistinguen-

289 4253 305 4292 ι(
330 4222 409 4290 dum
425 4223 472 4284 est
488 4239 498 4282 ι
517 4211 568 4281 vel
582 4210 669 4280 euim
685 4218 822 4300 negatur
837 4217 893 4278 aut
909 4209 1084 4302 opponitur
1097 4218 1209 4279 contra
1225 4211 1308 4280 hanc
1323 4212 1430 4282 facul-
