3046 4968
576 498 650 543 enus
679 495 783 542 entur.
1183 475 1243 544 157

103 615 228 706 legatus
244 618 416 688 interdicto
430 617 589 710 subjicere
604 627 725 686 terram
741 637 815 708 quae
831 638 895 685 uou
911 617 1086 708 pertineret
1100 620 1247 709 speciali-

106 739 153 793 ter
170 726 212 814 (id
228 735 278 793 est
290 727 386 794 etiam
401 725 507 819 quoad
525 725 706 794 dominium
724 723 910 816 temporale)
927 724 967 792 ad
984 725 1133 816 Episcopi
1147 727 1248 817 juris-

106 831 279 900 dictionem
298 861 305 900 :
323 834 401 925 quia
423 831 756 924 nempeambiguum
779 841 827 899 est
849 839 960 899 utrum
982 854 1047 900 vox
1070 834 1252 924 specialiter

106 937 335 1028 conjungenda
358 941 399 1007 sit
419 962 494 1007 eum
519 937 714 1030 praecedenti
734 938 887 1028 pertinet,
905 960 947 1006 an
969 939 1077 1029 potius
1098 962 1171 1008 cum
1200 965 1251 1008 se·

107 1046 281 1136 quentihus
303 1046 486 1138 specialiter
498 1045 672 1114 interdicto
694 1057 878 1136 supponat,
900 1067 998 1136 quam
1020 1046 1248 1136 questionem,

109 1161 218 1244 utpote
236 1153 344 1221 minus
366 1153 478 1221 utilem
502 1153 692 1220 omittimus.
711 1151 880 1220 Addemus
901 1159 1026 1219 tautum
1055 1153 1178 1220 moneri
1194 1177 1251 1246 per

105 1259 181 1348 jura
197 1259 267 1350 ipsa
282 1259 466 1349 delegatum
480 1259 592 1350 Papae,
608 1265 646 1326 ut
660 1258 771 1326 mitius
786 1267 861 1346 agat
876 1257 910 1324 in
926 1259 1121 1350 Episcopum
1140 1261 1250 1352 (prop-

109 1375 157 1431 ter
182 1366 392 1434 eminentiam
417 1364 606 1457 episcopalis
632 1363 826 1454 dignitatis),
850 1387 948 1455 quarn
973 1365 1007 1432 in
1034 1365 1116 1434 alios
1138 1367 1251 1458 (capite

109 1472 290 1540 Pastoralt's
311 1475 365 1558 28,
383 1472 467 1540 tituli
491 1475 545 1558 29,
564 1471 639 1538 libri
663 1475 677 1538 l
698 1471 853 1560 Decret.);
872 1471 937 1539 aiei
956 1473 1043 1562 forte
1062 1474 1110 1562 (ut
1133 1473 1252 1544 dicitur

108 1579 212 1670 capite
228 1579 316 1662 Quia
332 1578 520 1670 pontificali
541 1582 574 1664 2,
591 1575 631 1645 de
647 1578 762 1668 Officio
782 1591 813 1645 et
832 1591 904 1668 pat.
924 1577 1003 1668 jad.
1026 1578 1142 1670 delep„
1162 1581 1194 1647 iu
1220 1581 1252 1671 6)

108 1684 208 1752 aliter
219 1685 296 1776 fieri
306 1686 443 1754 suaserit
458 1685 565 1752 nimia
579 1685 794 1752 contumaciae
806 1686 1016 1775 protervitas,
1029 1708 1084 1752 seu
1098 1687 1205 1778 calpa.
1364 1769 1366 1772 ¹

155 1796 186 1860 3.
210 1793 352 1861 «Potest
375 1791 477 1884 judex
500 1791 678 1881 delegatus,
697 1791 723 1859 si
745 1791 775 1859 ei
797 1812 870 1881 pars
887 1793 982 1860 citata
1005 1792 1133 1883 objiciat
1152 1794 1253 1884 juris-

113 1926 130 1966 ι
154 1899 307 1968 dictionis
330 1901 503 1982 delectum,
523 1920 714 1988 cognoscere
737 1898 930 1988 regulariter
951 1921 1032 1968 num
1057 1901 1176 1968 suasit
1199 1903 1255 1993 ju-

112 2033 130 2070 ιι
155 2006 320 2092 risdictio;
337 2013 435 2098 prout
447 2006 589 2074 sumitur
600 2027 641 2072 ex
653 2005 757 2096 capite
769 2008 824 2074 Ea
835 2020 934 2097 parte
947 2009 1001 2093 ³3,
1015 2007 1054 2076 de
1068 2010 1249 2100 descriptis.

113 2143 132 2179 ιι
155 2115 198 2182 Et
221 2113 297 2182 hinc
313 2113 487 2182 discrimen
507 2121 556 2180 est
575 2112 660 2180 iuter
679 2111 822 2203 judicem
850 2113 1052 2182 ordinarium
1068 2124 1099 2184 et
1122 2117 1255 2207 delega-

113 2247 131 2285 ιι
156 2228 227 2288 tum
254 2248 261 2287 ε
284 2242 360 2288 uam
378 2219 482 2311 Judex
504 2216 689 2286 ordinarius
712 2225 839 2286 tautum
864 2228 968 2310 potest
996 2243 1188 2310 cognoscere
1213 2249 1255 2292 an

114 2355 132 2391 ιι
157 2351 218 2396 sua
231 2329 274 2395 sit
285 2325 483 2418 jurisdictio,
500 2325 632 2416 quando
655 2325 718 2415 ipsi
742 2325 893 2415 objicitur
909 2326 995 2418 quod
1012 2349 1078 2396 non
1102 2331 1143 2396 sit
1167 2354 1256 2400 com-

114 2463 133 2500 ιι
157 2443 272 2526 petens
297 2443 444 2525 respectu
468 2433 570 2524 partis
596 2430 720 2509 citatae3
741 2454 806 2500 uon
827 2455 905 2501 vero
930 2434 1060 2524 quando
1084 2437 1145 2528 ipsi
1172 2439 1257 2532 obji-

114 2569 133 2608 ι
157 2543 244 2610 citnr
259 2541 347 2633 quod
368 2540 491 2609 nullam
515 2539 631 2607 habeat
653 2537 923 2629 jurisdictionem.
946 2543 1069 2610 Atverc
1090 2543 1256 2635 delegatus

115 2677 133 2714 ι
157 2669 354 2738 cognoscere
368 2654 472 2739 potest
487 2669 566 2716 num
582 2669 641 2714 sua
657 2646 699 2714 sit
710 2643 905 2736 jurisdictio,
921 2649 1045 2716 etiamsi
1063 2673 1139 2741 pars
1159 2651 1256 2722 citata

115 2784 133 2818 ιι
160 2756 224 2848 ipsi
247 2755 388 2846 objiciat,
404 2753 491 2846 quod
514 2753 639 2822 nullam
663 2752 1074 2854 jurisdictioneughabeat,
1090 2781 1130 2826 ex
1154 2762 1257 2850 capite

117 2891 134 2928 ιι
158 2862 250 2954 quod
274 2861 359 2929 dicat
389 2860 581 2952 rescriptum
611 2859 820 2950 delegationis
848 2883 916 2930 esse
942 2863 1135 2933 invalidum.
1163 2867 1257 2936 Ratio

118 2999 135 3032 ιι
160 2969 360 3060 disparitatis
375 2979 434 3056 est,
450 2968 526 3058 quia
547 2965 652 3058 judex
676 2967 872 3055 ordinarius,
890 2991 965 3037 cum
988 2969 1130 3039 defectus
1152 2977 1258 3043 omnis

119 3105 137 3143 ιι
158 3075 395 3167 jurisdictionis
421 3075 483 3166 ipsi
508 3074 671 3164 objicitur,
689 3072 773 3142 hauc
799 3075 968 3144 fundatam
998 3099 1062 3144 uon
1091 3078 1204 3169 habet,
1228 3092 1261 3150 et

116 3209 135 3252 a
163 3184 241 3252 hinc
256 3205 315 3251 nec
331 3183 543 3274 pronuntiare
563 3181 806 3250 interlocutoria
820 3180 859 3248 de
874 3182 930 3249 illa
946 3191 1062 3273 potest,
1079 3209 1119 3253 ue
1138 3187 1260 3279 judicet

121 3323 138 3358 ι
163 3293 285 3360 directe
308 3293 343 3360 in
365 3313 462 3360 causa
487 3290 629 3381 propria.
652 3290 696 3357 at
717 3288 820 3379 judex
845 3289 1022 3380 delegatus,
1048 3316 1123 3362 cum
1150 3299 1260 3367 omnia

6 3393 8 3424 ³
121 3429 140 3465 ιι
163 3409 239 3489 agat
258 3398 390 3469 nomine
404 3398 592 3486 delegantis,
609 3395 648 3464 de
664 3395 757 3486 cujus
775 3396 1000 3487 jurisdictione
1017 3409 1053 3467 ut
1068 3406 1262 3493 supponitur

122 3536 141 3572 ιι
164 3507 294 3576 nullum
320 3513 468 3572 movetur
486 3503 637 3588 dubium,
653 3503 721 3594 ipse
743 3525 873 3594 quoque
896 3503 1156 3594 jurisdictionem
1180 3511 1260 3579 lun-

6 3647 8 3690 ,
121 3643 140 3678 ιι
164 3615 288 3699 datam,
313 3621 545 3702 cousequenter
570 3612 666 3678 etiam
701 3619 888 3700 potestatem
918 3611 1014 3680 habet
1045 3619 1260 3704 cognoscendi

6 3751 7 3818 3
123 3752 142 3787 ιι
164 3730 279 3790 utrum
294 3719 409 3788 litterae
425 3718 650 3808 delegationis,
667 3740 686 3784 a
708 3717 877 3806 delegante
898 3717 994 3806 datae,
1010 3722 1077 3787 sint
1090 3721 1219 3792 valida.
1239 3752 1256 3790 ι)

6 3877 7 3880 ,
121 3828 438 3918 (Schmalzgrueher,
454 3827 488 3892 iu
505 3827 554 3895 tit.
574 3829 629 3910 29,
646 3825 724 3892 libri
740 3828 755 3891 l
775 3825 1004 3915 Decretalium,
1022 3851 1053 3895 n.
1072 3829 1140 3920 3l.)

171 3967 188 4002 ιι
212 3936 321 4002 Potest
336 3935 502 4022 delegatus
517 3931 684 4000 absolvere
705 3941 845 3999 actorem
861 3932 902 3999 ab
917 3937 1261 4030 excourmuuicatione,

6 4125 8 4140 k
124 4076 142 4111 ιι
166 4065 268 4136 quam
283 4044 421 4110 incurrit
436 4050 508 4131 post
530 4039 677 4130 rescripti
699 4040 970 4129 impetrationem,
988 4042 1029 4108 ob
1045 4065 1175 4112 causam
1191 4071 1264 4138 per-

6 4155 7 4162 ’
126 4183 142 4218 ιι
168 4154 327 4220 tinentem
348 4149 489 4234 adeam,
507 4147 662 4237 obquam
689 4146 848 4235 delegatio
876 4147 958 4214 facta
977 4157 1041 4234 cst;
1060 4151 1123 4216 uisi
1145 4151 1200 4220 illa
1224 4156 1267 4222 sit

126 4288 144 4324 ιι
169 4257 351 4352 specialiter
365 4261 527 4322 reservata
543 4255 653 4344 Papae.
671 4281 686 4318 »
702 4253 1016 4344 (Schmalzgrueber,
1031 4256 1126 4346 ibid,
1143 4284 1174 4328 u.
1195 4265 1261 4362 35.)
