3046 4962
579 459 654 509 etas
678 461 784 508 earne.
1233 441 1249 503 7

118 579 222 666 modo,
244 587 276 648 et
296 603 316 648 a
335 601 540 671 quacumque
562 601 698 670 persona
720 579 842 672 aliquid
866 577 1111 671 pronuntietur,
1132 581 1158 650 si
1179 605 1255 650 sen-

118 688 212 756 tentia
227 688 354 755 feratur
374 687 415 754 de
433 686 546 756 aliare
566 696 785 782 praeterquam
799 686 840 756 de
856 687 994 780 eoquod
1007 689 1109 758 alicui
1122 711 1163 756 ee
1176 690 1256 780 jure

117 794 247 862 dedemr
272 793 389 884 (idest
411 793 463 861 vet
482 793 523 862 de
544 815 639 884 poena
661 793 712 862 vel
732 793 772 862 de
795 793 965 864 commodo
985 795 1080 864 alicui
1101 796 1176 886 jure
1198 797 1256 864 de-

117 901 213 992 bitis),
239 901 400 992 judicium
426 901 586 970 nouerit.
610 903 743 970 Certum
769 911 817 970 est
836 903 936 988 euim,
958 925 1000 972 ex
1020 927 1081 972 usu
1102 903 1256 996 loquendi

118 1009 312 1076 unanimiter
327 1016 466 1101 recepto,
480 1007 604 1100 judicie
620 1007 654 1076 iu
671 1010 804 1078 materia
824 1009 945 1078 forensi
960 1032 1026 1078 nou
1040 1011 1161 1096 vocari,
1179 1033 1254 1102 quae

117 1115 198 1183 cura
223 1115 321 1184 aliam
347 1116 515 1186 materiam
536 1125 721 1186 versantur.
747 1115 853 1204 Unde,
881 1117 972 1187 verbi
990 1118 1114 1207 gratie,
1137 1119 1253 1188 merito

116 1222 316 1292 derideretur
337 1224 394 1316 qui
409 1223 570 1314 judicium
594 1223 720 1292 forense
741 1233 870 1292 voearet
891 1223 1137 1294 affirmationem
1158 1226 1253 1312 hane,

119 1341 203 1398 terra
218 1330 305 1398 eirca
325 1331 426 1398 solem
443 1343 561 1423 pyret,¹
576 1330 702 1399 etiamsi
720 1331 878 1400 sententia
898 1331 1086 1422 hujusmodi
1101 1356 1119 1400 a
1134 1333 1255 1422 megis-

118 1445 202 1504 tratu
221 1459 281 1526 pro
300 1437 456 1506 tribunali
475 1437 605 1506 sedente
624 1437 838 1506 emitteretur.
858 1439 903 1506 At
916 1460 1007 1525 vero,
1027 1438 1102 1508 iicet
1116 1439 1156 1508 ed
1173 1463 1256 1508 eon-

118 1543 312 1613 stitnendam
331 1544 469 1612 forensis
484 1543 599 1634 judieii
615 1544 798 1628 essentiam,
819 1545 954 1613 omnino
970 1545 1155 1638 requiratur
1170 1555 1206 1614 nt
1222 1548 1257 1616 in

116 1650 305 1739 predictam
327 1650 471 1719 maurim
493 1651 645 1740 speeiem,
667 1660 698 1718 et
718 1673 783 1719 uon
801 1651 835 1720 in
851 1651 960 1740 aliam,
977 1653 1133 1720 sententia
1150 1654 1255 1739 eadat,

117 1779 153 1824 ea
168 1765 274 1825 umen
291 1757 359 1826 sola
372 1755 514 1826 conditio
528 1779 594 1826 non
607 1755 743 1844 suffieit;
760 1757 815 1826 sed
829 1758 1043 1850 requiruntur
1056 1757 1153 1828 simul
1168 1761 1254 1830 alia.

117 1863 211 1950 Nam,

160 1975 193 2037 3.
217 1971 270 2040 Ad
289 1972 461 2040 essentiam
478 1971 616 2040 forensis
631 1970 749 2062 judieii
770 1971 905 2063 insuper
926 1973 1104 2062 requiritur
1123 1983 1159 2044 ut
1177 2001 1257 2070 pro-

117 2078 275 2146 nuntiatio
286 2078 326 2147 de
340 2101 378 2146 eo
393 2077 482 2169 quod
495 2078 593 2146 alicui
608 2077 755 2162 debetur,
773 2077 829 2146 fiat
843 2102 864 2146 a
876 2103 1017 2170 persona
1030 2081 1257 2173 adjustitiam

113 2186 299 2274 sadmdnm
325 2186 468 2278 [epitime
493 2187 678 2266 constituta,
708 2209 783 2277 qnae
811 2195 1044 2279 consequenter
1068 2199 1257 2281 potestatem

117 2294 212 2361 amul
233 2293 348 2362 habeat
368 2317 429 2363 sna
443 2293 587 2385 judicate
600 2293 640 2360 ad
662 2294 886 2362 executionem
901 2293 1094 2365 deducendi.
1117 2297 1153 2368 Si
1169 2301 1257 2369 euim

115 2402 155 2470 ab
170 2402 234 2470 alia
249 2425 388 2494 persona
405 2405 632 2494 (quaecumque
652 2401 708 2470 illa
727 2401 779 2490 sit)
802 2404 1041 2493 pronuntietur,
1059 2427 1101 2474 ex
1117 2429 1180 2475 neu
1202 2409 1256 2476 lo-

114 2508 236 2599 quendi
259 2509 457 2578 unanimiter
483 2517 622 2599 recepto,
651 2509 897 2600 pronuntiatum
925 2510 1103 2601 ejusmodi,
1127 2515 1256 2584 etiamsi

112 2625 262 2684 versetur
283 2617 367 2684 eirea
391 2615 425 2684 id
447 2617 535 2706 quod
557 2615 654 2684 alieni
674 2637 716 2682 ex
734 2614 808 2705 jure
829 2615 976 2702 debetur,
1000 2618 1186 2687 nullatenus
1205 2622 1256 2690 to·

113 2745 207 2791 reuse
221 2722 384 2815 judicium
394 2723 568 2792 constituit.
585 2721 728 2790 Omnino
739 2744 818 2811 ergo
832 2723 866 2790 in
879 2723 1003 2814 judicio
1013 2723 1134 2796 forensi
1146 2731 1255 2800 stricte

112 2839 244 2922 sumpto
263 2831 458 2898 intervenire
473 2829 568 2898 debet
587 2850 726 2919 persona
742 2828 783 2895 ad
804 2830 963 2919 justitiam
987 2831 1185 2902 reddendam
1206 2835 1253 2902 le-

11 2943 14 2976 t
112 2934 226 3024 gitium
249 2935 434 3002 constituta.
465 2933 628 3002 Juatitiam
654 2943 763 3001 autem
788 2934 892 3002 tacere
918 2935 991 3002 talis
1018 2959 1157 3026 persona
1185 2963 1251 3009 uon

112 3041 246 3126 valeret,
264 3041 326 3108 nisi
341 3040 440 3108 simul
453 3039 624 3108 sufficienti
639 3048 794 3130 potestate
809 3039 942 3130 polleret
958 3041 999 3108 ad
1014 3043 1253 3132 procurandam

109 3147 310 3236 judiciorum
329 3169 465 3215 suorum
486 3145 727 3232 executionem3
759 3145 846 3214 uude
872 3144 959 3214 idem
981 3154 1029 3214 est
1049 3147 1191 3239 aliquem
1211 3152 1252 3220 ad

109 3254 270 3344 justitiam
290 3253 469 3322 taciendam
491 3253 654 3338 constitui,
673 3260 705 3320 et
724 3252 876 3320 constitui
896 3275 971 3320 oum
994 3263 1147 3344 potestate
1162 3256 1254 3348 judi-

111 3369 182 3428 cate
205 3383 265 3428 sua
283 3359 325 3428 ad
347 3361 570 3428 executionem
594 3357 786 3427 deducendi.
812 3359 877 3428 Sed
900 3381 1004 3452 neque
1028 3360 1194 3431 sufficiunt
1212 3366 1253 3433 ad

109 3467 269 3558 judicium
287 3469 322 3535 iu
342 3467 476 3536 materie
494 3466 614 3535 forensi
634 3465 896 3534 constituendum
918 3465 993 3535 duae
1011 3468 1158 3558 praefatae
1176 3493 1254 3561 eon·

112 3574 262 3642 ditiones.
278 3574 379 3660 Nam,

159 3685 189 3749 t.
219 3681 409 3772 Requiritur
434 3680 543 3767 etiam,
571 3688 605 3749 nt
632 3703 652 3748 a
675 3703 813 3771 persona
834 3679 876 3748 ad
899 3679 1078 3749 taciendam
1095 3682 1255 3772 justitiam

114 3790 286 3858 constituta
303 3789 422 3879 aliquis
443 3801 549 3878 petat,
567 3788 617 3857 vel
638 3787 678 3856 de
699 3787 870 3857 commodo
894 3788 956 3856 sibi
978 3809 1020 3856 ex
1038 3789 1113 3880 jure
1133 3788 1255 3881 debito,

116 3895 165 3964 vel
182 3896 224 3964 de
244 3917 340 3985 poena
359 3895 452 3962 alteri
466 3917 506 3962 ex
519 3895 593 3986 jure
615 3894 735 3985 pariter
750 3894 871 3981 dehita,
893 3895 1085 3964 seutentiam
1101 3897 1253 3987 proferri.

114 4004 147 4070 Si
168 4003 269 4088 enim,
290 4002 382 4070 nullo
398 4001 598 4092 postulante,
618 4002 825 4090 magistratus
842 4001 1032 4093 pronuntiet
1053 4001 1093 4070 de
1112 4025 1150 4072 eo
1169 4006 1257 4095 quod

115 4110 209 4180 alieni
234 4131 276 4177 ex
298 4107 372 4198 jure
395 4109 542 4194 debetur,
567 4107 726 4197 justitiam
754 4107 887 4198 quidem
914 4107 1076 4176 exercebit
1083 4134 1092 4194 ;
1121 4118 1258 4182 atvero

115 4239 180 4285 non
203 4214 355 4309 procedet
369 4215 589 4307 judicialiter,
612 4237 670 4285 neo
696 4213 772 4284 inde
795 4223 934 4306 exurget
955 4213 988 4282 id
1008 4215 1110 4308 quod,
1135 4239 1175 4288 ex
1199 4241 1261 4290 usu
