3046 4968
561 481 634 526 runs
658 481 762 526 rurus.
1176 463 1235 530 127

95 627 111 664 u
134 619 206 687 suu,
224 601 259 669 id
275 623 409 692 coquum
434 604 626 693 justumque
648 601 874 693 judicaturum
892 600 925 669 in
946 625 1042 670 censa
1064 603 1181 692 elicito,
1199 629 1238 674 ne

94 735 110 772 u
134 709 198 776 sibi
217 708 430 794 contradicet,
448 717 479 776 ct
497 709 560 777 olio
581 711 656 802 jure
672 708 821 777 videntur
835 709 882 778 uti
901 710 935 776 in
961 709 1120 800 alienum,
1138 734 1239 803 qoem

96 839 112 875 c
135 835 201 903 quo
219 813 295 902 jure
312 814 415 882 utitur
431 813 465 879 in
481 811 638 904 seipsum.
664 839 681 877 2>

136 919 258 1009 Vigerc
273 929 384 988 autem
400 919 582 987 etiamnum
598 919 720 1009 ubique
739 919 826 988 dictu
848 921 961 1012 regulo
981 921 1149 1012 probetur,
1167 934 1239 992 tum

90 1047 130 1092 ex
145 1048 185 1093 co
203 1024 292 1116 quod
307 1026 465 1116 pertineat
485 1024 529 1094 ed
548 1025 602 1115 jus
623 1025 783 1111 naturale,
801 1025 1088 1096 immutationibus
1102 1029 1240 1097 minime

89 1132 254 1210 obnoxi0;
271 1141 344 1200 tum
369 1133 446 1224 quia
470 1132 600 1223 probari
616 1132 728 1223 nequit
745 1131 836 1200 ullibi
860 1155 932 1202 enm
950 1135 1096 1223 legitime
1110 1137 1145 1204 in
1159 1158 1239 1204 con-

90 1240 231 1308 trarium
247 1240 493 1332 prescriptione
508 1239 714 1308 obsolevisse.
733 1241 822 1329 Ergo
835 1241 933 1310 etium
956 1241 1052 1310 hodie
1066 1265 1085 1310 a
1101 1267 1238 1332 coguos-

88 1347 191 1415 cendu
209 1357 244 1415 et
258 1347 466 1437 dijudicanda
480 1369 578 1416 consa
591 1347 811 1414 removendus
826 1357 874 1414 est
892 1349 1007 1439 judex,
1021 1350 1079 1440 qui
1095 1351 1236 1420 similem

5 1457 6 1460 ’
89 1455 159 1545 ipse
186 1476 321 1524 coumm
349 1453 464 1540 hnbet3
491 1464 523 1522 et
550 1454 576 1522 si
600 1455 801 1522 contrarium
819 1456 887 1540 tint,
906 1477 965 1546 pro
981 1456 1071 1524 nullo
1092 1468 1125 1525 et
1145 1458 1237 1528 irrito

88 1571 196 1631 totum
207 1561 377 1653 judicium
393 1561 583 1630 habendum
600 1569 659 1629 est.

5 1755 6 1758 Ἴ
131 1670 266 1740 anuns
281 1674 328 1737 Ρ.
339 1707 384 1722 -
395 1670 515 1738 Nullus
530 1670 726 1758 reputariter
739 1670 773 1736 in
783 1670 925 1761 propriu
941 1691 1041 1739 causo
1049 1671 1160 1762 juder
1175 1697 1237 1742 esus

80 1791 204 1870 potent.
218 1776 367 1845 —Adeo
382 1799 422 1844 ox
433 1775 508 1865 jure
524 1775 664 1844 noturuli
678 1775 811 1844 evidens
825 1785 872 1844 est
889 1775 943 1844 illu
959 1779 1083 1867 regulo,
1095 1789 1132 1848 ut
1145 1781 1236 1850 illum

85 1885 228 1974 proluere
255 1904 535 1974 supervacaneum
566 1883 625 1967 sit;
660 1904 719 1949 nec
749 1882 890 1951 dubitari
930 1885 1090 1954 ullatenus
1119 1896 1234 1979 potest,

5 1977 7 2004 l
83 1993 170 2082 quin
186 2000 217 2060 et
233 2011 363 2082 semper
377 1990 531 2079 viguerit,
550 1998 581 2055 et
600 1987 697 2057 hodie
716 1991 815 2058 stiam
832 1989 949 2080 vigent.
969 1993 1062 2060 Unde
1074 1993 1109 2061 in
1125 2016 1237 2086 qums-

86 2100 212 2166 tionem
238 2099 347 2166 vocari
362 2106 491 2166 tuntum
509 2105 645 2187 possunt
668 2097 873 2187 exceptiones
891 2099 1045 2189 quisdam
1068 2101 1167 2172 modo
1183 2126 1236 2172 re-

5 2209 7 2216 ’
86 2207 245 2291 ferendae,
263 2227 406 2297 quornm
421 2205 544 2272 intuitu
560 2204 731 2294 posuimus
747 2206 780 2271 in
796 2203 879 2272 thesi
895 2229 1008 2274 vocem
1026 2211 1233 2298 repulan'ter.

5 2387 6 2412 p
138 2341 156 2378 u
171 2314 276 2382 Multo
296 2315 407 2381 minus
422 2313 479 2404 (uit
502 2311 807 2401 Schmnlzgrueber,
826 2313 860 2380 in
878 2314 1009 2382 titulum
1025 2317 1065 2384 de
1084 2319 1231 2404 Iudiciis,

5 2419 7 2490 l
89 2449 107 2485 e
135 2445 168 2488 n.
190 2421 242 2509 17)
258 2419 454 2509 regulariter
470 2425 573 2510 potest
586 2419 705 2509 uliquis
720 2441 789 2486 esse
810 2418 912 2510 judex
929 2421 963 2488 in
979 2443 1075 2491 cuitso
1089 2429 1232 2516 proprio,

5 2615 6 2622 p
90 2557 109 2593 α
134 2551 194 2596 sen
219 2528 288 2614 toli,
307 2527 401 2617 cujus
427 2526 689 2594 emolumentum
713 2526 764 2593 vel
790 2525 949 2594 damnum
977 2529 1017 2596 nd
1044 2531 1153 2622 ipsum
1176 2557 1235 2603 suo

5 2637 6 2690 ἶ
88 2665 108 2702 ι
131 2637 270 2705 nomine
285 2636 441 2726 pertinet3
459 2655 536 2701 num
556 2633 591 2700 in
612 2633 673 2701 hoc
688 2655 764 2702 cusu
786 2633 891 2702 multo
906 2636 1011 2726 major
1023 2647 1072 2705 ost
1093 2641 1234 2730 suspicio

87 2773 105 2811 c
130 2745 315 2814 effectionis
327 2765 405 2833 ergo
419 2761 563 2827 censum,
580 2749 611 2808 et
626 2738 701 2808 inde
715 2761 914 2828 consurgens
930 2743 1112 2833 periculum
1129 2746 1233 2816 insin-

5 2917 6 2946 ζ
87 2882 106 2920 ι
130 2851 204 2922 ceri
215 2850 340 2942 judicii.
367 2877 383 2914 »

5 2997 6 3028 3
130 2962 265 3032 Renum
294 2962 339 3024 5².
356 2995 401 3008 -
414 2960 548 3024 Dantur
572 2954 619 3022 ad
638 2953 834 3045 predictam
859 2958 1009 3046 rapulam
1033 2963 1233 3050 receptiones

85 3067 257 3160 quedam.
275 3061 450 3154 —Excipi
470 3061 550 3130 solet
573 3061 676 3153 judex
699 3083 887 3152 supremus,
903 3064 960 3153 qni
981 3074 1084 3156 potest
1102 3068 1135 3134 in
1152 3091 1233 3161 pro-

85 3176 163 3266 pria
182 3168 464 3258 coeminentia
486 3168 592 3235 causis
612 3188 693 3257 quus
718 3165 814 3234 hebet
835 3189 912 3235 cum
928 3169 1065 3238 subditis
1086 3174 1167 3260 suis,
1179 3177 1234 3268 jus

85 3283 212 3348 dicere.
230 3279 311 3345 Item
327 3275 360 3343 id
377 3284 511 3366 possunt
535 3273 662 3365 judices
682 3271 852 3341 inferiores
872 3275 906 3342 iu
927 3276 1021 3344 certis
1034 3279 1230 3369 quibusdum

82 3385 210 3455 censis.
227 3382 373 3452 Tandem
389 3380 431 3448 ud
448 3379 593 3469 jndicem
613 3379 750 3467 pertinet
768 3378 914 3469 judicare
937 3381 978 3449 de
1002 3406 1062 3452 sun
1074 3386 1233 3476 jurisdic-

83 3497 195 3578 tione,
210 3490 341 3583 quundo
356 3489 412 3558 illu
427 3487 616 3556 indubium
633 3494 777 3556 vocatur.
796 3488 844 3555 De
858 3488 975 3580 triplici
991 3491 1046 3560 illo
1068 3498 1232 3587 exceptio·

84 3623 178 3670 num
192 3599 293 3690 cupite
306 3597 450 3665 breviter
465 3594 640 3663 dicendum
655 3593 736 3684 quid
753 3594 855 3662 teneri
869 3595 994 3666 debeat.

5 3761 7 3774 .
131 3706 253 3776 Primo
279 3704 434 3795 exceptio.
453 3739 497 3754 -
510 3701 590 3769 Eam
616 3701 661 3768 sic
686 3701 838 3792 proponit
859 3711 890 3768 et
912 3703 1044 3775 discutit
1065 3710 1233 3786 Schmelz-

83 3815 232 3905 grueber
250 3813 295 3904 (in
311 3811 443 3879 titulum
461 3813 475 3876 l
494 3807 534 3876 ule
548 3808 696 3889 tudiciis,
715 3807 791 3876 libri
806 3811 824 3874 2
841 3808 1075 3902 Decretnlinm‚
1093 3841 1126 3886 n.
1149 3827 1199 3913 tu)
1220 3855 1227 3895 ς

5 3977 6 4000 ἢ
89 3953 107 3989 u
134 3922 311 3992 Dubitutur
336 3923 368 3986 1ο
392 3941 435 3988 on
463 3917 626 4009 princeps,
653 3939 710 3984 scu
737 3916 840 4007 judex
871 3939 1058 4010 supremus,
1082 3933 1233 4019 superio-

5 4055 7 4084 ι
88 4061 107 4098 ι
132 4051 208 4098 rem
234 4051 297 4096 non
321 4047 564 4116 recognoscens,
581 4025 628 4092 uti
651 4033 699 4092 est
723 4024 823 4115 Papa,
840 4025 1018 4116 imperetur
1036 4032 1088 4100 vel
1108 4058 1180 4126 rex,
1196 4043 1232 4111 in

89 4167 108 4203 u
132 4157 234 4204 consu
248 4134 393 4227 propriu,
409 4133 476 4202 sive
492 4155 565 4224 quae
581 4131 719 4200 vertitur
734 4132 818 4200 inter
833 4133 943 4223 ipsum
959 4143 989 4201 et
1005 4136 1163 4230 subditos,
1176 4145 1232 4236 ju.

5 4261 7 4298 t
91 4273 109 4312 u
133 4247 200 4312 dex
228 4264 296 4310 esse
312 4242 431 4333 possit?
447 4239 603 4330 Negotivu
618 4237 748 4306 videtur
761 4239 868 4329 colligi
882 4262 923 4308 ex
939 4242 1041 4333 capite
1057 4247 1161 4318 Ferus
1178 4259 1230 4347 10,
