3046 4968
583 481 657 530 etas
680 483 785 528 rarus.
1189 463 1248 526 137

108 613 199 672 naret
215 603 396 694 periculum
413 603 533 695 injuste
554 602 740 696 judicandi;
757 625 894 674 munera
915 604 1073 678 autemid
1095 603 1254 674 inducunt

107 714 255 802 periculi.
266 713 346 781 Jnre
357 713 470 781 divino
482 714 516 780 in
528 735 619 782 sacra
633 713 801 804 Scriptura
814 735 967 805 expresso
981 742 989 793 ;
1002 735 1076 782 nam
1092 705 1255 782 multoties

108 841 180 887 eam
203 819 457 910 prohibitionem
481 820 601 894 iterant
621 843 721 888 sacra
749 821 879 912 pagina
899 845 990 890 :non
1016 821 1157 912 occipias
1178 844 1254 890 mn·

108 949 198 1008 nera,
217 951 291 1018 qne
307 929 408 996 etiam
423 939 585 997 excecant
594 927 773 1018 prudentes
786 943 816 997 et
832 930 1020 998 subvertunt
1034 929 1130 997 verba
1140 929 1254 1018 justo-

109 1056 184 1101 rnm
208 1033 324 1124 (Exod.
352 1035 420 1125 23).
453 1038 527 1106 Non
559 1035 700 1126 occipias
723 1059 898 1127 personam
922 1060 979 1106 neo
1003 1059 1151 1118 manno,
1175 1037 1253 1128 quio

111 1163 247 1208 mansero
263 1155 427 1210 anteeant
442 1143 550 1212 oculos
558 1143 715 1234 judicum
727 1145 870 1234 (Denter.
889 1145 956 1235 ts).
971 1145 1012 1214 Et
1028 1144 1145 1212 similia
1161 1165 1253 1235 repe-

110 1247 173 1315 ries
188 1248 310 1316 Eccles.
330 1253 384 1336 20,
402 1250 477 1317 lsai.
501 1255 531 1335 l,
549 1249 676 1319 Michae.
697 1254 729 1336 3,
746 1260 777 1320 et
792 1251 880 1320 alibi.
898 1253 976 1320 lure
997 1250 1127 1319 tandem
1149 1251 1253 1318 eccle-

108 1353 250 1440 siastico,
267 1364 303 1423 nt
320 1356 429 1425 videre
450 1365 499 1425 cst
517 1357 550 1424 in
573 1358 824 1450 quamplurimis
850 1357 1000 1426 Ecclesiae
1017 1357 1165 1442 decretis,
1179 1379 1253 1449 quae

106 1483 127 1526 a
141 1460 293 1530 Ferraria
309 1463 447 1533 citantur
465 1465 511 1554 (v⁰
526 1463 646 1545 Index,
660 1486 694 1532 n.
719 1467 786 1554 st).

155 1573 186 1636 2.
210 1569 349 1640 studea
372 1581 485 1640 contra
505 1572 712 1663 supradictas,
728 1571 963 1663 prohibitiones
985 1572 1145 1664 accipiens
1162 1580 1255 1641 nota-

111 1703 127 1738 α
151 1676 234 1744 bilia
250 1699 397 1763 munera,
416 1688 524 1768 peccat
544 1679 699 1769 graviter.
718 1705 734 1743 a
756 1678 924 1769 (Ferraria,
942 1695 977 1747 v⁰
992 1679 1109 1760 tuden,
1128 1702 1162 1746 n.
1185 1679 1252 1768 35.)
1350 1715 1352 1720 ·

106 1783 266 1874 Sequitur
290 1807 329 1852 ex
358 1785 504 1876 eoquod
530 1793 743 1876 praeceptum,
768 1808 834 1878 qno
861 1785 1053 1877 prohibetur
1080 1807 1253 1854 munerum

104 1891 296 1981 acceptatio,
313 1899 438 1960 certum
455 1893 509 1975 sit,
527 1903 560 1960 et
573 1893 708 1962 materia
721 1900 925 1984 supponatur
940 1892 1061 1981 gravis.

155 2001 187 2063 3.
206 1997 270 2078 Qui
294 1999 409 2090 accipit
432 2021 580 2085 munera,
597 2007 725 2068 tenetur
745 2021 784 2067 ea
807 1997 986 2067 restituere.
1014 1998 1096 2067 Nam
1122 1997 1256 2090 litigans

107 2127 232 2174 munus
243 2105 346 2195 judici
362 2105 550 2175 detineam
566 2107 678 2193 finem,
693 2114 729 2174 nt
745 2108 779 2174 in
795 2106 941 2175 favorem
956 2107 1008 2174 sui
1021 2102 1155 2197 judicet.
1167 2105 1254 2174 Talis

104 2219 493 2301 autemmonstruosi,
511 2236 553 2283 ex
566 2213 641 2306 jure
654 2214 751 2284 etiam
769 2213 923 2300 naturali,
942 2212 1055 2282 irritus
1071 2221 1102 2280 et
1122 2213 1251 2297 nullus;

103 2321 197 2390 unde
218 2321 319 2412 judex
343 2322 391 2389 rei
412 2321 473 2388 sibi
500 2320 561 2390 hoc
581 2320 677 2391 modo
700 2320 783 2388 data
800 2319 985 2389 dominium
1007 2342 1073 2388 non
1095 2319 1252 2411 acquirit;

103 2451 273 2519 argonam
290 2429 422 2498 domino
445 2429 614 2497 restituere
635 2437 775 2498 tenetur.
800 2427 894 2510 Quod
921 2428 1055 2520 insuper
1067 2427 1142 2517 jure
1164 2449 1254 2495 sacro

102 2537 300 2629 praecipitur
316 2539 397 2629 (cap.
427 2540 601 2605 Stotnntm
620 2541 673 2622 ll,
690 2535 730 2604 de
745 2536 917 2628 Rescn'ptis
935 2535 969 2602 in
993 2535 1023 2622 6)
1042 2535 1093 2603 his
1117 2536 1225 2604 verbis
1244 2564 1251 2603 :

102 2645 150 2712 Si
173 2643 252 2734 qnid
276 2657 389 2712 antem
414 2657 529 2712 contro
556 2643 815 2712 constitutionem
840 2654 1035 2733 praesentem
1057 2643 1187 2733 recepit,
1210 2643 1256 2710 ad

102 2750 212 2842 ipsius
227 2751 463 2820 restitutionem
483 2751 644 2841 inteqrom
661 2763 821 2820 teneatur.

158 2862 189 2927 l.
207 2861 236 2927 A
249 2860 451 2928 restitutione
465 2868 573 2927 autem
588 2858 707 2951 recepti
725 2859 870 2927 muneris
884 2881 949 2926 non
964 2866 1138 2926 excusatur
1149 2858 1252 2950 judex

102 2989 150 3036 ex
170 2989 206 3034 ea
220 2966 354 3053 ratione,
368 2965 456 3057 quod
472 2964 554 3034 dans
569 2989 645 3034 enm
660 2965 883 3034 arestitnendi
898 2965 1097 3056 obligatione
1110 2965 1227 3035 liberet
1242 2993 1248 3032 :

102 3094 188 3142 nam
205 3073 239 3140 in
253 3075 348 3142 citato
364 3073 468 3166 capite
484 3076 660 3142 Stotntnnt
675 3073 721 3140 sio
737 3073 868 3141 additur
887 3100 894 3140 :
911 3073 1014 3144 Nullo
1035 3095 1160 3156 eornm,
1177 3075 1252 3166 qni-

104 3183 170 3249 bus
190 3181 351 3249 restitutio
372 3180 524 3272 facienda
545 3181 658 3272 flectit,
677 3180 865 3248 remissione
889 3181 1053 3248 ullatenus
1074 3183 1253 3273 profittnro

6 3315 7 3320 ¹
103 3287 227 3356 eidem,
244 3287 337 3356 Unde
357 3287 459 3378 judex
481 3287 715 3356 ecclesiasticus
738 3287 919 3355 censendus
934 3295 981 3354 est
996 3310 1036 3355 ex
1058 3287 1129 3378 lege
1152 3289 1254 3358 eccle-

6 3405 8 3446 ἓ
102 3395 236 3464 siastica
250 3393 405 3462 inhabilis
418 3393 458 3462 ad
474 3393 709 3484 acquirendum
732 3394 828 3461 etiam
848 3402 961 3484 sponte
976 3393 1160 3462 oblatorum
1175 3419 1253 3466 mn-

6 3497 8 3580 }
103 3523 227 3570 nerum
249 3501 441 3570 dominium.

6 3601 7 3606 ’
158 3613 188 3676 5.
204 3607 406 3700 Excipieuda
421 3616 529 3676 tamen
549 3607 672 3676 leviora
699 3608 907 3695 munuscula,
922 3630 962 3676 ex
989 3607 1107 3700 quibus
1122 3631 1187 3676 non
1202 3632 1253 3678 sa-

7 3763 8 3768 1
104 3723 230 3808 quatur
254 3713 477 3807 pervertenda
501 3715 639 3807 justitiae
665 3714 846 3806 periculum
863 3741 871 3781 z
889 3737 962 3806 quae
984 3715 1082 3784 etiam
1106 3718 1253 3806 exceptio

6 3849 7 3896 t
103 3824 144 3890 in
162 3822 256 3890 citato
271 3823 374 3914 capite
389 3825 565 3892 Stotntnm
587 3821 809 3913 exprimitur:
829 3821 903 3892 Nisi
921 3825 1035 3912 forsan
1058 3822 1253 3890 esculentum

6 3951 7 3954 ’
106 3929 164 3998 oet
171 3929 383 4020 poculentum
396 3951 487 3998 mma
499 3929 697 3998 liberalitate
711 3929 871 4010 oblatum,
884 3928 1095 4020 qnodpancis
1106 3931 1255 3998 consumi

102 4037 212 4128 possit
232 4035 354 4105 diebtts.
378 4036 448 4124 Ego
470 4045 578 4104 autern
595 4045 686 4126 puto,
704 4059 769 4104 non
794 4045 919 4104 tantum
937 4035 1028 4103 valde
1048 4036 1250 4122 indecorum,

105 4142 169 4212 sed
182 4152 214 4210 et
226 4143 534 4234 periculosissimum
548 4166 616 4212 esse
631 4143 715 4212 levia
726 4143 889 4233 ejusmodi
906 4143 1098 4211 munuscula
1112 4166 1132 4210 a
1144 4144 1252 4235 judice

108 4248 324 4318 ecclesiastico
348 4249 448 4341 recipi
460 4276 469 4336 ;
487 4249 565 4343 quia
590 4249 683 4318 facilc
711 4257 840 4318 nonest
863 4249 1033 4346 inhaere
1060 4250 1250 4341 parvitatem
