3030 4980
539 464 614 512 rans
637 463 783 512 escoron.
1165 443 1224 512 381

77 584 177 654 verbi
202 585 318 676 gratio,
344 586 586 657 contentiosam.
613 587 675 656 Per
699 587 783 654 hauc
804 592 910 656 temen
935 584 1084 678 Episcopi
1103 585 1227 677 jussio-

76 715 171 780 nem,
194 696 419 788 uuusquisque
445 695 597 766 Vicarius
619 695 779 784 generalis
802 716 867 762 non
888 695 1006 762 amittit
1027 697 1225 786 generalita-

79 805 147 868 tem
160 800 413 891 jurisdictionis3
430 803 575 896 alioquin
589 803 679 871 cuim
694 801 855 870 desineret
871 825 940 870 esse
955 802 1106 872 Vicarius
1121 825 1225 892 genc-

80 907 162 974 rulis
186 917 219 975 et
246 912 338 979 tieret
367 933 476 980 merus
499 909 678 1000 delegatus.
709 909 803 980 Unde
832 909 872 994 si,
901 910 1138 979 nonobstante
1166 911 1226 979 hac

79 1014 234 1108 Episcopi
243 1017 401 1107 jussione,
414 1017 611 1110 prohibitam
622 1015 685 1084 sibi
695 1014 933 1107 jurisdictionis
945 1017 1085 1109 speciem
1095 1040 1226 1087 exerce-

79 1129 143 1208 ret,
164 1121 292 1191 validus
307 1133 390 1193 esset
402 1133 508 1210 actus3
524 1123 674 1216 wmvis
687 1122 802 1190 merito
814 1129 946 1213 propter
960 1121 1021 1191 hoc
1033 1130 1139 1213 posset
1150 1145 1225 1192 enm

80 1227 265 1320 Episcopus
280 1233 398 1321 punire
411 1239 442 1300 ct
456 1238 680 1300 exauctorare.

606 1511 710 1602 om.

228 1682 263 1733 lle
278 1682 420 1734 vicariatus
433 1681 561 1748 generalia
577 1683 605 1733 et
618 1679 787 1732 officialitatis
797 1681 928 1733 essentiali
941 1681 1084 1735 identitate.

125 1883 211 1952 Cum
238 1884 274 1952 in
300 1883 468 1952 nonnullis
491 1882 679 1974 regionibus
703 1882 809 1973 rigeat
832 1882 1031 1953 consuetudo
1057 1883 1227 1956 Vicarium

83 1991 272 2079 generalem
287 1991 329 2059 ub
344 1989 483 2060 Officiali
505 1987 739 2080 distinguendi,
757 1989 849 2058 facile
866 2000 1006 2059 mentem
1024 1991 1133 2061 subire
1151 2016 1228 2086 pos-

84 2109 135 2166 set
153 2121 289 2168 erronea
309 2099 431 2190 opinio,
454 2097 618 2167 diversam
639 2120 708 2165 esse
727 2096 897 2189 utriusque
918 2099 1063 2168 muneris
1074 2100 1227 2192 jurisdic-

84 2207 209 2276 tionem
239 2231 296 2277 seu
327 2214 527 2298 potestatem.
556 2205 620 2288 Qui
644 2227 736 2274 error
762 2205 827 2274 nisi
849 2216 1101 2298 precaveretur,
1125 2211 1229 2280 multa

85 2313 123 2380 in
138 2315 233 2406 proxi
250 2315 341 2406 sequi
361 2324 493 2406 possent
515 2313 637 2382 absona
656 2323 687 2381 et
701 2313 935 2382 anticanouica.
954 2315 1133 2405 Diligenter
1149 2341 1227 2408 ergo

85 2421 327 2512 exquirendum
343 2423 439 2491 estin
455 2443 520 2513 quo
538 2420 672 2513 praecise
686 2429 747 2488 stet
761 2419 849 2511 apud
865 2419 966 2488 dictas
982 2423 1130 2510 regiones
1144 2424 1227 2494 offi-

85 2529 179 2596 cialis
204 2539 236 2597 et
261 2529 385 2599 Vicarii
412 2528 572 2619 generalis
598 2528 790 2614 discrimen,
815 2536 913 2595 etan
941 2529 1164 2619 reponendum
1187 2535 1228 2602 sit

85 2635 122 2702 in
144 2635 256 2728 aliqua
280 2636 516 2729 jurisdictionis
541 2633 723 2704 differentia
745 2657 787 2702 en
808 2657 886 2703 vcro
908 2633 1020 2702 eadem
1043 2649 1227 2710 remanente

85 2765 186 2834 penes
209 2752 385 2836 utcumque
409 2751 577 2835 potestate,
604 2741 754 2811 differant
780 2739 951 2810 dumtaxat
973 2765 1014 2811 ex
1040 2744 1123 2814 facto
1145 2770 1228 2838 quo·

85 2849 164 2917 dam
185 2852 379 2940 extrinseco,
404 2851 500 2920 dictes
519 2851 682 2942 potestatis
706 2849 906 2918 identitatem
924 2849 1108 2921 nullatenus
1131 2855 1227 2925 aufe-

86 2969 191 3027 rento.

131 3068 316 3138 Paorcsrrro
331 3069 372 3136 1⁸.
388 3107 433 3120 -
447 3069 495 3136 ne
504 3069 587 3158 jure
601 3067 772 3136 communi
793 3066 910 3134 Vicarii
923 3069 1081 3156 pecoralis
1096 3082 1126 3138 ct
1143 3075 1227 3165 Offi-

86 3175 326 3244 cialismmina
341 3197 524 3268 syccowma
545 3189 633 3258 sunt,
655 3188 686 3244 ct
699 3174 786 3243 idem
806 3174 938 3241 omnino
953 3177 1098 3266 officium
1118 3183 1228 3272 copri-

87 3297 198 3352 munt.
209 3283 423 3352 -Probetur
442 3287 473 3350 1ο
487 3305 529 3352 ex
540 3283 679 3351 testibus
688 3282 786 3374 juris.
801 3282 839 3348 ln
853 3280 1006 3350 decretali
1021 3285 1108 3352 Cum
1119 3288 1229 3356 nullus

90 3395 136 3480 (3,
155 3391 239 3458 tituli
257 3395 289 3477 9,
303 3391 377 3459 libri
395 3395 407 3458 l
416 3443 425 3479 ,
443 3392 478 3457 in
492 3392 609 3480 sexto),
626 3389 670 3456 sic
685 3389 836 3458 statuitur
852 3389 937 3456 circa
950 3398 1139 3480 potestatem
1150 3418 1228 3464 con-

86 3496 241 3566 cedendas
260 3499 387 3566 clericis
404 3497 564 3566 facultatis
582 3505 618 3565 ut
632 3497 673 3563 ab
689 3496 795 3564 alieno
817 3495 975 3588 Episcopo
993 3499 1138 3568 ordinari
1153 3525 1229 3592 pos-

87 3606 154 3674 sint
173 3633 180 3672 :
198 3607 368 3698 Insmiorcs
382 3627 508 3697 quoque
523 3604 661 3674 cretati
676 3656 727 3684 ...,
744 3604 797 3671 ccl
811 3604 969 3694 officialis
981 3607 1147 3700 Episcopi,
1163 3611 1229 3678 ltu-

81 3713 236 3804 jusmodi
243 3724 409 3804 ncqcccunt
417 3711 584 3780 licentiam
594 3711 768 3802 impertiri.
778 3711 940 3802 Episcopo
949 3724 1061 3780 autem
1074 3713 1110 3782 io
1121 3738 1227 3786 remc-

88 3821 129 3888 tis
146 3833 276 3910 operate,
295 3819 395 3912 ipsius
414 3819 450 3886 in
468 3818 695 3909 spiritualibus
715 3817 861 3885 Victorius
882 3819 1055 3907 pecoralis,
1073 3821 1126 3890 cel
1145 3826 1230 3894 Sede

87 3940 227 3995 vacante
241 3927 423 4018 capitulum
442 3977 493 4008 ...,
510 3925 590 3994 darc
598 3937 737 4016 possunt
753 3925 917 3992 licentiam
932 3925 1120 3997 ordinandi.
1140 3931 1230 4002 Petet

89 4057 130 4103 ex
145 4037 217 4126 ipso
234 4043 325 4104 textu
338 4043 370 4102 et
384 4057 425 4102 ex
442 4033 591 4102 unanimi
607 4033 819 4124 interpretum
836 4033 1058 4120 consensione,
1078 4038 1229 4106 eumdem

89 4145 146 4235 qui
157 4155 293 4212 vocatur
304 4143 449 4233 primum
465 4139 623 4232 officialis
633 4140 799 4232 Episcopi,
815 4139 927 4209 vocari
939 4148 1048 4231 postea
1064 4143 1227 4214 Vican'um

92 4251 284 4346 penerclem.
303 4250 381 4317 Item
395 4248 499 4340 cupite
516 4249 601 4315 Cum
617 4247 651 4315 in
665 4247 810 4337 peierati
822 4249 865 4339 (3,
881 4247 966 4315 tituli
983 4250 1037 4335 13,
1052 4249 1128 4318 libri
1144 4255 1176 4340 t,
1193 4253 1228 4330 in
