3046 4962
560 433 633 478 rans
657 431 762 476 cirrus.
1189 413 1227 476 55

98 575 152 644 por
168 575 278 644 poenas
298 553 479 644 corporales
497 559 528 620 et
555 551 745 644 temporales
769 551 952 638 coercendi;
970 560 1001 620 et
1026 551 1156 644 quidem
1175 577 1231 645 per

98 683 206 750 poenas
220 659 408 751 stupendos,
427 668 462 728 ut
476 683 529 728 eas
544 665 636 728 vocat
651 659 811 744 Morinos,
828 683 847 726 a
862 667 978 751 quarto
992 661 1111 728 saeculo
1126 683 1230 754 usque

98 767 135 832 ad
159 777 321 836 octavum.
345 767 408 835 Sed
434 773 465 834 et
488 775 563 834 ante
585 787 709 834 annum
734 769 798 834 300
820 767 985 857 usquead
1011 768 1231 858 apostolorum

100 897 216 960 aevum,
234 873 342 963 viguit
358 873 545 964 paenitentia
561 872 706 964 publica;
725 881 822 964 atque
838 872 867 941 ei
882 894 1027 941 annexas
1042 873 1138 942 etiam
1155 883 1233 944 tuoe

99 979 193 1047 luisse
217 981 379 1072 ejusmodi
406 1002 518 1072 peenas
547 979 661 1048 merito
686 979 895 1070 supponitur.
922 981 966 1048 At
991 1003 1081 1066 vero,
1106 981 1233 1048 etiamsi

99 1109 200 1176 poenae
214 1087 280 1156 illae
295 1086 463 1178 stupendae
477 1107 564 1154 anno
578 1086 748 1154 dumtaxat
764 1088 827 1153 300
841 1084 951 1154 induci
966 1087 1148 1178 caepissent,
1163 1109 1233 1156 cer·

100 1202 164 1262 tum
184 1196 319 1262 omnino
344 1203 499 1282 remanet,
516 1215 684 1284 nunquam
706 1191 805 1262 luisse
826 1192 1046 1284 paenitentiam
1070 1194 1233 1284 publicam

99 1301 216 1392 absque
229 1302 333 1394 poenis
347 1301 580 1392 temporalibus
593 1309 625 1368 et
635 1300 870 1392 corporalibus,
881 1300 971 1368 verbi
986 1301 1101 1390 gratia,
1112 1303 1234 1394 absque

97 1405 239 1496 jejuniis,
257 1403 522 1495 sequestratione,
539 1403 809 1493 prostrationibus
824 1413 855 1470 et
869 1403 1057 1493 hujusmodi
1074 1430 1082 1470 :
1103 1427 1144 1472 ex
1158 1406 1234 1495 qui-

99 1512 157 1578 bus
179 1512 275 1580 etiam
293 1511 491 1602 paenitentiae
508 1533 626 1578 nornen
643 1519 761 1576 ortum.
779 1509 873 1578 Unde
889 1510 935 1577 sic
950 1517 1017 1578 tota
1037 1509 1235 1580 ratiocinatio

100 1617 244 1686 contrabi
260 1625 385 1707 potest:
402 1618 469 1708 jam
485 1617 526 1684 ab
542 1617 724 1706 apostolicis
741 1616 940 1707 temporibus
952 1617 1092 1684 Ecclesia
1104 1617 1237 1706 cogebat

100 1725 137 1792 ad
150 1723 372 1815 poenitentiam
385 1723 567 1814 publicam;
580 1721 636 1792 sed
648 1745 763 1812 cogere
777 1723 817 1790 ad
832 1723 1054 1813 paenitentiam
1072 1724 1233 1815 publicam

100 1830 183 1898 idem
207 1839 276 1900 erat
290 1853 325 1898 ac
341 1853 455 1921 cogere
474 1829 515 1898 ad
537 1829 733 1920 temporales
757 1838 788 1897 et
811 1830 992 1921 corporales
1012 1853 1139 1922 peenas,
1158 1855 1236 1921 ergo

100 1939 241 2006 Ecclesia
252 1939 318 2029 jam
334 1939 435 2007 asnis
448 1935 595 2005 exordiis
610 1937 833 2006 coercitionem
849 1960 907 2029 per
917 1938 1100 2030 corporales
1110 1949 1142 2008 et
1153 1949 1235 2007 tem·

102 2045 225 2135 porales
241 2067 353 2135 poenas
367 2044 526 2112 exercuit.

143 2151 303 2220 Probatur
318 2155 361 2217 2⁰.
377 2154 432 2218 Ea
443 2149 669 2240 antiquissimo
682 2171 849 2216 carcerum
864 2149 1149 2218 ecclesiasticorum
1162 2173 1233 2220 uste.

12 2331 14 2356 ἓ
101 2295 143 2307 -
163 2259 194 2324 Α
218 2257 432 2326 remotissima
457 2277 571 2346 nempe
598 2255 788 2346 antiquitate
816 2277 913 2346 panes
938 2255 1113 2326 Ecclesiam
1139 2257 1237 2326 fuisse

12 2357 13 2392 r
102 2387 256 2452 carceres,
272 2365 329 2456 qui
348 2365 507 2434 decanica
522 2363 733 2448 vocabantur,
750 2363 930 2453 probarunt
945 2363 1077 2451 eruditi,
1097 2374 1128 2433 et
1147 2367 1237 2456 ipse-

12 2487 14 2572 ,
100 2481 164 2539 met
180 2471 300 2540 fatetur
311 2469 542 2555 Gotbcfredus,
557 2477 669 2537 auctor
682 2479 766 2536 certe
782 2469 891 2536 bacin
906 2491 940 2536 re
956 2471 1088 2538 minime
1101 2493 1237 2561 suspec-

13 2577 14 2600 ³
101 2587 177 2645 tus:
200 2577 410 2663 «Decanicae,
426 2577 543 2668 inquit,
561 2574 774 2666 praebuerunt
796 2575 959 2666 quondam
982 2600 1077 2644 usum
1101 2579 1237 2646 carceris

13 2755 14 2772 ξ
103 2713 119 2749 e
143 2695 175 2755 et
195 2685 350 2755 custodiae
370 2683 604 2756 ecclesiasticae.
622 2681 838 2768 lastinianus,
856 2682 983 2751 novella
998 2688 1053 2771 70,
1069 2685 1171 2776 capite
1189 2689 1206 2751 3
1227 2713 1234 2752 ε

101 2820 115 2846 «
146 2799 363 2874 καθιιῃὲσθωσαν
386 2795 410 2848 ia
433 2803 484 2856 τοῖς
507 2793 666 2868 καλουμένοις
690 2797 841 2858 banereem,
870 2796 958 2854 ποινὰ,-
991 2797 1035 2855 τὰς
1060 2799 1236 2870 προσηκούσας

102 2927 116 2958 a
144 2906 289 2978 tpeemffi
307 2889 393 2981 quod
410 2890 455 2956 ita
471 2887 556 2978 apud
573 2887 740 2956 lulianum
759 2885 1005 2976 (Capitularinrn
1022 2887 1079 2954 lib.
1098 2894 1129 2975 0,
1143 2890 1238 2958 titulo

103 3029 119 3064 ι
145 2999 221 3090 220)
232 2999 366 3067 affertur
378 3025 385 3064 :
398 3001 437 3066 ln
449 2995 616 3064 Decanicis
628 2993 833 3062 ecclesiarum
845 2993 1043 3076 recludatur,
1056 3010 1239 3088 competen-

14 3159 15 3174 .
102 3135 120 3172 a
145 3121 194 3174 ter
204 3128 321 3198 poenes
335 3105 485 3173 luiturus.
505 3103 542 3170 ln
558 3101 747 3172 Graecornm
770 3099 944 3192 paratitlis,
960 3101 1004 3168 ita
1022 3129 1029 3168 :
1048 3107 1081 3168 sir
1097 3113 1142 3166 τὴν
1154 3108 1238 3168 ἐκκλη-

102 3243 120 3280 a
147 3224 284 3278 σιαστικὴν
299 3208 674 3300 ὴκλιιστράν(1).Βᾶεί1ἰιιε
691 3207 846 3275 diaconus
859 3207 893 3273 in
909 3207 1017 3277 libello
1032 3210 1117 3300 apud
1133 3211 1241 3280 Tbeo-

103 3352 120 3388 «
145 3323 274 3392 dosium
297 3329 328 3388 et
354 3317 618 3388 Valentinianum
643 3341 650 3383 :
676 3315 786 3371 κάκεῖθεν
811 3323 962 3392 τυπτόμενοι
986 3317 1135 3395 ἀπηγόμεθα
1155 3323 1180 3376 ἐν
1204 3335 1240 3398 τῷ

102 3455 117 3488 a
143 3439 291 3502 Δεκανικῷ·
318 3428 387 3482 κάκεῖ
406 3433 514 3502 γυμνοὺς
535 3429 609 3501 ἡμᾶς,
635 3429 666 3487 ὡς
690 3422 793 3498 δημίους
816 3431 858 3478 καὶ
879 3426 1030 3489 ὑπευθύνους
1054 3435 1163 3506 τιμωρίᾳ
1182 3431 1240 3486 lxt-

102 3555 120 3592 a
146 3533 229 3584 tecet
247 3527 303 3616 (2).
320 3524 408 3614 Ergo
425 3523 460 3589 in
476 3520 744 3611 Decanicis,quae
760 3519 988 3611 proculdubio
1007 3521 1075 3589 loca
1091 3525 1243 3594 conclusa
1310 3613 1313 3620 ,

103 3665 120 3700 c
146 3635 251 3719 fuere,
263 3634 295 3699 in
308 3630 427 3722 quibus
442 3626 645 3715 immorigeri
661 3625 770 3693 clerici
783 3626 1046 3696 asservabantur.
1059 3656 1075 3694 >r
1093 3631 1243 3722 (lacobus

15 3787 16 3816 3
99 3737 335 3823 Gotbofredus,
351 3739 532 3804 Comment.
550 3733 584 3800 in
599 3734 622 3800 l.
642 3736 682 3799 30
705 3731 823 3800 codicis
838 3731 962 3800 Theod.
985 3734 1025 3801 dc
1049 3739 1242 3831 Heercticis.)

99 3849 163 3928 Qui
179 3855 289 3914 autem
306 3842 433 3935 plenius
446 3847 647 3932 compertum
666 3838 783 3906 babere
798 3839 888 3930 cupit
902 3862 1000 3931 qnam
1015 3844 1086 3910 veri
1102 3867 1246 3914 carceres

15 4049 16 4068 ¹
132 4067 166 4126 tt)
185 4065 215 4114 ln
231 4060 435 4112 ecclesiasticum
454 4070 595 4108 carcerem.

15 4123 17 4230 t

135 4145 168 4207 rt)
187 4141 220 4192 Et
231 4140 293 4190 inde
307 4137 436 4190 verberati
456 4137 527 4187 ducti
544 4147 633 4185 somus
651 4133 679 4182 in
701 4131 874 4196 Decantcam3
886 4138 963 4201 atque
983 4135 1018 4186 ibi
1033 4139 1117 4189 nudos
1136 4155 1183 4192 nos
1198 4147 1251 4196 tan.

104 4239 182 4290 quarn
196 4221 313 4290 captivos
328 4223 352 4270 et
365 4219 491 4286 supplicio
510 4215 627 4269 addictos
641 4213 815 4264 asservabant.
