3030 4980
551 481 625 528 raas
652 481 797 528 suerrum.
1180 467 1240 529 517

107 611 213 696 petere
228 603 480 695 Arohiepiscopo
502 601 761 693 jurisdictionem
783 603 817 670 ia
838 605 1070 694 suffraganeos,
1088 628 1243 676 eorumve

105 711 258 780 officiales
272 717 329 778 aut
342 709 501 796 subditos,
518 710 656 802 acceptis
671 708 704 778 iu
715 711 795 801 jura
810 712 965 800 expressis
978 713 1114 780 casibus.

150 817 310 898 Secundo,
329 817 478 908 quamvis
494 816 715 885 aTridentina
731 816 864 908 Synodo
886 819 919 884 in
940 818 1051 886 multis
1071 820 1247 887 immunita

105 924 203 994 fuerit
217 923 497 1016 metropolitarum
513 931 663 1014 potestas,
682 924 838 992 nonnulla
852 933 959 992 tomen
977 925 1095 994 intacta
1109 948 1244 994 reman-

106 1038 218 1100 serunt
231 1053 344 1099 eorum
357 1030 445 1121 jura,
463 1052 520 1121 per
536 1052 643 1098 sacros
668 1053 806 1100 canones
829 1031 907 1122 ipsis
927 1031 1081 1100 attributa
1095 1032 1147 1123 (de
1169 1034 1245 1124 qui-

107 1140 167 1206 bus
180 1138 310 1229 agimus
332 1138 367 1206 ia
386 1145 524 1206 tractatu
539 1137 579 1204 de
594 1137 785 1229 Episcopo);
803 1138 976 1229 interque
998 1139 1118 1206 eminet
1131 1140 1244 1231 appel-

106 1246 244 1314 lationes
272 1244 459 1336 recipiendi,
485 1267 542 1312 seu
566 1266 678 1312 causas
703 1244 980 1334 suffraganearum
1008 1245 1187 1314 dimoeseon
1210 1248 1243 1314 iu

107 1350 248 1420 monada
262 1351 415 1420 instantia
429 1350 642 1440 cognoscendi
658 1359 689 1418 et
705 1351 902 1419 terminandi
917 1350 1063 1420 facultas.

149 1457 319 1541 Quomodo
335 1465 442 1526 autem
465 1480 577 1548 gerere
593 1481 627 1526 se
643 1457 756 1526 debeat
772 1457 922 1528 Vicarius
944 1458 1104 1548 generalis
1120 1465 1244 1527 metro-

106 1567 269 1658 politauus
280 1565 314 1633 in
326 1565 536 1657 expediendis
551 1564 803 1657 appellationum
819 1565 935 1654 causis,
951 1573 982 1634 ot
997 1588 1070 1657 quae
1086 1565 1248 1656 ejusmodi

106 1673 228 1743 Vicarii
244 1673 504 1742 constitutionem
522 1679 734 1758 concernunt,
751 1671 943 1741 adnotamus
959 1672 1020 1740 sub
1037 1672 1245 1764 sequentihus

107 1780 331 1872 paragraphis.

634 2013 718 2104 aa.

137 2215 175 2264 Aa
192 2211 312 2263 Officiulis
334 2211 546 2276 metropolitanus
568 2209 649 2274 possit
664 2212 709 2260 aut
724 2208 818 2259 debeat
834 2223 889 2260 ease
907 2208 975 2258 idem
992 2223 1022 2260 ao
1040 2209 1210 2273 dioecesanus,

257 2297 283 2343 et
299 2291 359 2357 quid
376 2293 403 2342 in
419 2291 502 2341 torma
518 2289 639 2340 eumdem
656 2289 830 2340 constituendi
847 2289 880 2338 sit
894 2289 1094 2339 observandum.

153 2549 181 2612 1.
196 2544 291 2626 Quod
306 2545 405 2636 possit
417 2543 689 2634 Archiepisoopus
700 2540 832 2612 Vicario
846 2562 905 2607 suo
918 2539 1132 2609 dioeoesanam
1146 2543 1245 2612 simul

106 2662 137 2719 et
154 2651 433 2741 metropolitanam
453 2649 712 2741 jurisdictionem
735 2645 947 2715 exercendam
970 2647 1169 2716 committere
1184 2649 1245 2717 du·

105 2759 198 2826 bium
217 2767 357 2828 nonest.

151 2871 181 2933 2.
207 2866 243 2935 Si
269 2865 539 2956 Archiepiscopus
564 2864 705 2955 aliquem
733 2862 866 2952 deputet
892 2861 926 2928 in
951 2860 1119 2930 Vioarium
1147 2886 1245 2932 suum

104 2973 298 3064 peucrulem,
317 2971 398 3040 nihil
415 2969 659 3039 determinando
674 2968 758 3035 circa
773 2967 876 3059 ipsius
898 2965 1169 3059 jurisdictionem,
1189 2971 1247 3039 tali

105 3080 237 3150 Vioario
259 3087 417 3170 competet
438 3086 503 3145 tota
526 3076 719 3166 generaliter
731 3074 917 3166 jurisdictio
941 3073 1104 3142 ordinaria
1126 3077 1246 3144 Archi-

105 3187 249 3277 episoopi
258 3212 267 3272 ;
283 3209 320 3254 ao
336 3184 475 3278 proinde
491 3207 558 3253 non
578 3193 705 3252 tantum
728 3181 910 3274 jurisdictio
925 3180 1091 3248 ordinaria
1114 3181 1149 3250 in
1164 3182 1248 3252 dia-

106 3293 203 3360 oesim
224 3293 405 3385 propriam,
422 3292 478 3361 sed
494 3301 525 3359 et
540 3291 575 3358 in
591 3291 825 3379 suffraganeas.
844 3287 881 3354 Id
906 3287 992 3356 enim
1016 3287 1115 3356 infert
1137 3312 1247 3359 secum

106 3399 229 3470 Vioarii
245 3399 404 3490 quaerulis
420 3397 640 3466 denominatio
656 3396 788 3464 relative
803 3395 843 3462 ad
860 3417 934 3462 eum
954 3418 974 3462 a
992 3417 1057 3485 quo
1080 3398 1249 3466 eonstitui-

108 3515 172 3593 tur,
187 3506 250 3573 nisi
264 3506 461 3575 contrarium
478 3526 629 3595 expresse
644 3503 781 3572 dicatur.

153 3617 183 3681 3.
204 3613 293 3694 Quid
316 3635 394 3680 vero
419 3612 448 3679 si
472 3610 743 3702 archiepiscopus
768 3610 900 3700 deputet
926 3631 1027 3677 nuum
1056 3611 1251 3698 generaliter

106 3718 148 3786 ad
168 3718 428 3812 jurisdictionem
452 3718 667 3786 direcesouam
693 3716 875 3802 dumtaxat,
891 3714 1028 3784 alterum
1051 3738 1129 3784 vero
1152 3718 1252 3787 dunr-

108 3835 197 3896 taxat
221 3826 263 3894 ad
289 3827 571 3917 metropolitanam
597 3823 835 3893 exercendam?
858 3825 913 3891 An
937 3831 1074 3915 uterque
1099 3847 1197 3894 verus
1220 3837 1252 3897 et

107 3934 238 4028 proprie
267 3933 372 4002 dictus
395 3933 548 4002 Vicarius
579 3931 740 4022 generalis
767 3929 948 3999 censendus
970 3931 1044 4016 erit,
1069 3931 1120 3998 vel
1145 3935 1252 4022 potius

108 4053 263 4135 tanquam
289 4041 458 4130 delegatus
483 4040 524 4106 sit
548 4038 739 4106 habendus?
766 4038 862 4106 Ratio
885 4035 1057 4105 dubitandi
1081 4048 1128 4105 est
1155 4063 1255 4131 supra

107 4148 256 4248 exposita
279 4147 429 4216 doctrina
449 4147 489 4214 de
505 4145 646 4214 essentia
662 4144 836 4213 vicariatus
857 4142 1033 4233 generalis,
1051 4166 1125 4235 qum
1146 4147 1254 4235 exigit

109 4264 147 4324 ut
172 4255 323 4324 Vioarius
350 4253 511 4345 generalis
538 4251 752 4321 exercendam
781 4250 909 4336 habeat,
930 4272 996 4319 non
1022 4250 1167 4343 aliquam
1198 4255 1255 4323 sed
