<?xml version="1.0" encoding="UTF-8"?>
<!DOCTYPE html PUBLIC "-//W3C//DTD XHTML 1.0 Transitional//EN"
    "http://www.w3.org/TR/xhtml1/DTD/xhtml1-transitional.dtd">
<html xmlns="http://www.w3.org/1999/xhtml" xml:lang="en" lang="en">
 <head>
  <title>
</title>
<meta http-equiv="Content-Type" content="text/html;charset=utf-8" />
  <meta name='ocr-system' content='tesseract 3.04.00' />
  <meta name='ocr-capabilities' content='ocr_page ocr_carea ocr_par ocr_line ocrx_word'/>
</head>
<body>
  <div class='ocr_page' id='page_1' title='image "./tractatusdejudi01goog_0362.png"; bbox 0 0 3030 4980; ppageno 0'>
   <div class='ocr_carea' id='block_1_1' title="bbox 530 485 1214 552">
    <p class='ocr_par' dir='ltr' id='par_1_1' title="bbox 530 485 1214 552">
     <span class='ocr_line' id='line_1_1' title="bbox 530 485 1214 552; baseline 0 -2"><span class='ocrx_word' id='word_1_1' title='bbox 530 499 605 550; x_wconf 72' lang='lat' dir='ltr'><strong>nens</strong></span> <span class='ocrx_word' id='word_1_2' title='bbox 627 501 773 552; x_wconf 73' lang='lat' dir='ltr'><strong>securos.</strong></span> <span class='ocrx_word' id='word_1_3' title='bbox 1154 485 1214 551; x_wconf 80' lang='lat'><strong>351</strong></span> 
     </span>
    </p>
   </div>
   <div class='ocr_carea' id='block_1_2' title="bbox 70 624 1318 4261">
    <p class='ocr_par' dir='ltr' id='par_1_2' title="bbox 70 624 1221 1792">
     <span class='ocr_line' id='line_1_2' title="bbox 70 624 1220 720; baseline 0.006 -28"><span class='ocrx_word' id='word_1_4' title='bbox 70 624 250 694; x_wconf 62' lang='lat' dir='ltr'><strong>smaeliter</strong></span> <span class='ocrx_word' id='word_1_5' title='bbox 262 637 292 694; x_wconf 82' lang='lat' dir='ltr'><strong>et</strong></span> <span class='ocrx_word' id='word_1_6' title='bbox 308 637 379 694; x_wconf 86' lang='lat' dir='ltr'><strong>tota</strong></span> <span class='ocrx_word' id='word_1_7' title='bbox 391 637 520 718; x_wconf 78' lang='lat' dir='ltr'><strong>quanta</strong></span> <span class='ocrx_word' id='word_1_8' title='bbox 534 626 905 696; x_wconf 68' lang='lat' dir='ltr'><strong>menesterialis-Alie</strong></span> <span class='ocrx_word' id='word_1_9' title='bbox 919 647 1036 720; x_wconf 89' lang='lat' dir='ltr'><strong>nempe</strong></span> <span class='ocrx_word' id='word_1_10' title='bbox 1051 635 1100 698; x_wconf 83' lang='lat' dir='ltr'><strong>est</strong></span> <span class='ocrx_word' id='word_1_11' title='bbox 1112 637 1220 720; x_wconf 88' lang='lat' dir='ltr'><strong>potes·</strong></span> 
     </span>
     <span class='ocr_line' id='line_1_3' title="bbox 71 733 1219 826; baseline 0.003 -25"><span class='ocrx_word' id='word_1_12' title='bbox 71 741 120 801; x_wconf 79' lang='lat' dir='ltr'><strong>tes</strong></span> <span class='ocrx_word' id='word_1_13' title='bbox 141 733 266 825; x_wconf 83' lang='lat' dir='ltr'><strong>aliquid</strong></span> <span class='ocrx_word' id='word_1_14' title='bbox 289 733 467 825; x_wconf 80' lang='lat' dir='ltr'><strong>peragendi</strong></span> <span class='ocrx_word' id='word_1_15' title='bbox 490 735 623 803; x_wconf 86' lang='lat' dir='ltr'><strong>nomine</strong></span> <span class='ocrx_word' id='word_1_16' title='bbox 647 735 795 826; x_wconf 87' lang='lat' dir='ltr'><strong>proprio,</strong></span> <span class='ocrx_word' id='word_1_17' title='bbox 822 743 855 804; x_wconf 85' lang='lat' dir='ltr'><strong>et</strong></span> <span class='ocrx_word' id='word_1_18' title='bbox 882 733 948 802; x_wconf 81' lang='lat' dir='ltr'><strong>elie</strong></span> <span class='ocrx_word' id='word_1_19' title='bbox 966 741 1105 826; x_wconf 81' lang='lat' dir='ltr'><strong>potestne</strong></span> <span class='ocrx_word' id='word_1_20' title='bbox 1129 734 1219 804; x_wconf 85' lang='lat' dir='ltr'><strong>idem</strong></span> 
     </span>
     <span class='ocr_line' id='line_1_4' title="bbox 71 839 1220 934; baseline 0.003 -25"><span class='ocrx_word' id='word_1_21' title='bbox 71 839 251 930; x_wconf 76' lang='lat' dir='ltr'><strong>peragendi</strong></span> <span class='ocrx_word' id='word_1_22' title='bbox 272 849 429 934; x_wconf 78' lang='lat' dir='ltr'><strong>tonqnem</strong></span> <span class='ocrx_word' id='word_1_23' title='bbox 447 839 582 910; x_wconf 79' lang='lat' dir='ltr'><strong>alterins</strong></span> <span class='ocrx_word' id='word_1_24' title='bbox 601 841 762 910; x_wconf 74' lang='lat' dir='ltr'><strong>minister.</strong></span> <span class='ocrx_word' id='word_1_25' title='bbox 783 840 848 924; x_wconf 83' lang='lat' dir='ltr'><strong>Qui</strong></span> <span class='ocrx_word' id='word_1_26' title='bbox 865 841 1007 934; x_wconf 81' lang='lat' dir='ltr'><strong>ntiquom</strong></span> <span class='ocrx_word' id='word_1_27' title='bbox 1032 849 1220 934; x_wconf 82' lang='lat' dir='ltr'><strong>potestatem</strong></span> 
     </span>
     <span class='ocr_line' id='line_1_5' title="bbox 71 945 1221 1042; baseline 0.005 -27"><span class='ocrx_word' id='word_1_28' title='bbox 71 945 171 1016; x_wconf 81' lang='lat' dir='ltr'><strong>hebet</strong></span> <span class='ocrx_word' id='word_1_29' title='bbox 196 956 352 1040; x_wconf 79' lang='lat' dir='ltr'><strong>tenqtmm</strong></span> <span class='ocrx_word' id='word_1_30' title='bbox 378 949 541 1032; x_wconf 79' lang='lat' dir='ltr'><strong>minister,</strong></span> <span class='ocrx_word' id='word_1_31' title='bbox 570 971 642 1018; x_wconf 81' lang='lat' dir='ltr'><strong>enm</strong></span> <span class='ocrx_word' id='word_1_32' title='bbox 670 949 785 1041; x_wconf 82' lang='lat' dir='ltr'><strong>nequit</strong></span> <span class='ocrx_word' id='word_1_33' title='bbox 812 948 1002 1042; x_wconf 85' lang='lat' dir='ltr'><strong>simpliciter</strong></span> <span class='ocrx_word' id='word_1_34' title='bbox 1029 958 1063 1018; x_wconf 86' lang='lat' dir='ltr'><strong>et</strong></span> <span class='ocrx_word' id='word_1_35' title='bbox 1089 952 1221 1042; x_wconf 85' lang='lat' dir='ltr'><strong>proprie</strong></span> 
     </span>
     <span class='ocr_line' id='line_1_6' title="bbox 70 1056 1220 1151; baseline 0.006 -30"><span class='ocrx_word' id='word_1_36' title='bbox 70 1077 189 1124; x_wconf 76' lang='lat' dir='ltr'><strong>vocare</strong></span> <span class='ocrx_word' id='word_1_37' title='bbox 212 1077 318 1145; x_wconf 82' lang='lat' dir='ltr'><strong>sunm,</strong></span> <span class='ocrx_word' id='word_1_38' title='bbox 346 1056 401 1125; x_wconf 87' lang='lat' dir='ltr'><strong>sod</strong></span> <span class='ocrx_word' id='word_1_39' title='bbox 427 1065 555 1126; x_wconf 80' lang='lat' dir='ltr'><strong>tontum</strong></span> <span class='ocrx_word' id='word_1_40' title='bbox 582 1057 618 1125; x_wconf 91' lang='lat' dir='ltr'><strong>in</strong></span> <span class='ocrx_word' id='word_1_41' title='bbox 643 1057 753 1149; x_wconf 77' lang='lat' dir='ltr'><strong>aliquo</strong></span> <span class='ocrx_word' id='word_1_42' title='bbox 776 1079 890 1145; x_wconf 87' lang='lat' dir='ltr'><strong>sensn;</strong></span> <span class='ocrx_word' id='word_1_43' title='bbox 919 1081 958 1127; x_wconf 88' lang='lat' dir='ltr'><strong>eo</strong></span> <span class='ocrx_word' id='word_1_44' title='bbox 984 1079 1081 1128; x_wconf 86' lang='lat' dir='ltr'><strong>sensu</strong></span> <span class='ocrx_word' id='word_1_45' title='bbox 1103 1081 1220 1151; x_wconf 80' lang='lat' dir='ltr'><strong>nempe</strong></span> 
     </span>
     <span class='ocr_line' id='line_1_7' title="bbox 70 1163 1218 1255; baseline 0.005 -25"><span class='ocrx_word' id='word_1_46' title='bbox 70 1163 160 1254; x_wconf 88' lang='lat' dir='ltr'><strong>qnod</strong></span> <span class='ocrx_word' id='word_1_47' title='bbox 175 1170 366 1254; x_wconf 82' lang='lat' dir='ltr'><strong>potestatem</strong></span> <span class='ocrx_word' id='word_1_48' title='bbox 382 1163 468 1232; x_wconf 77' lang='lat' dir='ltr'><strong>hanc</strong></span> <span class='ocrx_word' id='word_1_49' title='bbox 481 1163 627 1254; x_wconf 76' lang='lat' dir='ltr'><strong>legitime</strong></span> <span class='ocrx_word' id='word_1_50' title='bbox 639 1183 790 1233; x_wconf 81' lang='lat' dir='ltr'><strong>exercere</strong></span> <span class='ocrx_word' id='word_1_51' title='bbox 803 1165 910 1234; x_wconf 78' lang='lat' dir='ltr'><strong>vetent</strong></span> <span class='ocrx_word' id='word_1_52' title='bbox 923 1165 1056 1234; x_wconf 91' lang='lat' dir='ltr'><strong>nomine</strong></span> <span class='ocrx_word' id='word_1_53' title='bbox 1071 1165 1218 1255; x_wconf 84' lang='lat' dir='ltr'><strong>alterins,</strong></span> 
     </span>
     <span class='ocr_line' id='line_1_8' title="bbox 70 1269 1220 1365; baseline 0.007 -29"><span class='ocrx_word' id='word_1_54' title='bbox 70 1278 102 1337; x_wconf 89' lang='lat' dir='ltr'><strong>et</strong></span> <span class='ocrx_word' id='word_1_55' title='bbox 115 1277 278 1362; x_wconf 83' lang='lat' dir='ltr'><strong>qnatenus</strong></span> <span class='ocrx_word' id='word_1_56' title='bbox 291 1271 486 1341; x_wconf 86' lang='lat' dir='ltr'><strong>constitutus</strong></span> <span class='ocrx_word' id='word_1_57' title='bbox 500 1269 544 1340; x_wconf 82' lang='lat' dir='ltr'><strong>ed</strong></span> <span class='ocrx_word' id='word_1_58' title='bbox 558 1270 592 1339; x_wconf 94' lang='lat' dir='ltr'><strong>id</strong></span> <span class='ocrx_word' id='word_1_59' title='bbox 608 1271 767 1340; x_wconf 78' lang='lat' dir='ltr'><strong>minister.</strong></span> <span class='ocrx_word' id='word_1_60' title='bbox 787 1271 891 1341; x_wconf 90' lang='lat' dir='ltr'><strong>Porro</strong></span> <span class='ocrx_word' id='word_1_61' title='bbox 905 1271 1007 1364; x_wconf 87' lang='lat' dir='ltr'><strong>hujus</strong></span> <span class='ocrx_word' id='word_1_62' title='bbox 1021 1273 1138 1365; x_wconf 88' lang='lat' dir='ltr'><strong>speciei</strong></span> <span class='ocrx_word' id='word_1_63' title='bbox 1150 1295 1220 1344; x_wconf 83' lang='lat' dir='ltr'><strong>esse</strong></span> 
     </span>
     <span class='ocr_line' id='line_1_9' title="bbox 70 1376 1221 1471; baseline 0.003 -25"><span class='ocrx_word' id='word_1_64' title='bbox 70 1383 260 1468; x_wconf 78' lang='lat' dir='ltr'><strong>potestatem</strong></span> <span class='ocrx_word' id='word_1_65' title='bbox 288 1379 430 1449; x_wconf 81' lang='lat' dir='ltr'><strong>Vicoriis</strong></span> <span class='ocrx_word' id='word_1_66' title='bbox 458 1376 696 1471; x_wconf 81' lang='lat' dir='ltr'><strong>Episcopornm</strong></span> <span class='ocrx_word' id='word_1_67' title='bbox 723 1384 971 1470; x_wconf 73' lang='lat' dir='ltr'><strong>competentem,</strong></span> <span class='ocrx_word' id='word_1_68' title='bbox 1004 1378 1124 1448; x_wconf 78' lang='lat' dir='ltr'><strong>evincit</strong></span> <span class='ocrx_word' id='word_1_69' title='bbox 1150 1379 1221 1471; x_wconf 83' lang='lat' dir='ltr'><strong>ipss</strong></span> 
     </span>
     <span class='ocr_line' id='line_1_10' title="bbox 71 1485 1220 1574; baseline 0.003 -21"><span class='ocrx_word' id='word_1_70' title='bbox 71 1507 187 1554; x_wconf 86' lang='lat' dir='ltr'><strong>eornm</strong></span> <span class='ocrx_word' id='word_1_71' title='bbox 203 1486 435 1556; x_wconf 75' lang='lat' dir='ltr'><strong>denominatio.</strong></span> <span class='ocrx_word' id='word_1_72' title='bbox 454 1485 587 1556; x_wconf 78' lang='lat' dir='ltr'><strong>Absons</strong></span> <span class='ocrx_word' id='word_1_73' title='bbox 603 1485 691 1554; x_wconf 89' lang='lat' dir='ltr'><strong>enim</strong></span> <span class='ocrx_word' id='word_1_74' title='bbox 704 1485 893 1556; x_wconf 77' lang='lat' dir='ltr'><strong>dicerentur</strong></span> <span class='ocrx_word' id='word_1_75' title='bbox 905 1485 1042 1574; x_wconf 74' lang='lat' dir='ltr'><strong>Vicani,</strong></span> <span class='ocrx_word' id='word_1_76' title='bbox 1057 1485 1123 1556; x_wconf 82' lang='lat' dir='ltr'><strong>nisi</strong></span> <span class='ocrx_word' id='word_1_77' title='bbox 1134 1487 1220 1557; x_wconf 84' lang='lat' dir='ltr'><strong>vices</strong></span> 
     </span>
     <span class='ocr_line' id='line_1_11' title="bbox 71 1591 1221 1684; baseline 0.003 -24"><span class='ocrx_word' id='word_1_78' title='bbox 71 1592 193 1682; x_wconf 79' lang='lat' dir='ltr'><strong>agendi</strong></span> <span class='ocrx_word' id='word_1_79' title='bbox 211 1592 355 1662; x_wconf 87' lang='lat' dir='ltr'><strong>officium</strong></span> <span class='ocrx_word' id='word_1_80' title='bbox 373 1593 568 1664; x_wconf 86' lang='lat' dir='ltr'><strong>sortirentur</strong></span> <span class='ocrx_word' id='word_1_81' title='bbox 587 1621 596 1662; x_wconf 89' lang='lat'>:</span> <span class='ocrx_word' id='word_1_82' title='bbox 612 1592 671 1684; x_wconf 87' lang='lat' dir='ltr'><strong>qui</strong></span> <span class='ocrx_word' id='word_1_83' title='bbox 689 1599 799 1662; x_wconf 74' lang='lat' dir='ltr'><strong>eutem</strong></span> <span class='ocrx_word' id='word_1_84' title='bbox 820 1592 908 1661; x_wconf 82' lang='lat' dir='ltr'><strong>vices</strong></span> <span class='ocrx_word' id='word_1_85' title='bbox 924 1591 1060 1663; x_wconf 78' lang='lat' dir='ltr'><strong>alterins</strong></span> <span class='ocrx_word' id='word_1_86' title='bbox 1085 1594 1166 1684; x_wconf 77' lang='lat' dir='ltr'><strong>agit,</strong></span> <span class='ocrx_word' id='word_1_87' title='bbox 1185 1595 1221 1663; x_wconf 93' lang='lat' dir='ltr'><strong>in</strong></span> 
     </span>
     <span class='ocr_line' id='line_1_12' title="bbox 72 1698 542 1792; baseline 0.002 -25"><span class='ocrx_word' id='word_1_88' title='bbox 72 1698 135 1768; x_wconf 87' lang='lat' dir='ltr'><strong>hoc</strong></span> <span class='ocrx_word' id='word_1_89' title='bbox 150 1700 222 1791; x_wconf 85' lang='lat' dir='ltr'><strong>ipso</strong></span> <span class='ocrx_word' id='word_1_90' title='bbox 232 1707 282 1769; x_wconf 87' lang='lat' dir='ltr'><strong>est</strong></span> <span class='ocrx_word' id='word_1_91' title='bbox 294 1699 366 1792; x_wconf 83' lang='lat' dir='ltr'><strong>ejus</strong></span> <span class='ocrx_word' id='word_1_92' title='bbox 381 1700 542 1770; x_wconf 84' lang='lat' dir='ltr'><strong>minister.</strong></span> 
     </span>
    </p>

    <p class='ocr_par' dir='ltr' id='par_1_3' title="bbox 71 1805 1318 2327">
     <span class='ocr_line' id='line_1_13' title="bbox 116 1805 1220 1900; baseline 0.002 -24"><span class='ocrx_word' id='word_1_93' title='bbox 116 1806 169 1876; x_wconf 86' lang='lat' dir='ltr'><strong>Ex</strong></span> <span class='ocrx_word' id='word_1_94' title='bbox 184 1829 250 1899; x_wconf 90' lang='lat' dir='ltr'><strong>qno</strong></span> <span class='ocrx_word' id='word_1_95' title='bbox 261 1807 330 1899; x_wconf 83' lang='lat' dir='ltr'><strong>jem</strong></span> <span class='ocrx_word' id='word_1_96' title='bbox 345 1815 432 1900; x_wconf 85' lang='lat' dir='ltr'><strong>pntet</strong></span> <span class='ocrx_word' id='word_1_97' title='bbox 453 1807 588 1877; x_wconf 90' lang='lat' dir='ltr'><strong>omnino</strong></span> <span class='ocrx_word' id='word_1_98' title='bbox 606 1805 737 1876; x_wconf 80' lang='lat' dir='ltr'><strong>differre</strong></span> <span class='ocrx_word' id='word_1_99' title='bbox 753 1805 916 1898; x_wconf 83' lang='lat' dir='ltr'><strong>ejusmodi</strong></span> <span class='ocrx_word' id='word_1_100' title='bbox 932 1806 1141 1877; x_wconf 80' lang='lat' dir='ltr'><strong>Vicoriorum</strong></span> <span class='ocrx_word' id='word_1_101' title='bbox 1157 1831 1220 1900; x_wconf 81' lang='lat' dir='ltr'><strong>ge-</strong></span> 
     </span>
     <span class='ocr_line' id='line_1_14' title="bbox 71 1911 1218 2005; baseline 0.003 -24"><span class='ocrx_word' id='word_1_102' title='bbox 71 1913 234 1984; x_wconf 86' lang='lat' dir='ltr'><strong>nsrnlinm</strong></span> <span class='ocrx_word' id='word_1_103' title='bbox 244 1914 401 2003; x_wconf 87' lang='lat' dir='ltr'><strong>officinm,</strong></span> <span class='ocrx_word' id='word_1_104' title='bbox 417 1915 459 1984; x_wconf 84' lang='lat' dir='ltr'><strong>nb</strong></span> <span class='ocrx_word' id='word_1_105' title='bbox 470 1915 542 1984; x_wconf 73' lang='lat' dir='ltr'><strong>aliis</strong></span> <span class='ocrx_word' id='word_1_106' title='bbox 553 1913 667 1983; x_wconf 87' lang='lat' dir='ltr'><strong>officiis</strong></span> <span class='ocrx_word' id='word_1_107' title='bbox 678 1913 798 2005; x_wconf 79' lang='lat' dir='ltr'><strong>quihus</strong></span> <span class='ocrx_word' id='word_1_108' title='bbox 808 1911 936 1983; x_wconf 85' lang='lat' dir='ltr'><strong>ednexn</strong></span> <span class='ocrx_word' id='word_1_109' title='bbox 947 1923 1008 2001; x_wconf 87' lang='lat' dir='ltr'><strong>est,</strong></span> <span class='ocrx_word' id='word_1_110' title='bbox 1021 1937 1087 1984; x_wconf 91' lang='lat' dir='ltr'><strong>non</strong></span> <span class='ocrx_word' id='word_1_111' title='bbox 1099 1917 1218 1984; x_wconf 90' lang='lat' dir='ltr'><strong>minis-</strong></span> 
     </span>
     <span class='ocr_line' id='line_1_15' title="bbox 73 2016 1318 2124; baseline 0.002 -34"><span class='ocrx_word' id='word_1_112' title='bbox 73 2016 208 2110; x_wconf 83' lang='lat' dir='ltr'><strong>terinlis,</strong></span> <span class='ocrx_word' id='word_1_113' title='bbox 238 2021 295 2090; x_wconf 84' lang='lat' dir='ltr'><strong>ssd</strong></span> <span class='ocrx_word' id='word_1_114' title='bbox 315 2023 423 2092; x_wconf 84' lang='lat' dir='ltr'><strong>stricte</strong></span> <span class='ocrx_word' id='word_1_115' title='bbox 448 2022 580 2115; x_wconf 79' lang='lat' dir='ltr'><strong>proprio</strong></span> <span class='ocrx_word' id='word_1_116' title='bbox 599 2029 755 2114; x_wconf 80' lang='lat' dir='ltr'><strong>potestns3</strong></span> <span class='ocrx_word' id='word_1_117' title='bbox 778 2019 874 2113; x_wconf 80' lang='lat' dir='ltr'><strong>qundo</strong></span> <span class='ocrx_word' id='word_1_118' title='bbox 899 2027 948 2090; x_wconf 86' lang='lat' dir='ltr'><strong>est</strong></span> <span class='ocrx_word' id='word_1_119' title='bbox 973 2020 1117 2091; x_wconf 85' lang='lat' dir='ltr'><strong>officium</strong></span> <span class='ocrx_word' id='word_1_120' title='bbox 1137 2023 1219 2115; x_wconf 86' lang='lat' dir='ltr'><strong>Epi·</strong></span> <span class='ocrx_word' id='word_1_121' title='bbox 1316 2119 1318 2124; x_wconf 23' lang='grc' dir='ltr'>Ι</span> 
     </span>
     <span class='ocr_line' id='line_1_16' title="bbox 72 2128 1219 2220; baseline 0.003 -23"><span class='ocrx_word' id='word_1_122' title='bbox 72 2131 162 2220; x_wconf 86' lang='lat' dir='ltr'><strong>scopi</strong></span> <span class='ocrx_word' id='word_1_123' title='bbox 184 2128 383 2198; x_wconf 81' lang='lat' dir='ltr'><strong>ordineriem</strong></span> <span class='ocrx_word' id='word_1_124' title='bbox 402 2128 663 2220; x_wconf 86' lang='lat' dir='ltr'><strong>jurisdictionem</strong></span> <span class='ocrx_word' id='word_1_125' title='bbox 687 2129 874 2217; x_wconf 88' lang='lat' dir='ltr'><strong>obtinentis,</strong></span> <span class='ocrx_word' id='word_1_126' title='bbox 902 2136 935 2198; x_wconf 87' lang='lat' dir='ltr'><strong>et</strong></span> <span class='ocrx_word' id='word_1_127' title='bbox 955 2129 1053 2198; x_wconf 81' lang='lat' dir='ltr'><strong>etiam</strong></span> <span class='ocrx_word' id='word_1_128' title='bbox 1075 2128 1219 2200; x_wconf 87' lang='lat' dir='ltr'><strong>officium</strong></span> 
     </span>
     <span class='ocr_line' id='line_1_17' title="bbox 72 2237 221 2327; baseline -0.007 -21"><span class='ocrx_word' id='word_1_129' title='bbox 72 2237 221 2327; x_wconf 79' lang='lat' dir='ltr'><strong>parochi.</strong></span> 
     </span>
    </p>

    <p class='ocr_par' dir='ltr' id='par_1_4' title="bbox 72 2341 1221 3506">
     <span class='ocr_line' id='line_1_18' title="bbox 118 2341 1219 2436; baseline 0 -22"><span class='ocrx_word' id='word_1_130' title='bbox 118 2345 300 2416; x_wconf 77' lang='lat' dir='ltr'><strong>Psorosrno</strong></span> <span class='ocrx_word' id='word_1_131' title='bbox 315 2345 387 2414; x_wconf 71' lang='lat'><em>1112.</em></span> <span class='ocrx_word' id='word_1_132' title='bbox 401 2379 447 2398; x_wconf 60' lang='grc' dir='ltr'><strong>-ω</strong></span> <span class='ocrx_word' id='word_1_133' title='bbox 463 2343 590 2413; x_wconf 82' lang='lat' dir='ltr'><strong>Vicnric</strong></span> <span class='ocrx_word' id='word_1_134' title='bbox 605 2342 752 2436; x_wconf 77' lang='lat' dir='ltr'><strong>penerali</strong></span> <span class='ocrx_word' id='word_1_135' title='bbox 763 2341 921 2436; x_wconf 71' lang='lat' dir='ltr'><strong>Eprioopi</strong></span> <span class='ocrx_word' id='word_1_136' title='bbox 930 2342 1143 2412; x_wconf 76' lang='lat' dir='ltr'><strong>essemieliter</strong></span> <span class='ocrx_word' id='word_1_137' title='bbox 1153 2367 1219 2414; x_wconf 83' lang='lat' dir='ltr'><strong>non</strong></span> 
     </span>
     <span class='ocr_line' id='line_1_19' title="bbox 72 2450 1218 2544; baseline 0 -23"><span class='ocrx_word' id='word_1_138' title='bbox 72 2453 240 2544; x_wconf 84' lang='lat' dir='ltr'><strong>competit,</strong></span> <span class='ocrx_word' id='word_1_139' title='bbox 263 2465 301 2522; x_wconf 81' lang='lat' dir='ltr'><strong>ut</strong></span> <span class='ocrx_word' id='word_1_140' title='bbox 317 2452 428 2522; x_wconf 83' lang='lat' dir='ltr'><strong>voleat</strong></span> <span class='ocrx_word' id='word_1_141' title='bbox 449 2451 531 2521; x_wconf 83' lang='lat' dir='ltr'><strong>vices</strong></span> <span class='ocrx_word' id='word_1_142' title='bbox 552 2450 710 2543; x_wconf 79' lang='lat' dir='ltr'><strong>Episcopi</strong></span> <span class='ocrx_word' id='word_1_143' title='bbox 727 2471 824 2540; x_wconf 78' lang='lat' dir='ltr'><strong>apere</strong></span> <span class='ocrx_word' id='word_1_144' title='bbox 845 2450 881 2517; x_wconf 82' lang='lat' dir='ltr'><strong>in</strong></span> <span class='ocrx_word' id='word_1_145' title='bbox 899 2450 1076 2519; x_wconf 73' lang='lat' dir='ltr'><strong>exercenda</strong></span> <span class='ocrx_word' id='word_1_146' title='bbox 1093 2452 1218 2521; x_wconf 78' lang='lat' dir='ltr'><strong>ordinis</strong></span> 
     </span>
     <span class='ocr_line' id='line_1_20' title="bbox 72 2553 1219 2650; baseline 0 -24"><span class='ocrx_word' id='word_1_147' title='bbox 72 2555 265 2650; x_wconf 77' lang='lat' dir='ltr'><strong>episcopalis</strong></span> <span class='ocrx_word' id='word_1_148' title='bbox 271 2569 447 2650; x_wconf 78' lang='lat' dir='ltr'><strong>potestate.</strong></span> <span class='ocrx_word' id='word_1_149' title='bbox 464 2591 509 2610; x_wconf 58' lang='grc' dir='ltr'><strong>υ·-</strong></span> <span class='ocrx_word' id='word_1_150' title='bbox 524 2553 687 2626; x_wconf 83' lang='lat' dir='ltr'><strong>Prohetnr</strong></span> <span class='ocrx_word' id='word_1_151' title='bbox 702 2577 744 2624; x_wconf 83' lang='lat' dir='ltr'><strong>ex</strong></span> <span class='ocrx_word' id='word_1_152' title='bbox 757 2577 796 2624; x_wconf 89' lang='lat' dir='ltr'><strong>eo</strong></span> <span class='ocrx_word' id='word_1_153' title='bbox 819 2554 907 2647; x_wconf 91' lang='lat' dir='ltr'><strong>qnod</strong></span> <span class='ocrx_word' id='word_1_154' title='bbox 926 2555 1036 2623; x_wconf 82' lang='lat' dir='ltr'><strong>clerici</strong></span> <span class='ocrx_word' id='word_1_155' title='bbox 1052 2577 1219 2626; x_wconf 83' lang='lat' dir='ltr'><strong>consecre-</strong></span> 
     </span>
     <span class='ocr_line' id='line_1_21' title="bbox 73 2661 1219 2758; baseline -0.001 -24"><span class='ocrx_word' id='word_1_156' title='bbox 73 2664 162 2735; x_wconf 90' lang='lat' dir='ltr'><strong>tione</strong></span> <span class='ocrx_word' id='word_1_157' title='bbox 175 2663 349 2758; x_wconf 74' lang='lat' dir='ltr'><strong>episcopati</strong></span> <span class='ocrx_word' id='word_1_158' title='bbox 364 2664 521 2751; x_wconf 86' lang='lat' dir='ltr'><strong>destituti,</strong></span> <span class='ocrx_word' id='word_1_159' title='bbox 539 2683 610 2732; x_wconf 86' lang='lat' dir='ltr'><strong>esse</strong></span> <span class='ocrx_word' id='word_1_160' title='bbox 625 2662 750 2755; x_wconf 88' lang='lat' dir='ltr'><strong>possint</strong></span> <span class='ocrx_word' id='word_1_161' title='bbox 767 2669 799 2730; x_wconf 89' lang='lat' dir='ltr'><strong>et</strong></span> <span class='ocrx_word' id='word_1_162' title='bbox 816 2663 883 2731; x_wconf 86' lang='lat' dir='ltr'><strong>sint</strong></span> <span class='ocrx_word' id='word_1_163' title='bbox 896 2661 937 2730; x_wconf 89' lang='lat' dir='ltr'><strong>de</strong></span> <span class='ocrx_word' id='word_1_164' title='bbox 951 2663 1049 2750; x_wconf 83' lang='lat' dir='ltr'><strong>facto,</strong></span> <span class='ocrx_word' id='word_1_165' title='bbox 1068 2663 1139 2732; x_wconf 84' lang='lat' dir='ltr'><strong>veri</strong></span> <span class='ocrx_word' id='word_1_166' title='bbox 1154 2664 1219 2734; x_wconf 83' lang='lat' dir='ltr'><strong>Vi·</strong></span> 
     </span>
     <span class='ocr_line' id='line_1_22' title="bbox 72 2770 1219 2863; baseline 0.003 -23"><span class='ocrx_word' id='word_1_167' title='bbox 72 2772 154 2840; x_wconf 81' lang='lat' dir='ltr'><strong>cerii</strong></span> <span class='ocrx_word' id='word_1_168' title='bbox 172 2771 352 2863; x_wconf 81' lang='lat' dir='ltr'><strong>generales,</strong></span> <span class='ocrx_word' id='word_1_169' title='bbox 367 2781 399 2842; x_wconf 88' lang='lat' dir='ltr'><strong>et</strong></span> <span class='ocrx_word' id='word_1_170' title='bbox 413 2780 451 2841; x_wconf 89' lang='lat' dir='ltr'><strong>nt</strong></span> <span class='ocrx_word' id='word_1_171' title='bbox 465 2773 544 2840; x_wconf 83' lang='lat' dir='ltr'><strong>tetes</strong></span> <span class='ocrx_word' id='word_1_172' title='bbox 559 2793 579 2840; x_wconf 82' lang='lat' dir='ltr'><strong>e</strong></span> <span class='ocrx_word' id='word_1_173' title='bbox 592 2771 666 2862; x_wconf 81' lang='lat' dir='ltr'><strong>jure</strong></span> <span class='ocrx_word' id='word_1_174' title='bbox 684 2770 852 2840; x_wconf 89' lang='lat' dir='ltr'><strong>communi</strong></span> <span class='ocrx_word' id='word_1_175' title='bbox 871 2770 975 2860; x_wconf 75' lang='lat' dir='ltr'><strong>agniti</strong></span> <span class='ocrx_word' id='word_1_176' title='bbox 992 2797 1000 2838; x_wconf 92' lang='lat'><strong>:</strong></span> <span class='ocrx_word' id='word_1_177' title='bbox 1019 2771 1140 2840; x_wconf 89' lang='lat' dir='ltr'><strong>iicerte</strong></span> <span class='ocrx_word' id='word_1_178' title='bbox 1161 2795 1219 2843; x_wconf 87' lang='lat' dir='ltr'><strong>ne·</strong></span> 
     </span>
     <span class='ocr_line' id='line_1_23' title="bbox 72 2877 1215 2972; baseline 0.002 -24"><span class='ocrx_word' id='word_1_179' title='bbox 72 2889 199 2971; x_wconf 88' lang='lat' dir='ltr'><strong>queunt</strong></span> <span class='ocrx_word' id='word_1_180' title='bbox 213 2903 252 2950; x_wconf 81' lang='lat' dir='ltr'><strong>ea</strong></span> <span class='ocrx_word' id='word_1_181' title='bbox 270 2879 374 2951; x_wconf 81' lang='lat' dir='ltr'><strong>fecere</strong></span> <span class='ocrx_word' id='word_1_182' title='bbox 392 2903 467 2972; x_wconf 82' lang='lat' dir='ltr'><strong>quse</strong></span> <span class='ocrx_word' id='word_1_183' title='bbox 497 2878 646 2948; x_wconf 88' lang='lat' dir='ltr'><strong>ordinem</strong></span> <span class='ocrx_word' id='word_1_184' title='bbox 671 2877 884 2969; x_wconf 85' lang='lat' dir='ltr'><strong>episcopalem</strong></span> <span class='ocrx_word' id='word_1_185' title='bbox 902 2878 1087 2970; x_wconf 80' lang='lat' dir='ltr'><strong>requirunt.</strong></span> <span class='ocrx_word' id='word_1_186' title='bbox 1109 2878 1215 2966; x_wconf 85' lang='lat' dir='ltr'><strong>Unde,</strong></span> 
     </span>
     <span class='ocr_line' id='line_1_24' title="bbox 72 2983 1219 3080; baseline 0 -24"><span class='ocrx_word' id='word_1_187' title='bbox 72 2986 226 3079; x_wconf 59' lang='lat' dir='ltr'><strong>momnis</strong></span> <span class='ocrx_word' id='word_1_188' title='bbox 235 2987 338 3080; x_wconf 83' lang='lat' dir='ltr'><strong>possit</strong></span> <span class='ocrx_word' id='word_1_189' title='bbox 348 2986 467 3078; x_wconf 78' lang='lat' dir='ltr'><strong>aliquis</strong></span> <span class='ocrx_word' id='word_1_190' title='bbox 480 2983 663 3078; x_wconf 80' lang='lat' dir='ltr'><strong>Episcopus</strong></span> <span class='ocrx_word' id='word_1_191' title='bbox 672 2983 825 3054; x_wconf 83' lang='lat' dir='ltr'><strong>constitui</strong></span> <span class='ocrx_word' id='word_1_192' title='bbox 838 2984 990 3054; x_wconf 80' lang='lat' dir='ltr'><strong>Vioarins</strong></span> <span class='ocrx_word' id='word_1_193' title='bbox 1000 2987 1162 3075; x_wconf 79' lang='lat' dir='ltr'><strong>generetis</strong></span> <span class='ocrx_word' id='word_1_194' title='bbox 1171 2988 1219 3056; x_wconf 85' lang='lat' dir='ltr'><strong>al-</strong></span> 
     </span>
     <span class='ocr_line' id='line_1_25' title="bbox 73 3090 1220 3186; baseline 0.002 -24"><span class='ocrx_word' id='word_1_195' title='bbox 73 3093 177 3163; x_wconf 83' lang='lat' dir='ltr'><strong>terius</strong></span> <span class='ocrx_word' id='word_1_196' title='bbox 190 3094 356 3186; x_wconf 82' lang='lat' dir='ltr'><strong>Episcopi,</strong></span> <span class='ocrx_word' id='word_1_197' title='bbox 373 3103 469 3185; x_wconf 82' lang='lat' dir='ltr'><strong>etque</strong></span> <span class='ocrx_word' id='word_1_198' title='bbox 483 3092 589 3186; x_wconf 85' lang='lat' dir='ltr'><strong>ipsius</strong></span> <span class='ocrx_word' id='word_1_199' title='bbox 609 3091 698 3162; x_wconf 83' lang='lat' dir='ltr'><strong>vices</strong></span> <span class='ocrx_word' id='word_1_200' title='bbox 714 3090 848 3182; x_wconf 86' lang='lat' dir='ltr'><strong>explere</strong></span> <span class='ocrx_word' id='word_1_201' title='bbox 859 3092 956 3160; x_wconf 85' lang='lat' dir='ltr'><strong>etiem</strong></span> <span class='ocrx_word' id='word_1_202' title='bbox 975 3092 1010 3159; x_wconf 90' lang='lat' dir='ltr'><strong>in</strong></span> <span class='ocrx_word' id='word_1_203' title='bbox 1024 3092 1220 3164; x_wconf 82' lang='lat' dir='ltr'><strong>conterendo</strong></span> 
     </span>
     <span class='ocr_line' id='line_1_26' title="bbox 73 3197 1220 3289; baseline 0.001 -20"><span class='ocrx_word' id='word_1_204' title='bbox 73 3209 277 3270; x_wconf 73' lang='lat' dir='ltr'><strong>sacramento</strong></span> <span class='ocrx_word' id='word_1_205' title='bbox 289 3201 426 3288; x_wconf 87' lang='lat' dir='ltr'><strong>ordinis,</strong></span> <span class='ocrx_word' id='word_1_206' title='bbox 443 3199 477 3270; x_wconf 89' lang='lat' dir='ltr'><strong>id</strong></span> <span class='ocrx_word' id='word_1_207' title='bbox 495 3207 602 3268; x_wconf 85' lang='lat' dir='ltr'><strong>temon</strong></span> <span class='ocrx_word' id='word_1_208' title='bbox 617 3197 723 3268; x_wconf 85' lang='lat' dir='ltr'><strong>officio</strong></span> <span class='ocrx_word' id='word_1_209' title='bbox 738 3198 924 3267; x_wconf 71' lang='lat' dir='ltr'><strong>vicariatus</strong></span> <span class='ocrx_word' id='word_1_210' title='bbox 937 3201 1098 3289; x_wconf 81' lang='lat' dir='ltr'><strong>generalis</strong></span> <span class='ocrx_word' id='word_1_211' title='bbox 1110 3223 1220 3271; x_wconf 84' lang='lat' dir='ltr'><strong>ossen-</strong></span> 
     </span>
     <span class='ocr_line' id='line_1_27' title="bbox 73 3305 1221 3397; baseline 0.003 -22"><span class='ocrx_word' id='word_1_212' title='bbox 73 3307 150 3376; x_wconf 83' lang='lat' dir='ltr'><strong>tinto</strong></span> <span class='ocrx_word' id='word_1_213' title='bbox 163 3327 231 3377; x_wconf 91' lang='lat' dir='ltr'><strong>non</strong></span> <span class='ocrx_word' id='word_1_214' title='bbox 245 3313 305 3396; x_wconf 89' lang='lat' dir='ltr'><strong>est,</strong></span> <span class='ocrx_word' id='word_1_215' title='bbox 319 3306 376 3376; x_wconf 90' lang='lat' dir='ltr'><strong>sed</strong></span> <span class='ocrx_word' id='word_1_216' title='bbox 389 3305 602 3394; x_wconf 77' lang='lat' dir='ltr'><strong>accidentale3</strong></span> <span class='ocrx_word' id='word_1_217' title='bbox 618 3327 693 3374; x_wconf 87' lang='lat' dir='ltr'><strong>cnm</strong></span> <span class='ocrx_word' id='word_1_218' title='bbox 706 3325 806 3374; x_wconf 83' lang='lat' dir='ltr'><strong>verus</strong></span> <span class='ocrx_word' id='word_1_219' title='bbox 816 3305 968 3375; x_wconf 84' lang='lat' dir='ltr'><strong>Vicnrins</strong></span> <span class='ocrx_word' id='word_1_220' title='bbox 980 3307 1140 3397; x_wconf 48' lang='lat' dir='ltr'><strong>&amp;neentis</strong></span> <span class='ocrx_word' id='word_1_221' title='bbox 1151 3331 1221 3379; x_wconf 87' lang='lat' dir='ltr'><strong>esse</strong></span> 
     </span>
     <span class='ocr_line' id='line_1_28' title="bbox 73 3411 828 3506; baseline -0.004 -23"><span class='ocrx_word' id='word_1_222' title='bbox 73 3411 188 3505; x_wconf 84' lang='lat' dir='ltr'><strong>possit,</strong></span> <span class='ocrx_word' id='word_1_223' title='bbox 206 3415 262 3506; x_wconf 88' lang='lat' dir='ltr'><strong>qni</strong></span> <span class='ocrx_word' id='word_1_224' title='bbox 277 3423 403 3484; x_wconf 88' lang='lat' dir='ltr'><strong>nonest</strong></span> <span class='ocrx_word' id='word_1_225' title='bbox 418 3423 624 3483; x_wconf 75' lang='lat' dir='ltr'><strong>consecratus</strong></span> <span class='ocrx_word' id='word_1_226' title='bbox 637 3411 828 3504; x_wconf 83' lang='lat' dir='ltr'><strong>Episcopus.</strong></span> 
     </span>
    </p>

    <p class='ocr_par' dir='ltr' id='par_1_5' title="bbox 72 3519 1221 4261">
     <span class='ocr_line' id='line_1_29' title="bbox 119 3519 1220 3615; baseline 0.003 -25"><span class='ocrx_word' id='word_1_227' title='bbox 119 3523 305 3592; x_wconf 78' lang='lat' dir='ltr'><strong>Pnoeosnro</strong></span> <span class='ocrx_word' id='word_1_228' title='bbox 318 3521 392 3592; x_wconf 72' lang='lat' dir='ltr'>IV2.</span> <span class='ocrx_word' id='word_1_229' title='bbox 410 3525 515 3590; x_wconf 84' lang='lat' dir='ltr'><strong>-De</strong></span> <span class='ocrx_word' id='word_1_230' title='bbox 528 3519 665 3589; x_wconf 72' lang='lat' dir='ltr'><strong>essentia</strong></span> <span class='ocrx_word' id='word_1_231' title='bbox 683 3519 867 3588; x_wconf 79' lang='lat' dir='ltr'><strong>Vicarictus</strong></span> <span class='ocrx_word' id='word_1_232' title='bbox 879 3521 1037 3611; x_wconf 67' lang='lat' dir='ltr'><strong>peteretis</strong></span> <span class='ocrx_word' id='word_1_233' title='bbox 1050 3534 1097 3591; x_wconf 75' lang='lat' dir='ltr'><strong>cst</strong></span> <span class='ocrx_word' id='word_1_234' title='bbox 1107 3537 1220 3615; x_wconf 81' lang='lat' dir='ltr'><strong>potee-</strong></span> 
     </span>
     <span class='ocr_line' id='line_1_30' title="bbox 75 3627 1221 3721; baseline 0.002 -23"><span class='ocrx_word' id='word_1_235' title='bbox 75 3643 127 3698; x_wconf 83' lang='lat' dir='ltr'><strong>tae</strong></span> <span class='ocrx_word' id='word_1_236' title='bbox 150 3628 320 3698; x_wconf 68' lang='lat' dir='ltr'><strong>exercendi</strong></span> <span class='ocrx_word' id='word_1_237' title='bbox 341 3630 492 3721; x_wconf 75' lang='lat' dir='ltr'><strong>aliquam</strong></span> <span class='ocrx_word' id='word_1_238' title='bbox 505 3627 773 3720; x_wconf 70' lang='lat' dir='ltr'><strong>jurisdicticnen</strong></span> <span class='ocrx_word' id='word_1_239' title='bbox 791 3627 949 3719; x_wconf 72' lang='lat' dir='ltr'><strong>Episcopi</strong></span> <span class='ocrx_word' id='word_1_240' title='bbox 963 3631 1151 3721; x_wconf 72' lang='lat' dir='ltr'><strong>propriam.</strong></span> <span class='ocrx_word' id='word_1_241' title='bbox 1176 3669 1221 3688; x_wconf 86' lang='lat'><strong>--</strong></span> 
     </span>
     <span class='ocr_line' id='line_1_31' title="bbox 72 3733 1221 3830; baseline 0.003 -23"><span class='ocrx_word' id='word_1_242' title='bbox 72 3737 247 3807; x_wconf 85' lang='lat' dir='ltr'><strong>Conclusio</strong></span> <span class='ocrx_word' id='word_1_243' title='bbox 258 3737 329 3806; x_wconf 83' lang='lat' dir='ltr'><strong>haec</strong></span> <span class='ocrx_word' id='word_1_244' title='bbox 339 3757 381 3808; x_wconf 84' lang='lat' dir='ltr'><strong>ex</strong></span> <span class='ocrx_word' id='word_1_245' title='bbox 393 3733 654 3828; x_wconf 75' lang='lat' dir='ltr'><strong>precedentibus</strong></span> <span class='ocrx_word' id='word_1_246' title='bbox 664 3734 783 3804; x_wconf 79' lang='lat' dir='ltr'><strong>invicte</strong></span> <span class='ocrx_word' id='word_1_247' title='bbox 793 3735 952 3826; x_wconf 88' lang='lat' dir='ltr'><strong>seqnitur.</strong></span> <span class='ocrx_word' id='word_1_248' title='bbox 967 3737 1051 3806; x_wconf 86' lang='lat' dir='ltr'><strong>Nem</strong></span> <span class='ocrx_word' id='word_1_249' title='bbox 1063 3760 1105 3806; x_wconf 88' lang='lat' dir='ltr'><strong>ex</strong></span> <span class='ocrx_word' id='word_1_250' title='bbox 1114 3741 1221 3830; x_wconf 83' lang='lat' dir='ltr'><strong>prims</strong></span> 
     </span>
     <span class='ocr_line' id='line_1_32' title="bbox 72 3841 1220 3936; baseline 0.003 -23"><span class='ocrx_word' id='word_1_251' title='bbox 72 3844 292 3936; x_wconf 77' lang='lat' dir='ltr'><strong>propositione</strong></span> <span class='ocrx_word' id='word_1_252' title='bbox 307 3841 488 3915; x_wconf 83' lang='lat' dir='ltr'><strong>Vioeriatni</strong></span> <span class='ocrx_word' id='word_1_253' title='bbox 504 3841 648 3932; x_wconf 79' lang='lat' dir='ltr'><strong>generali</strong></span> <span class='ocrx_word' id='word_1_254' title='bbox 663 3841 843 3910; x_wconf 72' lang='lat' dir='ltr'><strong>essentialis</strong></span> <span class='ocrx_word' id='word_1_255' title='bbox 861 3851 909 3910; x_wconf 86' lang='lat' dir='ltr'><strong>est</strong></span> <span class='ocrx_word' id='word_1_256' title='bbox 925 3843 1035 3935; x_wconf 81' lang='lat' dir='ltr'><strong>eliqua</strong></span> <span class='ocrx_word' id='word_1_257' title='bbox 1050 3847 1220 3918; x_wconf 77' lang='lat' dir='ltr'><strong>ecclesias-</strong></span> 
     </span>
     <span class='ocr_line' id='line_1_33' title="bbox 73 3949 1219 4044; baseline 0.005 -24"><span class='ocrx_word' id='word_1_258' title='bbox 73 3953 138 4022; x_wconf 79' lang='lat' dir='ltr'><strong>tica</strong></span> <span class='ocrx_word' id='word_1_259' title='bbox 150 3959 290 4043; x_wconf 82' lang='lat' dir='ltr'><strong>potestas</strong></span> <span class='ocrx_word' id='word_1_260' title='bbox 309 3974 316 4019; x_wconf 79' lang='lat' dir='ltr'><strong>t</strong></span> <span class='ocrx_word' id='word_1_261' title='bbox 333 3970 375 4020; x_wconf 85' lang='lat' dir='ltr'><strong>ex</strong></span> <span class='ocrx_word' id='word_1_262' title='bbox 391 3950 610 4044; x_wconf 85' lang='lat' dir='ltr'><strong>propositione</strong></span> <span class='ocrx_word' id='word_1_263' title='bbox 626 3949 780 4037; x_wconf 82' lang='lat' dir='ltr'><strong>secunde,</strong></span> <span class='ocrx_word' id='word_1_264' title='bbox 799 3957 938 4040; x_wconf 79' lang='lat' dir='ltr'><strong>potestas</strong></span> <span class='ocrx_word' id='word_1_265' title='bbox 956 3951 1025 4021; x_wconf 73' lang='lat' dir='ltr'><strong>hmo</strong></span> <span class='ocrx_word' id='word_1_266' title='bbox 1040 3956 1219 4026; x_wconf 80' lang='lat' dir='ltr'><strong>essentialis</strong></span> 
     </span>
     <span class='ocr_line' id='line_1_34' title="bbox 73 4055 1218 4156; baseline 0.004 -28"><span class='ocrx_word' id='word_1_267' title='bbox 73 4082 141 4129; x_wconf 88' lang='lat' dir='ltr'><strong>non</strong></span> <span class='ocrx_word' id='word_1_268' title='bbox 169 4057 232 4127; x_wconf 83' lang='lat' dir='ltr'><strong>alie</strong></span> <span class='ocrx_word' id='word_1_269' title='bbox 259 4067 306 4127; x_wconf 88' lang='lat' dir='ltr'><strong>est</strong></span> <span class='ocrx_word' id='word_1_270' title='bbox 331 4077 431 4151; x_wconf 85' lang='lat' dir='ltr'><strong>quem</strong></span> <span class='ocrx_word' id='word_1_271' title='bbox 456 4055 629 4127; x_wconf 82' lang='lat' dir='ltr'><strong>exercendi</strong></span> <span class='ocrx_word' id='word_1_272' title='bbox 654 4055 827 4148; x_wconf 76' lang='lat' dir='ltr'><strong>ipsammet</strong></span> <span class='ocrx_word' id='word_1_273' title='bbox 854 4065 1042 4148; x_wconf 81' lang='lat' dir='ltr'><strong>potestatem</strong></span> <span class='ocrx_word' id='word_1_274' title='bbox 1067 4061 1218 4156; x_wconf 84' lang='lat' dir='ltr'><strong>Episcopi</strong></span> 
     </span>
     <span class='ocr_line' id='line_1_35' title="bbox 75 4163 1219 4261; baseline 0.004 -25"><span class='ocrx_word' id='word_1_275' title='bbox 75 4169 242 4261; x_wconf 81' lang='lat' dir='ltr'><strong>propriam</strong></span> <span class='ocrx_word' id='word_1_276' title='bbox 272 4195 280 4234; x_wconf 77' lang='grc' dir='ltr'>ι</span> <span class='ocrx_word' id='word_1_277' title='bbox 306 4187 346 4234; x_wconf 83' lang='lat' dir='ltr'><strong>ox</strong></span> <span class='ocrx_word' id='word_1_278' title='bbox 372 4165 593 4257; x_wconf 84' lang='lat' dir='ltr'><strong>propositione</strong></span> <span class='ocrx_word' id='word_1_279' title='bbox 617 4163 725 4252; x_wconf 86' lang='lat' dir='ltr'><strong>tertia,</strong></span> <span class='ocrx_word' id='word_1_280' title='bbox 748 4185 814 4233; x_wconf 91' lang='lat' dir='ltr'><strong>non</strong></span> <span class='ocrx_word' id='word_1_281' title='bbox 838 4163 871 4231; x_wconf 91' lang='lat' dir='ltr'><strong>in</strong></span> <span class='ocrx_word' id='word_1_282' title='bbox 895 4187 934 4234; x_wconf 90' lang='lat' dir='ltr'><strong>eo</strong></span> <span class='ocrx_word' id='word_1_283' title='bbox 955 4171 1018 4233; x_wconf 89' lang='lat' dir='ltr'><strong>stnt</strong></span> <span class='ocrx_word' id='word_1_284' title='bbox 1041 4173 1219 4240; x_wconf 80' lang='lat' dir='ltr'><strong>essentialis</strong></span> 
     </span>
    </p>
   </div>
   <div class='ocr_carea' id='block_1_3' title="bbox 76 4270 1218 4370">
    <p class='ocr_par' dir='ltr' id='par_1_6' title="bbox 76 4270 1218 4370">
     <span class='ocr_line' id='line_1_36' title="bbox 76 4270 1218 4370; baseline 0.002 -28"><span class='ocrx_word' id='word_1_285' title='bbox 76 4283 217 4366; x_wconf 77' lang='lat' dir='ltr'><strong>potestas</strong></span> <span class='ocrx_word' id='word_1_286' title='bbox 236 4273 358 4343; x_wconf 82' lang='lat' dir='ltr'><strong>Vicsrii</strong></span> <span class='ocrx_word' id='word_1_287' title='bbox 383 4272 555 4362; x_wconf 80' lang='lat' dir='ltr'><strong>generalis,</strong></span> <span class='ocrx_word' id='word_1_288' title='bbox 578 4279 614 4340; x_wconf 91' lang='lat' dir='ltr'><strong>ut</strong></span> <span class='ocrx_word' id='word_1_289' title='bbox 628 4270 733 4340; x_wconf 81' lang='lat' dir='ltr'><strong>voleat</strong></span> <span class='ocrx_word' id='word_1_290' title='bbox 757 4290 906 4339; x_wconf 80' lang='lat' dir='ltr'><strong>exercere</strong></span> <span class='ocrx_word' id='word_1_291' title='bbox 924 4271 1137 4364; x_wconf 86' lang='lat' dir='ltr'><strong>episcopalem</strong></span> <span class='ocrx_word' id='word_1_292' title='bbox 1153 4301 1218 4370; x_wconf 90' lang='lat' dir='ltr'><strong>po-</strong></span> 
     </span>
    </p>
   </div>
   <div class='ocr_carea' id='block_1_4' title="bbox 0 0 1523 4980">
    <p class='ocr_par' dir='ltr' id='par_1_7' title="bbox 0 0 1523 4980">
     <span class='ocr_line' id='line_1_37' title="bbox 0 0 1523 4980; baseline 0 0"><span class='ocrx_word' id='word_1_293' title='bbox 0 0 1523 4980; x_wconf 95' lang='lat' dir='ltr'><strong> </strong></span> 
     </span>
    </p>
   </div>
  </div>
 </body>
</html>
