3030 4980
530 493 604 538 rens
626 493 771 538 secunus.
1153 474 1216 540 its

124 617 155 684 t.
174 612 215 680 Et
235 611 360 681 etiamsi
381 611 529 682 Vioarius
547 613 706 704 generetis
729 613 771 680 sit
794 614 987 702 canonicus;
1013 615 1093 706 quis
1112 638 1218 706 neque

77 721 255 790 canonicus
278 729 407 790 tenetur
429 743 544 813 operas
567 744 641 790 suas
664 723 767 810 gratis
786 721 892 790 locare
907 722 1076 814 Episcopo.
1102 724 1217 813 (Idem,

78 828 177 915 ibid,
195 851 227 920 q.
245 830 334 919 286.)

124 950 154 1012 5.
179 946 321 1013 Tenetur
345 945 526 1036 Episcopus
550 969 590 1013 ex
613 968 671 1012 sna
691 967 818 1013 camera
838 945 990 1013 salarium
1005 946 1136 1014 Vicario
1160 971 1219 1014 suo

77 1051 223 1140 generali
238 1054 443 1120 constituere.
461 1057 585 1120 Mortuo
597 1061 704 1120 autem
721 1053 880 1143 Episcopo
892 1053 1046 1121 salarium
1063 1076 1122 1144 pro
1139 1063 1221 1120 tem-

78 1181 159 1248 pore
173 1183 238 1250 quo
256 1160 410 1228 Viearius
425 1159 584 1248 generalis
600 1161 662 1250 ipsi
678 1159 866 1240 deservivit,
886 1159 971 1226 solvi
985 1158 1079 1228 debet
1094 1183 1113 1227 a
1127 1161 1220 1251 capi-

80 1267 164 1352 tulo,
182 1266 234 1334 vet
249 1267 379 1334 Vioario
395 1266 576 1357 capitulari,
594 1267 633 1333 de
654 1267 749 1336 bonis
765 1265 916 1336 Ecclesiae
934 1268 1088 1335 vacantis.
1106 1268 1220 1359 (Idem,

80 1373 177 1458 ibid,
194 1397 228 1465 q.
247 1373 339 1464 289.)

125 1480 231 1548 Hodie
257 1480 394 1549 veroin
421 1479 538 1566 Gallia,
555 1502 628 1546 cum
651 1481 805 1548 salarium
829 1480 987 1571 ejusmodi
1012 1505 1031 1549 a
1057 1482 1223 1552 Gubernio

81 1588 240 1673 solvatur,
258 1588 352 1656 tiberi
375 1595 452 1656 sunt
473 1609 492 1654 a
513 1585 570 1654 tali
591 1586 752 1654 solutione
772 1587 871 1678 hujus
890 1595 922 1656 et
942 1589 1100 1657 similium
1116 1589 1224 1679 regio-

80 1717 163 1762 num
176 1694 336 1786 Episcopi.

525 1951 667 2023 CAPUT
689 1955 777 2024 vin.

113 2183 259 2238 QUOMODO
282 2183 437 2230 urlscorus
459 2183 500 2228 EX
523 2183 609 2228 Acris
631 2183 746 2229 VICARH
769 2184 817 2230 SUI
839 2185 1005 2232 uenustus
1028 2188 1199 2234 TENEATUR·

130 2437 273 2519 Quasno
293 2442 338 2506 1³.
354 2477 399 2492 —
413 2441 463 2507 An
484 2439 664 2530 Episcopus
685 2451 833 2508 tencatur
847 2461 887 2507 cu
900 2441 981 2508 actis
995 2454 1027 2508 et
1044 2441 1178 2524 delictis,
1203 2468 1224 2510 a

90 2546 221 2614 Vicorio
231 2569 289 2614 suo
305 2560 468 2638 tanquam
477 2547 613 2638 privata
620 2569 776 2637 persona,
794 2559 888 2614 estro
903 2548 1059 2637 Officium
1073 2550 1227 2619 vicudole

82 2653 208 2744 pestis?
227 2692 271 2705 -
292 2653 567 2745 Respondendum
592 2655 759 2742 negative;
777 2661 872 2744 atque
888 2654 922 2720 in
945 2653 1007 2723 hoo
1032 2657 1227 2726 concordant

84 2761 235 2829 doctores
255 2761 465 2829 unanimiter.
494 2786 511 2824 o
533 2761 618 2842 Quia
639 2760 696 2850 (ait
716 2759 885 2848 Pirrhing,
907 2761 941 2828 in
961 2762 1008 2828 tit.
1036 2766 1090 2850 28,
1114 2764 1221 2832 librit

89 2896 110 2934 (ι
132 2869 274 2953 Deerat,
291 2891 324 2934 n.
341 2867 393 2957 68)
409 2867 572 2953 Vicarius,
590 2868 624 2933 in
638 2867 690 2935 his
704 2890 779 2958 quae
792 2867 861 2956 agit
875 2877 911 2934 ut
926 2869 1085 2959 privatus,
1100 2893 1165 2939 non
1176 2873 1227 2939 di-

89 3003 108 3040 «
132 2977 218 3044 citur
229 2997 341 3064 gerere
356 2975 443 3042 vices
455 2975 617 3066 Episcopi,
635 2997 693 3041 neo
708 2974 801 3042 illurn
820 2985 1063 3065 representare.
1083 3003 1099 3042 ι)
1118 2979 1159 3046 Et
1171 3003 1227 3070 pa-

84 3084 166 3152 riter
195 3083 375 3150 Lenrenius
403 3081 454 3172 (de
489 3081 623 3149 Vicoriis
653 3082 904 3172 Episcoporum,
938 3105 967 3151 c.
998 3089 1029 3171 5,
1058 3109 1090 3176 q.
1123 3091 1182 3154 301
1215 3115 1223 3156 ε

90 3220 109 3259 «
132 3193 206 3261 Nou
223 3201 350 3261 tenetur
365 3213 406 3260 ex
422 3191 541 3260 delicto
556 3199 587 3259 et
603 3192 701 3280 gestis
717 3216 736 3260 a
752 3193 884 3261 Vicario
900 3215 960 3262 suo
976 3204 1068 3263 extra
1082 3197 1227 3267 osticium

91 3326 111 3364 α
134 3321 243 3366 suurn.
262 3323 279 3362 v
297 3297 415 3366 Merito
431 3306 539 3364 tamen
550 3295 640 3364 addit
651 3297 738 3364 idem
755 3305 867 3364 auctor
886 3324 894 3364 ε
916 3298 1017 3366 «Nisi
1032 3299 1113 3368 torte
1131 3325 1228 3370 man-

92 3433 110 3470 c
134 3405 253 3491 desset,
270 3413 327 3472 aut
353 3403 416 3472 alio
444 3404 540 3472 modo
556 3403 596 3472 de
620 3404 736 3472 delicto
750 3405 984 3496 participasset.
1010 3433 1027 3471 ι
1055 3407 1093 3473 td
1119 3421 1227 3478 autem

88 3531 219 3578 necesse
239 3530 304 3576 non
329 3515 377 3575 est
402 3507 539 3599 probare
556 3508 718 3598 expressis
731 3508 815 3598 juris
830 3509 962 3598 positivi
976 3510 1135 3598 textibus3
1154 3537 1230 3582 curn

88 3641 132 3685 ex
141 3616 215 3706 jure
230 3615 370 3684 naturali
384 3611 551 3682 evidenter
566 3613 655 3681 fluat.

136 3723 220 3791 Hinc
234 3731 299 3791 tota
320 3720 495 3789 difficultas
518 3720 559 3789 ad
583 3743 621 3789 ea
643 3721 863 3810 restringitur,
879 3745 952 3814 quae
966 3723 1117 3793 Vicarins
1130 3745 1229 3813 gene-

89 3832 170 3902 ralis
183 3831 251 3921 agit
262 3839 415 3921 tanquam
429 3852 567 3920 persona
590 3829 732 3920 publica,
754 3830 860 3918 idest,
876 3853 917 3898 ex
928 3830 1153 3922 jurisdictione
1167 3855 1227 3902 sna

89 3939 258 4008 ordinaria
277 3945 308 4006 et
325 3939 456 4008 nomine
480 3936 631 4027 Episcopi
638 3963 648 4024 3
666 3945 698 4005 et
712 3937 872 4027 quaeritnr
900 3965 907 4006 :
933 3961 975 4005 an
997 3947 1028 4005 et
1048 3962 1113 4029 quo
1133 3963 1230 4010 sensu

91 4047 272 4137 Episcopus
287 4067 328 4114 ex
344 4044 443 4134 gestis
458 4043 619 4135 ejusmodi
632 4051 791 4129 teneatur,
809 4065 866 4111 seu
890 4045 937 4134 (ut
950 4044 1130 4133 gallicismo
1146 4051 1229 4134 utar)

91 4151 252 4244 ejusmodi
275 4160 440 4242 gestorum
453 4148 767 4242 respomabilitutem
788 4150 921 4237 habeat;
945 4159 977 4220 et
1000 4175 1041 4220 an
1058 4155 1158 4244 possit
1181 4157 1231 4224 vel

92 4283 161 4330 non
176 4283 214 4329 ea
225 4259 418 4328 rescindere.
