2998 4984
513 509 587 556 rsus
617 509 762 555 sumans.
1145 487 1207 552 377

67 631 207 718 heretur,
223 637 256 699 et
273 629 380 700 solum
394 630 450 722 jus
471 630 628 722 scriptum
645 627 911 722 perpenderetur,
928 635 1034 720 posset
1050 627 1208 719 Episcopo

67 738 237 830 supplicari
251 747 363 807 contra
376 738 557 806 nullitatem
571 737 741 806 sententias
753 739 794 805 ab
806 737 910 828 ipsius
922 735 1052 806 Vicario
1063 734 1208 824 generali

68 845 209 937 prolatae.
232 844 268 913 Si
288 845 376 914 euim
397 846 499 936 possit
522 845 701 936 Episcopus
725 844 766 912 de
790 842 1021 937 propriosne
1039 841 1207 910 sententia

69 951 212 1020 nullitate
228 952 453 1043 pronuntiare,
470 959 501 1020 et
515 951 606 1020 illam
621 951 813 1020 sententiam
835 957 1019 1036 retractare,
1043 971 1063 1016 a
1080 947 1207 1016 fortiori

68 1058 102 1126 id
116 1059 230 1150 poterit
241 1057 349 1150 quom
363 1058 555 1127 seutentiam
572 1057 697 1126 Vicarii
707 1057 769 1126 sui.

114 1165 145 1228 4⁰
160 1161 304 1244 Quaestio
321 1185 363 1230 an
378 1163 479 1255 possit
499 1162 569 1232 fieri
585 1163 776 1254 supplicatio
795 1160 837 1230 ad
856 1162 1065 1253 Episcopum,
1082 1168 1119 1229 ut
1134 1182 1208 1229 sen-

68 1269 199 1336 tentiam
216 1269 338 1338 Vicarii
354 1271 406 1338 sui
427 1269 590 1360 generalis
604 1268 760 1360 injustam
782 1268 923 1338 declaret
938 1276 1035 1360 atque
1048 1289 1119 1336 cam
1136 1289 1208 1336 cor·

68 1375 163 1465 rigat,
181 1376 314 1446 omnino
330 1378 480 1467 negative
494 1376 650 1446 solvenda
664 1386 723 1446 est.
739 1377 835 1462 Nam,

114 1483 236 1567 Prima
259 1483 386 1552 admitti
406 1485 517 1577 nequit
532 1485 639 1575 legem
659 1485 859 1567 canonicam,
878 1505 952 1575 quae
969 1484 1119 1575 prohibet
1136 1506 1210 1554 nea

66 1591 197 1660 Vicario
215 1592 360 1682 generali
375 1591 416 1660 ad
431 1592 629 1684 Episcopum
650 1592 843 1683 appelletur,
861 1613 931 1658 csse
951 1591 1083 1660 inanem
1100 1600 1131 1658 et
1150 1591 1210 1658 ab·

66 1721 178 1766 sonam
200 1699 315 1790 :atqui
331 1698 404 1766 talis
425 1699 508 1766 foret
523 1699 550 1766 si
574 1697 706 1766 daretur
727 1698 919 1790 supplicatio
934 1698 969 1766 in
990 1721 1086 1766 sensu
1106 1719 1210 1791 expo-

66 1805 129 1874 sito
148 1833 154 1873 :
172 1807 298 1898 quoties
319 1806 406 1876 enim
431 1807 505 1897 quis
526 1805 623 1875 vellet
642 1805 806 1897 appellare
827 1829 847 1873 a
869 1805 1027 1874 sententia
1049 1804 1211 1895 generalis

65 1914 190 1983 Vicarii
210 1913 251 1982 ad
267 1914 477 2006 Episcopum,
495 1914 653 1982 mutando
667 1935 781 1983 vocem
800 1913 930 2005 appello
947 1913 1110 1982 invocem
1131 1937 1211 2006 sap-

57 2021 163 2114 ple'co,
181 2022 341 2090 intentum
356 2030 618 2112 consequeretur.
1130 2103 1133 2108 Ι

113 2130 272 2212 Secundo,
294 2153 445 2199 recursus
468 2129 509 2198 ad
531 2129 675 2220 judicem
699 2129 867 2198 diversum
891 2138 928 2197 ut
952 2128 1071 2221 injusta
1091 2129 1211 2220 prioris

64 2238 224 2307 sententia
245 2239 439 2327 corrigatur,
464 2259 671 2330 quocumque
693 2238 825 2306 nomine
849 2245 995 2324 vocetur,
1019 2245 1067 2304 cst
1089 2258 1167 2305 vera
1181 2245 1212 2306 et

63 2345 197 2437 proprie
219 2343 303 2412 dicta
323 2343 494 2436 appellatio
511 2369 519 2411 ι
536 2343 592 2412 sed
616 2343 807 2434 snpplicatio
828 2340 868 2410 de
890 2365 956 2434 qua
979 2343 1107 2433 egimus
1129 2343 1211 2412 nihil

62 2449 157 2520 aliud
171 2460 219 2518 est
234 2473 332 2543 qnam
349 2473 501 2518 recursus
517 2450 550 2518 in
573 2449 657 2519 dioto
673 2471 788 2538 sensu,
806 2471 885 2541 ergo
905 2457 953 2518 est
968 2471 1046 2518 vcra
1067 2450 1212 2542 appella-

62 2560 125 2627 tio.
151 2557 236 2627 Cnm
262 2581 341 2649 ergo
367 2557 579 2650 prohibeatur
606 2557 778 2649 appellatio
800 2580 820 2625 a
840 2557 972 2628 Vicurio
998 2555 1144 2648 generali
1170 2558 1210 2625 ad

62 2664 278 2756 Episcopum,
301 2665 466 2757 prohibita
486 2663 585 2732 etiam
610 2664 771 2733 censenda
794 2672 841 2732 est
865 2664 1002 2754 praelata
1020 2664 1212 2756 supplicatio

61 2782 180 2842 contra
195 2773 351 2864 injustam
367 2772 493 2842 Vicarii
509 2771 669 2862 generalis
682 2773 885 2840 sententiam.

112 2880 273 2973 Equidem
295 2879 445 2949 nonnulli
466 2880 656 2966 canonistas,
679 2882 764 2947 inter
786 2901 868 2970 quos
883 2879 1029 2970 Layman
1055 2880 1118 2971 (in
1139 2901 1210 2972 cap.

61 2991 313 3079 Nonpatumas
336 2992 368 3074 2,
391 2987 431 3056 de
453 2986 666 3070 Consuetad„
696 2987 730 3054 in
751 2989 798 3077 d),
821 2987 1063 3075 existimarunt,
1076 3001 1213 3079 propter

59 3119 248 3188 praeamara
259 3097 391 3165 illatam
405 3118 428 3163 a
445 3095 572 3164 Vinaria
586 3095 733 3186 peaeralc'
742 3095 922 3186 supplicati
926 3117 1022 3187 posse
1032 3097 1194 3188 Episcopo
1200 3121 1214 3178 ,-

60 3227 102 3273 eo
115 3203 207 3296 qaod
218 3204 340 3296 rejecta
354 3202 546 3295 appellandi
554 3204 726 3293 facultate,
740 3201 935 3270 coucedatur
945 3202 1062 3272 saltem
1076 3204 1213 3294 querelae

57 3333 122 3380 sea
137 3311 383 3404 supplicationis
397 3309 581 3378 remedium
605 3311 774 3402 (Laymau,
792 3309 862 3378 loco
878 3309 983 3400 citato)
1006 3336 1012 3377 :
1031 3309 1087 3378 scd
1109 3311 1136 3377 si
1152 3311 1213 3380 hoc

58 3418 146 3486 dicti
160 3427 306 3487 auctores
322 3417 504 3508 intelligant
524 3417 565 3486 de
580 3417 813 3509 supplicatione
830 3415 977 3486 adhunc
997 3415 1159 3504 ellectum,
1178 3425 1215 3486 nt

61 3526 248 3618 Episcopus
268 3525 395 3596 Vicanii
410 3526 462 3594 sui
477 3525 682 3614 sententiam,
704 3546 770 3593 non
786 3533 946 3617 quatenns
966 3524 1036 3616 ipsc
1048 3523 1123 3614 jure
1138 3524 1214 3593 nul·

57 3635 146 3719 lam,
170 3632 227 3701 sed
248 3645 413 3724 qaateaas
435 3633 597 3722 injustam
618 3633 759 3721 corrigat
778 3653 814 3699 ac
838 3639 978 3718 revocet,
1004 3631 1112 3700 minus
1127 3639 1212 3699 recte

56 3763 138 3810 rem
153 3739 364 3828 intellexisse,
381 3748 478 3831 atque
494 3740 528 3807 in
544 3739 605 3807 hoc
619 3736 868 3831 derelinquendi
890 3738 1055 3808 videntur.

110 3846 153 3916 Si
167 3859 275 3916 autem
299 3869 377 3916 vcra
390 3847 431 3914 sit
444 3869 543 3938 qnam
558 3847 773 3914 sustinuimus
793 3846 964 3931 sententia,
981 3845 1127 3938 sequitur
1143 3868 1214 3915 me-

55 3956 131 4026 rito
151 3955 244 4046 queri
265 3977 358 4046 posse
374 3954 675 4046 Archicpiscopum,
702 3963 733 4021 et
756 3953 997 4044 suffraganeum
1021 3955 1055 4022 in
1076 3954 1131 4047 jus
1154 3978 1214 4024 vo·

55 4085 156 4149 care,
177 4064 205 4130 si
228 4063 257 4131 is
278 4085 337 4155 per
360 4063 460 4149 viam,
487 4085 544 4132 scu
564 4064 673 4155 potins
694 4064 756 4132 sub
771 4071 933 4155 praetextu
955 4061 1211 4155 supplicationis,

54 4176 241 4257 cognoscat
263 4167 304 4236 dc
326 4168 493 4236 sententiis
507 4167 634 4237 Vicarii
649 4169 700 4236 sui
722 4169 897 4258 generalis,
914 4167 955 4238 ad
971 4167 1120 4238 ellectum
1137 4191 1213 4262 pro·

55 4273 243 4346 nuntiandi
260 4273 300 4344 dc
323 4296 435 4344 earum
459 4274 625 4365 injustitia.
653 4276 735 4346 Cum
761 4277 849 4345 enim
869 4285 993 4348 aeuum
1015 4277 1056 4346 sit
1078 4277 1214 4347 omnino
