<?xml version="1.0" encoding="UTF-8"?>
<!DOCTYPE html PUBLIC "-//W3C//DTD XHTML 1.0 Transitional//EN"
    "http://www.w3.org/TR/xhtml1/DTD/xhtml1-transitional.dtd">
<html xmlns="http://www.w3.org/1999/xhtml" xml:lang="en" lang="en">
 <head>
  <title>
</title>
<meta http-equiv="Content-Type" content="text/html;charset=utf-8" />
  <meta name='ocr-system' content='tesseract 3.04.00' />
  <meta name='ocr-capabilities' content='ocr_page ocr_carea ocr_par ocr_line ocrx_word'/>
</head>
<body>
  <div class='ocr_page' id='page_1' title='image "./tractatusdejudi01goog_0276.png"; bbox 0 0 3032 4976; ppageno 0'>
   <div class='ocr_carea' id='block_1_1' title="bbox 543 496 1214 560">
    <p class='ocr_par' dir='ltr' id='par_1_1' title="bbox 543 496 1214 560">
     <span class='ocr_line' id='line_1_1' title="bbox 543 496 1214 560; baseline 0.006 -4"><span class='ocrx_word' id='word_1_1' title='bbox 543 511 616 556; x_wconf 81' lang='lat' dir='ltr'>rans</span> <span class='ocrx_word' id='word_1_2' title='bbox 638 511 742 557; x_wconf 78' lang='lat' dir='ltr'>narni.</span> <span class='ocrx_word' id='word_1_3' title='bbox 1152 496 1214 560; x_wconf 80' lang='lat'>265</span> 
     </span>
    </p>
   </div>
   <div class='ocr_carea' id='block_1_2' title="bbox 75 630 1217 1158">
    <p class='ocr_par' dir='ltr' id='par_1_2' title="bbox 75 630 1217 1158">
     <span class='ocr_line' id='line_1_2' title="bbox 76 630 1216 722; baseline 0.006 -22"><span class='ocrx_word' id='word_1_4' title='bbox 76 638 143 716; x_wconf 91' lang='lat' dir='ltr'>tur,</span> <span class='ocrx_word' id='word_1_5' title='bbox 162 630 255 699; x_wconf 88' lang='lat' dir='ltr'>liceat</span> <span class='ocrx_word' id='word_1_6' title='bbox 274 630 356 700; x_wconf 91' lang='lat' dir='ltr'>mihi</span> <span class='ocrx_word' id='word_1_7' title='bbox 380 630 462 702; x_wconf 87' lang='lat' dir='ltr'>duas</span> <span class='ocrx_word' id='word_1_8' title='bbox 481 632 552 702; x_wconf 86' lang='lat' dir='ltr'>illas</span> <span class='ocrx_word' id='word_1_9' title='bbox 573 632 690 704; x_wconf 89' lang='lat' dir='ltr'>classes</span> <span class='ocrx_word' id='word_1_10' title='bbox 712 633 974 722; x_wconf 75' lang='lat' dir='ltr'>Ordinatiorum,</span> <span class='ocrx_word' id='word_1_11' title='bbox 997 637 1058 706; x_wconf 84' lang='lat' dir='ltr'>cub</span> <span class='ocrx_word' id='word_1_12' title='bbox 1084 638 1216 708; x_wconf 91' lang='lat' dir='ltr'>nomine</span> 
     </span>
     <span class='ocr_line' id='line_1_3' title="bbox 76 739 1215 838; baseline 0.007 -32"><span class='ocrx_word' id='word_1_13' title='bbox 76 739 330 808; x_wconf 80' lang='lat' dir='ltr'>territoriolc&#39;um</span> <span class='ocrx_word' id='word_1_14' title='bbox 353 747 384 807; x_wconf 93' lang='lat' dir='ltr'>et</span> <span class='ocrx_word' id='word_1_15' title='bbox 408 741 743 810; x_wconf 72' lang='lat' dir='ltr'>aon-territorialium</span> <span class='ocrx_word' id='word_1_16' title='bbox 765 742 959 834; x_wconf 81' lang='lat' dir='ltr'>designare:</span> <span class='ocrx_word' id='word_1_17' title='bbox 978 744 1022 814; x_wconf 90' lang='lat' dir='ltr'>ita</span> <span class='ocrx_word' id='word_1_18' title='bbox 1042 767 1159 838; x_wconf 82' lang='lat' dir='ltr'><strong>nempe</strong></span> <span class='ocrx_word' id='word_1_19' title='bbox 1179 755 1215 815; x_wconf 91' lang='lat' dir='ltr'>ut</span> 
     </span>
     <span class='ocr_line' id='line_1_4' title="bbox 76 845 1215 943; baseline 0.008 -30"><span class='ocrx_word' id='word_1_20' title='bbox 76 846 370 916; x_wconf 88' lang='lat' dir='ltr'>non-territoriales</span> <span class='ocrx_word' id='word_1_21' title='bbox 386 845 535 917; x_wconf 88' lang='lat' dir='ltr'>dicantur</span> <span class='ocrx_word' id='word_1_22' title='bbox 549 847 689 940; x_wconf 87' lang='lat' dir='ltr'>judices,</span> <span class='ocrx_word' id='word_1_23' title='bbox 706 872 846 941; x_wconf 91' lang='lat' dir='ltr'>quorum</span> <span class='ocrx_word' id='word_1_24' title='bbox 864 849 1046 943; x_wconf 85' lang='lat' dir='ltr'>jurisdictio</span> <span class='ocrx_word' id='word_1_25' title='bbox 1066 853 1107 921; x_wconf 90' lang='lat' dir='ltr'>ab</span> <span class='ocrx_word' id='word_1_26' title='bbox 1125 855 1215 922; x_wconf 91' lang='lat' dir='ltr'>omni</span> 
     </span>
     <span class='ocr_line' id='line_1_5' title="bbox 76 952 1217 1052; baseline 0.01 -32"><span class='ocrx_word' id='word_1_27' title='bbox 76 952 231 1022; x_wconf 88' lang='lat' dir='ltr'>territorii</span> <span class='ocrx_word' id='word_1_28' title='bbox 261 952 455 1024; x_wconf 77' lang='lat' dir='ltr'>limitatione</span> <span class='ocrx_word' id='word_1_29' title='bbox 480 955 582 1024; x_wconf 89' lang='lat' dir='ltr'>libera</span> <span class='ocrx_word' id='word_1_30' title='bbox 608 965 673 1043; x_wconf 89' lang='lat' dir='ltr'>est;</span> <span class='ocrx_word' id='word_1_31' title='bbox 702 957 910 1026; x_wconf 89' lang='lat' dir='ltr'>territoriales</span> <span class='ocrx_word' id='word_1_32' title='bbox 936 981 1026 1049; x_wconf 89' lang='lat' dir='ltr'>vero,</span> <span class='ocrx_word' id='word_1_33' title='bbox 1049 960 1106 1052; x_wconf 88' lang='lat' dir='ltr'>qui</span> <span class='ocrx_word' id='word_1_34' title='bbox 1131 961 1217 1031; x_wconf 89' lang='lat' dir='ltr'>iutra</span> 
     </span>
     <span class='ocr_line' id='line_1_6' title="bbox 75 1063 1216 1158; baseline 0.007 -28"><span class='ocrx_word' id='word_1_35' title='bbox 75 1071 180 1130; x_wconf 87' lang='lat' dir='ltr'>certos</span> <span class='ocrx_word' id='word_1_36' title='bbox 195 1063 351 1132; x_wconf 88' lang='lat' dir='ltr'>territorii</span> <span class='ocrx_word' id='word_1_37' title='bbox 365 1065 447 1132; x_wconf 87' lang='lat' dir='ltr'>lines</span> <span class='ocrx_word' id='word_1_38' title='bbox 462 1064 516 1155; x_wconf 86' lang='lat' dir='ltr'>jus</span> <span class='ocrx_word' id='word_1_39' title='bbox 536 1065 659 1132; x_wconf 91' lang='lat' dir='ltr'>dicunt.</span> <span class='ocrx_word' id='word_1_40' title='bbox 675 1066 722 1132; x_wconf 81' lang='lat' dir='ltr'>lle</span> <span class='ocrx_word' id='word_1_41' title='bbox 740 1066 887 1158; x_wconf 88' lang='lat' dir='ltr'>utrisque</span> <span class='ocrx_word' id='word_1_42' title='bbox 902 1075 1009 1136; x_wconf 85' lang='lat' dir='ltr'>cutem</span> <span class='ocrx_word' id='word_1_43' title='bbox 1024 1068 1216 1138; x_wconf 87' lang='lat' dir='ltr'>resolvenda</span> 
     </span>
    </p>
   </div>
   <div class='ocr_carea' id='block_1_3' title="bbox 77 1170 1214 1369">
    <p class='ocr_par' dir='ltr' id='par_1_3' title="bbox 77 1170 1214 1369">
     <span class='ocr_line' id='line_1_7' title="bbox 77 1170 1214 1269; baseline 0.006 -31"><span class='ocrx_word' id='word_1_44' title='bbox 77 1170 168 1238; x_wconf 88' lang='lat' dir='ltr'>venit</span> <span class='ocrx_word' id='word_1_45' title='bbox 186 1171 336 1261; x_wconf 72' lang='lat' dir='ltr'>questio,</span> <span class='ocrx_word' id='word_1_46' title='bbox 353 1172 517 1262; x_wconf 88' lang='lat' dir='ltr'>quomodo</span> <span class='ocrx_word' id='word_1_47' title='bbox 542 1172 688 1262; x_wconf 76' lang='lat' dir='ltr'>dignosci</span> <span class='ocrx_word' id='word_1_48' title='bbox 710 1173 809 1264; x_wconf 77' lang='lat' dir='ltr'>possit</span> <span class='ocrx_word' id='word_1_49' title='bbox 830 1196 942 1242; x_wconf 90' lang='lat' dir='ltr'>eorum</span> <span class='ocrx_word' id='word_1_50' title='bbox 965 1174 1002 1244; x_wconf 93' lang='lat' dir='ltr'>in</span> <span class='ocrx_word' id='word_1_51' title='bbox 1021 1198 1214 1269; x_wconf 85' lang='lat' dir='ltr'>unaquaque</span> 
     </span>
     <span class='ocr_line' id='line_1_8' title="bbox 77 1278 418 1369; baseline 0.012 -25"><span class='ocrx_word' id='word_1_52' title='bbox 77 1299 175 1346; x_wconf 87' lang='lat' dir='ltr'>causa</span> <span class='ocrx_word' id='word_1_53' title='bbox 190 1278 418 1369; x_wconf 86' lang='lat' dir='ltr'>competentia.</span> 
     </span>
    </p>
   </div>
   <div class='ocr_carea' id='block_1_4' title="bbox 545 1549 751 1602">
    <p class='ocr_par' dir='ltr' id='par_1_4' title="bbox 545 1549 751 1602">
     <span class='ocr_line' id='line_1_9' title="bbox 545 1549 751 1602; baseline -0.005 0"><span class='ocrx_word' id='word_1_54' title='bbox 545 1549 715 1602; x_wconf 77' lang='lat' dir='ltr'>tenentos</span> <span class='ocrx_word' id='word_1_55' title='bbox 731 1553 751 1601; x_wconf 93' lang='lat' dir='ltr'>l.</span> 
     </span>
    </p>
   </div>
   <div class='ocr_carea' id='block_1_5' title="bbox 77 1689 1218 1838">
    <p class='ocr_par' dir='ltr' id='par_1_5' title="bbox 77 1689 1218 1838">
     <span class='ocr_line' id='line_1_10' title="bbox 77 1689 1218 1758; baseline 0.004 -19"><span class='ocrx_word' id='word_1_56' title='bbox 77 1689 213 1748; x_wconf 79' lang='lat' dir='ltr'>Quomodo</span> <span class='ocrx_word' id='word_1_57' title='bbox 228 1689 347 1756; x_wconf 75' lang='lat' dir='ltr'>dignosci</span> <span class='ocrx_word' id='word_1_58' title='bbox 363 1694 441 1756; x_wconf 83' lang='lat' dir='ltr'>queat</span> <span class='ocrx_word' id='word_1_59' title='bbox 452 1695 539 1744; x_wconf 87' lang='lat' dir='ltr'>utrum</span> <span class='ocrx_word' id='word_1_60' title='bbox 555 1691 647 1756; x_wconf 81' lang='lat' dir='ltr'>aliqms</span> <span class='ocrx_word' id='word_1_61' title='bbox 661 1693 886 1744; x_wconf 82' lang='lat' dir='ltr'>non-territortalts</span> <span class='ocrx_word' id='word_1_62' title='bbox 900 1692 1049 1746; x_wconf 79' lang='lat' dir='ltr'>ordinarius</span> <span class='ocrx_word' id='word_1_63' title='bbox 1067 1697 1218 1758; x_wconf 87' lang='lat' dir='ltr'>competens</span> 
     </span>
     <span class='ocr_line' id='line_1_11' title="bbox 512 1770 789 1838; baseline 0.004 -15"><span class='ocrx_word' id='word_1_64' title='bbox 512 1770 545 1824; x_wconf 84' lang='lat' dir='ltr'>sit</span> <span class='ocrx_word' id='word_1_65' title='bbox 560 1772 588 1823; x_wconf 87' lang='lat' dir='ltr'>in</span> <span class='ocrx_word' id='word_1_66' title='bbox 603 1773 688 1838; x_wconf 74' lang='lat' dir='ltr'>eliqua</span> <span class='ocrx_word' id='word_1_67' title='bbox 704 1787 789 1826; x_wconf 75' lang='lat' dir='ltr'>cause</span> 
     </span>
    </p>
   </div>
   <div class='ocr_carea' id='block_1_6' title="bbox 79 1985 1218 2506">
    <p class='ocr_par' dir='ltr' id='par_1_6' title="bbox 79 1985 1218 2506">
     <span class='ocr_line' id='line_1_12' title="bbox 122 1985 1217 2080; baseline 0.005 -26"><span class='ocrx_word' id='word_1_68' title='bbox 122 1985 260 2069; x_wconf 80' lang='lat' dir='ltr'>Quando</span> <span class='ocrx_word' id='word_1_69' title='bbox 275 1987 386 2076; x_wconf 78' lang='lat' dir='ltr'>agitur</span> <span class='ocrx_word' id='word_1_70' title='bbox 401 1987 441 2056; x_wconf 89' lang='lat' dir='ltr'>de</span> <span class='ocrx_word' id='word_1_71' title='bbox 455 1988 494 2056; x_wconf 89' lang='lat' dir='ltr'>iis</span> <span class='ocrx_word' id='word_1_72' title='bbox 508 1989 731 2079; x_wconf 88' lang='lat' dir='ltr'>superioribus</span> <span class='ocrx_word' id='word_1_73' title='bbox 746 1990 804 2080; x_wconf 91' lang='lat' dir='ltr'>qui</span> <span class='ocrx_word' id='word_1_74' title='bbox 820 1989 1081 2080; x_wconf 81' lang='lat' dir='ltr'>jurisdictionem</span> <span class='ocrx_word' id='word_1_75' title='bbox 1099 1991 1217 2060; x_wconf 89' lang='lat' dir='ltr'>habent</span> 
     </span>
     <span class='ocr_line' id='line_1_13' title="bbox 79 2093 1218 2187; baseline 0.005 -27"><span class='ocrx_word' id='word_1_76' title='bbox 79 2093 305 2162; x_wconf 84' lang='lat' dir='ltr'>atcrritoriali</span> <span class='ocrx_word' id='word_1_77' title='bbox 330 2095 628 2185; x_wconf 78' lang='lat' dir='ltr'>circumscriptione</span> <span class='ocrx_word' id='word_1_78' title='bbox 657 2096 806 2182; x_wconf 83' lang='lat' dir='ltr'>liberam,</span> <span class='ocrx_word' id='word_1_79' title='bbox 834 2097 927 2165; x_wconf 90' lang='lat' dir='ltr'>facile</span> <span class='ocrx_word' id='word_1_80' title='bbox 954 2106 1002 2166; x_wconf 89' lang='lat' dir='ltr'>est</span> <span class='ocrx_word' id='word_1_81' title='bbox 1030 2097 1218 2187; x_wconf 78' lang='lat' dir='ltr'>dignoscere</span> 
     </span>
     <span class='ocr_line' id='line_1_14' title="bbox 80 2201 1218 2297; baseline 0.004 -29"><span class='ocrx_word' id='word_1_82' title='bbox 80 2210 190 2268; x_wconf 90' lang='lat' dir='ltr'>utrum</span> <span class='ocrx_word' id='word_1_83' title='bbox 207 2202 241 2268; x_wconf 91' lang='lat' dir='ltr'>in</span> <span class='ocrx_word' id='word_1_84' title='bbox 256 2201 312 2270; x_wconf 88' lang='lat' dir='ltr'>tali</span> <span class='ocrx_word' id='word_1_85' title='bbox 326 2201 377 2270; x_wconf 89' lang='lat' dir='ltr'>vel</span> <span class='ocrx_word' id='word_1_86' title='bbox 394 2201 449 2269; x_wconf 86' lang='lat' dir='ltr'>teli</span> <span class='ocrx_word' id='word_1_87' title='bbox 465 2224 562 2270; x_wconf 87' lang='lat' dir='ltr'>causa</span> <span class='ocrx_word' id='word_1_88' title='bbox 576 2211 792 2294; x_wconf 74' lang='lat' dir='ltr'>competentes</span> <span class='ocrx_word' id='word_1_89' title='bbox 807 2203 882 2271; x_wconf 87' lang='lat' dir='ltr'>sint.</span> <span class='ocrx_word' id='word_1_90' title='bbox 899 2202 1087 2273; x_wconf 87' lang='lat' dir='ltr'>Videndum</span> <span class='ocrx_word' id='word_1_91' title='bbox 1103 2227 1218 2297; x_wconf 88' lang='lat' dir='ltr'>nempe</span> 
     </span>
     <span class='ocr_line' id='line_1_15' title="bbox 79 2307 1218 2400; baseline 0.005 -28"><span class='ocrx_word' id='word_1_92' title='bbox 79 2316 124 2372; x_wconf 91' lang='lat' dir='ltr'>est</span> <span class='ocrx_word' id='word_1_93' title='bbox 151 2317 263 2376; x_wconf 90' lang='lat' dir='ltr'>utrum</span> <span class='ocrx_word' id='word_1_94' title='bbox 292 2328 453 2398; x_wconf 71' lang='lat' dir='ltr'>persone,</span> <span class='ocrx_word' id='word_1_95' title='bbox 480 2307 672 2400; x_wconf 83' lang='lat' dir='ltr'>intorques</span> <span class='ocrx_word' id='word_1_96' title='bbox 700 2331 799 2376; x_wconf 83' lang='lat' dir='ltr'>causo</span> <span class='ocrx_word' id='word_1_97' title='bbox 827 2309 884 2376; x_wconf 89' lang='lat' dir='ltr'>illa</span> <span class='ocrx_word' id='word_1_98' title='bbox 908 2311 1060 2395; x_wconf 86' lang='lat' dir='ltr'>vertitur,</span> <span class='ocrx_word' id='word_1_99' title='bbox 1089 2310 1153 2378; x_wconf 91' lang='lat' dir='ltr'>sint</span> <span class='ocrx_word' id='word_1_100' title='bbox 1179 2311 1218 2378; x_wconf 90' lang='lat' dir='ltr'>de</span> 
     </span>
     <span class='ocr_line' id='line_1_16' title="bbox 80 2413 1218 2506; baseline 0.006 -28"><span class='ocrx_word' id='word_1_101' title='bbox 80 2435 217 2481; x_wconf 87' lang='lat' dir='ltr'>numero</span> <span class='ocrx_word' id='word_1_102' title='bbox 232 2435 357 2501; x_wconf 89' lang='lat' dir='ltr'>earum,</span> <span class='ocrx_word' id='word_1_103' title='bbox 376 2413 411 2482; x_wconf 89' lang='lat' dir='ltr'>iu</span> <span class='ocrx_word' id='word_1_104' title='bbox 425 2437 507 2505; x_wconf 88' lang='lat' dir='ltr'>quas</span> <span class='ocrx_word' id='word_1_105' title='bbox 520 2413 599 2483; x_wconf 90' lang='lat' dir='ltr'>dicti</span> <span class='ocrx_word' id='word_1_106' title='bbox 616 2416 799 2506; x_wconf 84' lang='lat' dir='ltr'>superiores</span> <span class='ocrx_word' id='word_1_107' title='bbox 817 2415 1076 2506; x_wconf 88' lang='lat' dir='ltr'>jurisdictionem</span> <span class='ocrx_word' id='word_1_108' title='bbox 1090 2416 1124 2483; x_wconf 89' lang='lat' dir='ltr'>vi</span> <span class='ocrx_word' id='word_1_109' title='bbox 1144 2439 1218 2485; x_wconf 92' lang='lat' dir='ltr'>mu-</span> 
     </span>
    </p>
   </div>
   <div class='ocr_carea' id='block_1_7' title="bbox 77 2519 1219 3017">
    <p class='ocr_par' dir='ltr' id='par_1_7' title="bbox 77 2519 1219 3017">
     <span class='ocr_line' id='line_1_17' title="bbox 80 2519 1219 2613; baseline 0.004 -27"><span class='ocrx_word' id='word_1_110' title='bbox 80 2519 168 2587; x_wconf 92' lang='lat' dir='ltr'>neris</span> <span class='ocrx_word' id='word_1_111' title='bbox 190 2520 242 2587; x_wconf 91' lang='lat' dir='ltr'>sui</span> <span class='ocrx_word' id='word_1_112' title='bbox 268 2519 404 2600; x_wconf 87' lang='lat' dir='ltr'>habeut;</span> <span class='ocrx_word' id='word_1_113' title='bbox 427 2531 458 2589; x_wconf 90' lang='lat' dir='ltr'>et</span> <span class='ocrx_word' id='word_1_114' title='bbox 481 2522 615 2612; x_wconf 90' lang='lat' dir='ltr'>insuper</span> <span class='ocrx_word' id='word_1_115' title='bbox 638 2529 749 2588; x_wconf 89' lang='lat' dir='ltr'>utrum</span> <span class='ocrx_word' id='word_1_116' title='bbox 775 2543 872 2588; x_wconf 86' lang='lat' dir='ltr'>causa</span> <span class='ocrx_word' id='word_1_117' title='bbox 895 2521 966 2613; x_wconf 88' lang='lat' dir='ltr'>ipsa</span> <span class='ocrx_word' id='word_1_118' title='bbox 983 2523 1024 2590; x_wconf 85' lang='lat' dir='ltr'>ait</span> <span class='ocrx_word' id='word_1_119' title='bbox 1050 2522 1090 2589; x_wconf 90' lang='lat' dir='ltr'>de</span> <span class='ocrx_word' id='word_1_120' title='bbox 1113 2523 1219 2612; x_wconf 89' lang='lat' dir='ltr'>specie</span> 
     </span>
     <span class='ocr_line' id='line_1_18' title="bbox 79 2627 1219 2719; baseline 0.002 -25"><span class='ocrx_word' id='word_1_121' title='bbox 79 2649 285 2718; x_wconf 84' lang='lat' dir='ltr'>eorumquae</span> <span class='ocrx_word' id='word_1_122' title='bbox 309 2628 498 2696; x_wconf 88' lang='lat' dir='ltr'>eorumdem</span> <span class='ocrx_word' id='word_1_123' title='bbox 520 2629 725 2719; x_wconf 89' lang='lat' dir='ltr'>superiorum</span> <span class='ocrx_word' id='word_1_124' title='bbox 747 2627 964 2719; x_wconf 80' lang='lat' dir='ltr'>jurisdictioni</span> <span class='ocrx_word' id='word_1_125' title='bbox 985 2628 1118 2696; x_wconf 85' lang='lat' dir='ltr'>luerunt</span> <span class='ocrx_word' id='word_1_126' title='bbox 1136 2629 1219 2696; x_wconf 87' lang='lat' dir='ltr'>sub-</span> 
     </span>
     <span class='ocr_line' id='line_1_19' title="bbox 77 2732 1215 2825; baseline 0 -23"><span class='ocrx_word' id='word_1_127' title='bbox 77 2734 181 2823; x_wconf 85' lang='lat' dir='ltr'>jectae.</span> <span class='ocrx_word' id='word_1_128' title='bbox 197 2732 278 2815; x_wconf 82' lang='lat' dir='ltr'>Qua</span> <span class='ocrx_word' id='word_1_129' title='bbox 291 2733 367 2802; x_wconf 81' lang='lat' dir='ltr'>duae</span> <span class='ocrx_word' id='word_1_130' title='bbox 378 2733 581 2802; x_wconf 89' lang='lat' dir='ltr'>conditiones</span> <span class='ocrx_word' id='word_1_131' title='bbox 592 2735 619 2801; x_wconf 86' lang='lat' dir='ltr'>si</span> <span class='ocrx_word' id='word_1_132' title='bbox 636 2733 857 2820; x_wconf 89' lang='lat' dir='ltr'>verifioentur,</span> <span class='ocrx_word' id='word_1_133' title='bbox 868 2735 972 2803; x_wconf 88' lang='lat' dir='ltr'>aderit</span> <span class='ocrx_word' id='word_1_134' title='bbox 983 2737 1215 2825; x_wconf 89' lang='lat' dir='ltr'>competentia:</span> 
     </span>
     <span class='ocr_line' id='line_1_20' title="bbox 81 2840 1219 2934; baseline 0.004 -27"><span class='ocrx_word' id='word_1_135' title='bbox 81 2841 108 2908; x_wconf 87' lang='lat' dir='ltr'>si</span> <span class='ocrx_word' id='word_1_136' title='bbox 137 2863 217 2909; x_wconf 83' lang='lat' dir='ltr'>vero</span> <span class='ocrx_word' id='word_1_137' title='bbox 244 2841 349 2910; x_wconf 83' lang='lat' dir='ltr'>ambae</span> <span class='ocrx_word' id='word_1_138' title='bbox 379 2840 430 2910; x_wconf 86' lang='lat' dir='ltr'>vel</span> <span class='ocrx_word' id='word_1_139' title='bbox 458 2841 613 2910; x_wconf 86' lang='lat' dir='ltr'>alterutra</span> <span class='ocrx_word' id='word_1_140' title='bbox 649 2841 816 2928; x_wconf 87' lang='lat' dir='ltr'>deficient,</span> <span class='ocrx_word' id='word_1_141' title='bbox 848 2852 880 2911; x_wconf 90' lang='lat' dir='ltr'>et</span> <span class='ocrx_word' id='word_1_142' title='bbox 910 2844 979 2933; x_wconf 91' lang='lat' dir='ltr'>ipsa</span> <span class='ocrx_word' id='word_1_143' title='bbox 1006 2844 1219 2934; x_wconf 88' lang='lat' dir='ltr'>competentia</span> 
     </span>
     <span class='ocr_line' id='line_1_21' title="bbox 82 2947 193 3017; baseline 0.045 -5"><span class='ocrx_word' id='word_1_144' title='bbox 82 2947 193 3017; x_wconf 90' lang='lat' dir='ltr'>deerit.</span> 
     </span>
    </p>
   </div>
   <div class='ocr_carea' id='block_1_8' title="bbox 82 3063 1221 3900">
    <p class='ocr_par' dir='ltr' id='par_1_8' title="bbox 82 3063 1221 3900">
     <span class='ocr_line' id='line_1_22' title="bbox 124 3063 1219 3156; baseline 0.002 -23"><span class='ocrx_word' id='word_1_145' title='bbox 124 3063 217 3133; x_wconf 92' lang='lat' dir='ltr'>Unde</span> <span class='ocrx_word' id='word_1_146' title='bbox 231 3063 338 3154; x_wconf 87' lang='lat' dir='ltr'>quoad</span> <span class='ocrx_word' id='word_1_147' title='bbox 352 3063 513 3155; x_wconf 88' lang='lat' dir='ltr'>ejusmodi</span> <span class='ocrx_word' id='word_1_148' title='bbox 525 3064 649 3155; x_wconf 86' lang='lat' dir='ltr'>judices</span> <span class='ocrx_word' id='word_1_149' title='bbox 664 3065 825 3134; x_wconf 76' lang='lat' dir='ltr'>evanescit</span> <span class='ocrx_word' id='word_1_150' title='bbox 844 3065 1013 3156; x_wconf 85' lang='lat' dir='ltr'>multiplex</span> <span class='ocrx_word' id='word_1_151' title='bbox 1030 3067 1115 3133; x_wconf 89' lang='lat' dir='ltr'>circa</span> <span class='ocrx_word' id='word_1_152' title='bbox 1130 3089 1219 3135; x_wconf 91' lang='lat' dir='ltr'>corn·</span> 
     </span>
     <span class='ocr_line' id='line_1_23' title="bbox 83 3170 1220 3261; baseline 0.002 -23"><span class='ocrx_word' id='word_1_153' title='bbox 83 3171 253 3260; x_wconf 82' lang='lat' dir='ltr'>potentiam</span> <span class='ocrx_word' id='word_1_154' title='bbox 281 3170 468 3256; x_wconf 86' lang='lat' dir='ltr'>difficultas,</span> <span class='ocrx_word' id='word_1_155' title='bbox 486 3194 561 3261; x_wconf 75' lang='lat' dir='ltr'>quae</span> <span class='ocrx_word' id='word_1_156' title='bbox 578 3171 682 3240; x_wconf 89' lang='lat' dir='ltr'>oritur</span> <span class='ocrx_word' id='word_1_157' title='bbox 699 3194 740 3240; x_wconf 85' lang='lat' dir='ltr'>ex</span> <span class='ocrx_word' id='word_1_158' title='bbox 755 3172 1004 3241; x_wconf 82' lang='lat' dir='ltr'>circumstantiis</span> <span class='ocrx_word' id='word_1_159' title='bbox 1019 3172 1096 3248; x_wconf 74' lang='lat' dir='ltr'>loci:</span> <span class='ocrx_word' id='word_1_160' title='bbox 1113 3173 1220 3240; x_wconf 91' lang='lat' dir='ltr'>domi-</span> 
     </span>
     <span class='ocr_line' id='line_1_24' title="bbox 83 3277 1219 3369; baseline 0.004 -25"><span class='ocrx_word' id='word_1_161' title='bbox 83 3277 147 3345; x_wconf 89' lang='lat' dir='ltr'>cilii</span> <span class='ocrx_word' id='word_1_162' title='bbox 160 3299 288 3368; x_wconf 86' lang='lat' dir='ltr'>nempe,</span> <span class='ocrx_word' id='word_1_163' title='bbox 300 3284 332 3344; x_wconf 89' lang='lat' dir='ltr'>et</span> <span class='ocrx_word' id='word_1_164' title='bbox 346 3277 409 3345; x_wconf 92' lang='lat' dir='ltr'>loci</span> <span class='ocrx_word' id='word_1_165' title='bbox 422 3277 457 3344; x_wconf 92' lang='lat' dir='ltr'>in</span> <span class='ocrx_word' id='word_1_166' title='bbox 470 3300 536 3369; x_wconf 91' lang='lat' dir='ltr'>quo</span> <span class='ocrx_word' id='word_1_167' title='bbox 551 3279 603 3347; x_wconf 86' lang='lat' dir='ltr'>vel</span> <span class='ocrx_word' id='word_1_168' title='bbox 621 3301 672 3346; x_wconf 88' lang='lat' dir='ltr'>res</span> <span class='ocrx_word' id='word_1_169' title='bbox 688 3279 761 3364; x_wconf 86' lang='lat' dir='ltr'>sito,</span> <span class='ocrx_word' id='word_1_170' title='bbox 772 3279 824 3347; x_wconf 89' lang='lat' dir='ltr'>vel</span> <span class='ocrx_word' id='word_1_171' title='bbox 836 3289 946 3368; x_wconf 83' lang='lat' dir='ltr'>gestus</span> <span class='ocrx_word' id='word_1_172' title='bbox 960 3287 1156 3365; x_wconf 88' lang='lat' dir='ltr'>contractus,</span> <span class='ocrx_word' id='word_1_173' title='bbox 1166 3281 1219 3348; x_wconf 89' lang='lat' dir='ltr'>vel</span> 
     </span>
     <span class='ocr_line' id='line_1_25' title="bbox 84 3382 1219 3476; baseline 0.002 -26"><span class='ocrx_word' id='word_1_174' title='bbox 84 3393 243 3472; x_wconf 80' lang='lat' dir='ltr'>patrumm</span> <span class='ocrx_word' id='word_1_175' title='bbox 259 3382 411 3451; x_wconf 90' lang='lat' dir='ltr'>delictum</span> <span class='ocrx_word' id='word_1_176' title='bbox 425 3391 485 3450; x_wconf 90' lang='lat' dir='ltr'>est.</span> <span class='ocrx_word' id='word_1_177' title='bbox 503 3382 572 3450; x_wconf 80' lang='lat' dir='ltr'>lllae</span> <span class='ocrx_word' id='word_1_178' title='bbox 587 3383 674 3450; x_wconf 92' lang='lat' dir='ltr'>euim</span> <span class='ocrx_word' id='word_1_179' title='bbox 701 3385 951 3452; x_wconf 72' lang='lat' dir='ltr'>circumstantie</span> <span class='ocrx_word' id='word_1_180' title='bbox 971 3387 1219 3476; x_wconf 87' lang='lat' dir='ltr'>competentiam</span> 
     </span>
     <span class='ocr_line' id='line_1_26' title="bbox 85 3488 1221 3581; baseline 0.003 -27"><span class='ocrx_word' id='word_1_181' title='bbox 85 3511 147 3556; x_wconf 91' lang='lat' dir='ltr'>non</span> <span class='ocrx_word' id='word_1_182' title='bbox 162 3488 318 3574; x_wconf 86' lang='lat' dir='ltr'>afficiunt,</span> <span class='ocrx_word' id='word_1_183' title='bbox 332 3489 394 3557; x_wconf 90' lang='lat' dir='ltr'>nisi</span> <span class='ocrx_word' id='word_1_184' title='bbox 408 3489 539 3580; x_wconf 86' lang='lat' dir='ltr'>quando</span> <span class='ocrx_word' id='word_1_185' title='bbox 552 3489 654 3580; x_wconf 84' lang='lat' dir='ltr'>judex</span> <span class='ocrx_word' id='word_1_186' title='bbox 670 3490 756 3558; x_wconf 88' lang='lat' dir='ltr'>intra</span> <span class='ocrx_word' id='word_1_187' title='bbox 772 3490 852 3558; x_wconf 87' lang='lat' dir='ltr'>lines</span> <span class='ocrx_word' id='word_1_188' title='bbox 867 3490 1004 3581; x_wconf 85' lang='lat' dir='ltr'>alicujus</span> <span class='ocrx_word' id='word_1_189' title='bbox 1016 3491 1171 3560; x_wconf 90' lang='lat' dir='ltr'>territorii</span> <span class='ocrx_word' id='word_1_190' title='bbox 1186 3491 1221 3557; x_wconf 90' lang='lat' dir='ltr'>in</span> 
     </span>
     <span class='ocr_line' id='line_1_27' title="bbox 82 3595 1220 3687; baseline 0.003 -25"><span class='ocrx_word' id='word_1_191' title='bbox 82 3595 153 3682; x_wconf 87' lang='lat' dir='ltr'>jure</span> <span class='ocrx_word' id='word_1_192' title='bbox 178 3597 320 3664; x_wconf 89' lang='lat' dir='ltr'>dicundo</span> <span class='ocrx_word' id='word_1_193' title='bbox 339 3595 603 3686; x_wconf 87' lang='lat' dir='ltr'>circumscriptus</span> <span class='ocrx_word' id='word_1_194' title='bbox 622 3605 680 3664; x_wconf 86' lang='lat' dir='ltr'>est.</span> <span class='ocrx_word' id='word_1_195' title='bbox 704 3596 789 3664; x_wconf 91' lang='lat' dir='ltr'>Hinc</span> <span class='ocrx_word' id='word_1_196' title='bbox 810 3596 917 3687; x_wconf 88' lang='lat' dir='ltr'>quoad</span> <span class='ocrx_word' id='word_1_197' title='bbox 939 3596 1065 3687; x_wconf 84' lang='lat' dir='ltr'>judiees</span> <span class='ocrx_word' id='word_1_198' title='bbox 1087 3598 1220 3665; x_wconf 86' lang='lat' dir='ltr'>territo-</span> 
     </span>
     <span class='ocr_line' id='line_1_28' title="bbox 86 3701 1218 3794; baseline 0.003 -26"><span class='ocrx_word' id='word_1_199' title='bbox 86 3701 177 3769; x_wconf 83' lang='lat' dir='ltr'>ricles</span> <span class='ocrx_word' id='word_1_200' title='bbox 196 3703 402 3793; x_wconf 89' lang='lat' dir='ltr'>potissimum</span> <span class='ocrx_word' id='word_1_201' title='bbox 424 3702 621 3770; x_wconf 88' lang='lat' dir='ltr'>instituenda</span> <span class='ocrx_word' id='word_1_202' title='bbox 641 3712 673 3769; x_wconf 92' lang='lat' dir='ltr'>et</span> <span class='ocrx_word' id='word_1_203' title='bbox 697 3702 810 3771; x_wconf 87' lang='lat' dir='ltr'>sedulo</span> <span class='ocrx_word' id='word_1_204' title='bbox 836 3703 1050 3794; x_wconf 84' lang='lat' dir='ltr'>expendenda</span> <span class='ocrx_word' id='word_1_205' title='bbox 1068 3704 1158 3772; x_wconf 85' lang='lat' dir='ltr'>venit</span> <span class='ocrx_word' id='word_1_206' title='bbox 1178 3704 1218 3771; x_wconf 92' lang='lat' dir='ltr'>de</span> 
     </span>
     <span class='ocr_line' id='line_1_29' title="bbox 86 3807 695 3900; baseline 0.005 -28"><span class='ocrx_word' id='word_1_207' title='bbox 86 3807 300 3896; x_wconf 75' lang='lat' dir='ltr'>dignoscenda</span> <span class='ocrx_word' id='word_1_208' title='bbox 318 3809 531 3900; x_wconf 86' lang='lat' dir='ltr'>competentia</span> <span class='ocrx_word' id='word_1_209' title='bbox 545 3808 695 3899; x_wconf 83' lang='lat' dir='ltr'>quaestio.</span> 
     </span>
    </p>
   </div>
   <div class='ocr_carea' id='block_1_9' title="bbox 0 0 1530 4976">
    <p class='ocr_par' dir='ltr' id='par_1_9' title="bbox 0 0 1530 4976">
     <span class='ocr_line' id='line_1_30' title="bbox 0 0 1530 4976; baseline 0 0"><span class='ocrx_word' id='word_1_210' title='bbox 0 0 1530 4976; x_wconf 95' lang='lat' dir='ltr'> </span> 
     </span>
    </p>
   </div>
  </div>
 </body>
</html>
