3046 4962
291 423 330 492 28
663 448 835 496 rnacrarus
859 449 897 494 oa
919 445 1051 495 runicus.

292 577 361 637 tum
377 593 396 637 a
411 577 563 662 potestate
582 553 776 638 decernendi
800 569 841 638 de
863 569 938 657 lide,
956 578 1026 638 tum
1040 595 1059 640 a
1075 578 1226 661 potestate
1244 566 1424 658 legislativa
1511 607 1512 640 1

291 677 376 744 circa
399 677 612 768 disciplinam,
629 687 698 746 tum
721 701 740 745 a
761 685 914 768 potestate
939 699 1091 746 censuras
1116 677 1240 746 ferendi
1263 678 1298 746 iu
1321 684 1426 746 certas
1511 689 1512 694 ’

291 784 465 853 eriminum
487 786 620 876 species.

335 891 382 958 lle
399 891 459 959 hac
478 914 556 981 ergo
575 891 747 982 judiciaria
768 892 916 962 Ecclesia
941 900 1092 984 potestate
1119 901 1267 961 movetur
1289 892 1425 983 questio
1512 941 1513 989 t

291 1021 379 1067 nnnc
395 999 597 1086 excutienda,
617 1007 725 1068 uuum
741 1023 855 1068 revera
876 1000 918 1068 ad
940 999 1113 1068 Ecclesiam
1136 999 1210 1090 jure
1234 999 1378 1090 proprio,
1394 1006 1426 1065 et
1512 1001 1513 1006 ’

289 1127 309 1171 o
336 1105 465 1174 Christo
493 1128 558 1174 non
588 1107 628 1174 ab
655 1106 841 1174 homiuibus
870 1115 1010 1197 accepto,
1036 1107 1203 1197 pertineat.
1236 1107 1321 1174 Dum
1347 1127 1425 1172 vero

287 1212 469 1280 coactivam
501 1213 568 1280 cim
594 1212 742 1281 Ecclesiae
772 1213 1036 1298 memoravimus,
1064 1222 1217 1304 tanquam
1246 1211 1425 1304 judiciariae

289 1317 391 1408 ipsius
405 1319 567 1411 potestatis
581 1319 780 1388 essentialem
795 1328 932 1410 partem,
946 1319 1063 1387 iterum
1079 1321 1129 1387 usi
1144 1341 1257 1387 sumus
1269 1318 1425 1386 vocabulo
1513 1347 1514 1396 3

288 1425 388 1492 variis
401 1425 543 1494 obnoxio
559 1426 875 1515 interpretationibus
892 1451 899 1492 ε
915 1426 1016 1516 aliqui
1031 1447 1146 1518 nempe
1165 1425 1233 1492 vim
1247 1425 1424 1493 coactivam

289 1531 441 1599 Ecclesia
459 1532 493 1600 in
509 1541 661 1625 potestate
682 1555 833 1600 censuras
858 1533 978 1601 aliasve
1002 1555 1114 1624 poenas
1136 1554 1222 1600 merc
1242 1531 1426 1624 spirituales

290 1637 496 1724 decernendi,
512 1647 606 1731 atquc
621 1641 705 1709 Reos
724 1639 911 1729 hujusmodi
925 1660 1096 1730 paenarum
1118 1639 1369 1707 comminatione
1384 1639 1425 1706 ad

290 1744 492 1812 subeundam
508 1755 540 1812 et
558 1746 781 1837 exequendam
802 1747 994 1814 sententiam
1020 1745 1233 1837 compellendi
1251 1753 1350 1813 totam
1372 1767 1426 1812 re·
1514 1763 1515 1786 ³

289 1858 426 1940 ponunt.
443 1849 633 1919 Communis
654 1861 761 1920 autem
785 1849 953 1920 doctorum
973 1851 1091 1920 seboim
1112 1851 1259 1919 doctriua
1274 1851 1425 1919 Ecclesia

289 1957 427 2048 insuper
441 1957 584 2026 vindicat
598 1981 708 2027 veram
724 1967 911 2050 potestatem
928 1961 1033 2050 poeuis
1047 1959 1144 2026 etiam
1159 1957 1379 2049 corporalibus
1394 1966 1426 2024 et
1515 2045 1516 2050 ἵ

289 2063 522 2154 temporalibus
536 2066 570 2131 in
586 2065 669 2133 Reos
685 2072 716 2132 et
731 2065 865 2133 rebelles
880 2063 1168 2132 animadvertendi.
1515 2053 1516 2082 i

334 2170 469 2239 Etiamsi
493 2172 634 2240 Ecclesia
659 2181 766 2263 posset
788 2180 913 2241 tantmn
938 2194 996 2262 per
1009 2193 1162 2239 censuras
1187 2180 1219 2238 et
1243 2171 1427 2262 spirituales

273 2281 275 2286 '
291 2299 403 2367 prensa
419 2279 603 2368 procedere,
616 2279 650 2345 iu
666 2278 867 2369 vernalique
881 2301 978 2345 sensu
991 2279 1061 2345 vim
1074 2277 1255 2346 coactivam
1269 2276 1400 2346 baberet
1415 2305 1423 2344 :

290 2383 370 2452 dum
394 2384 480 2452 enim
497 2384 600 2474 judex
616 2384 861 2470 ecclesiasticus,
878 2385 938 2451 sub
962 2406 1059 2474 poeua
1082 2383 1427 2467 excommunicationis

293 2490 397 2580 (verbi
422 2491 539 2581 gratia)
564 2491 713 2582 praecipit
741 2491 838 2559 alicui
867 2491 967 2576 fideli,
991 2497 1025 2559 ut
1050 2512 1158 2558 coram
1185 2489 1341 2557 tribunali
1367 2513 1427 2560 suo

289 2605 483 2688 compareat,
497 2599 532 2666 in
548 2620 623 2666 eum
638 2599 706 2665 vim
721 2598 896 2688 quamdam
912 2606 1080 2686 cogentem
1095 2605 1237 2682 exercet5
1251 2597 1279 2664 si
1294 2595 1427 2687 quidem

290 2702 351 2771 boc
368 2702 518 2770 modoad
531 2703 691 2794 judicium
707 2713 852 2789 vocatus,
867 2704 940 2770 licet
955 2701 1086 2771 aliunde
1102 2702 1236 2790 invitus,
1253 2703 1428 2772 elticaciter

291 2818 398 2877 mmen
413 2809 454 2876 ad
471 2831 504 2877 se
520 2809 699 2878 sistendum
716 2810 906 2902 plerumque
920 2808 1092 2878 adducitur
1110 2836 1118 2877 z
1134 2831 1207 2900 quac
1222 2810 1271 2877 vis
1285 2810 1429 2878 coactiva

291 2917 471 3006 praesertim
496 2916 613 2985 efficax
634 2939 703 2986 essa
729 2917 821 3003 solet,
838 2916 917 2984 dum
934 2918 1114 2985 contumaci
1139 2917 1256 2987 clerico
1279 2919 1428 2986 imminet

292 3044 388 3112 paena
410 3022 618 3114 depositionis
643 3023 684 3090 ab
709 3023 831 3108 alticio,
847 3021 899 3090 vel
914 3021 1105 3111 privationis
1119 3020 1278 3107 beneficii,
1296 3023 1348 3092 vel
1368 3022 1428 3090 de·

292 3129 503 3217 gradationis.
520 3131 603 3198 Hinc
617 3130 667 3198 vis
682 3129 739 3197 illa
754 3151 811 3220 per
824 3149 976 3197 censuras
997 3137 1028 3196 ct
1049 3150 1161 3220 poenas
1176 3129 1359 3219 spirituales
1371 3151 1427 3198 co·

290 3257 370 3322 gens
386 3235 530 3304 absolute
545 3237 666 3305 sufficit
680 3238 721 3305 ad
736 3237 876 3328 aliquam
894 3257 1004 3304 veram
1018 3235 1223 3327 judiciariam
1239 3243 1427 3326 potestatem

291 3341 559 3410 constituendam.
578 3343 714 3412 Probari
725 3365 802 3433 ergo
813 3352 915 3434 potest
929 3343 1079 3411 Ecclesia
1088 3342 1259 3432 judiciaria
1275 3351 1425 3435 potestas,

292 3448 507 3516 abstrahendo
523 3450 563 3516 ab
583 3451 637 3518 illa
652 3450 751 3518 altera
770 3450 961 3541 quaestione,
979 3459 1092 3517 utrum
1114 3450 1176 3540 ipsi
1200 3457 1359 3541 competat
1375 3449 1430 3540 jus

292 3565 350 3646 per
365 3556 547 3647 corporales
574 3567 606 3625 et
630 3555 821 3646 temporales
841 3577 965 3646 poenas,
982 3563 1013 3623 et
1034 3577 1101 3624 nou
1117 3564 1242 3624 tantum
1259 3578 1317 3647 per
1332 3555 1430 3647 spiri-

296 3662 408 3750 tuales,
426 3661 631 3754 procedendi.

336 3769 380 3838 Ut
395 3791 472 3857 ergo
489 3769 569 3834 tanti
586 3769 741 3836 momenti
756 3769 966 3859 questionem
989 3769 1186 3836 enucleatius
1205 3768 1429 3858 expediamus,

292 3876 417 3943 camin
441 3874 562 3966 duplex
590 3874 775 3942 membrum
797 3875 954 3943 duximus
979 3873 1213 3941 scindendam:
1233 3875 1430 3943 1⁰Ecclesire

294 3981 473 4069 generatim
499 3979 704 4047 vindicamus
730 4002 841 4048 veram
869 3980 1075 4071 judiciariam
1098 3988 1299 4070 potestatem,
1326 3980 1359 4046 id
1385 3993 1433 4049 est

295 4088 402 4155 lorum
418 4089 652 4155 contentiosum
679 4109 753 4154 cum
773 4088 881 4178 aliqua
897 4089 930 4154 vi
954 4087 1113 4173 coactiva;
1130 4087 1200 4155 sive
1216 4108 1253 4155 aa
1266 4089 1317 4154 vis
1337 4087 1433 4156 intel-

294 4193 428 4283 ligenda
452 4194 493 4261 sit
512 4194 552 4262 de
566 4194 643 4262 solis
660 4193 882 4284 spiritualibus
897 4193 1015 4285 pranis,
1032 4192 1099 4262 sive
1113 4194 1210 4262 etiam
1225 4193 1264 4262 de
1280 4215 1434 4286 corpora·
