3046 4968
267 465 328 530 136
637 487 811 532 reuerarus
835 489 873 532 ou
896 487 1027 533 runicus.

670 559 677 583 t

268 634 285 670 a
309 607 481 698 superfluis
495 610 658 700 expensis.
671 636 686 672 u
700 608 748 676 lta
759 607 906 675 Ferraria
918 607 1031 699 (verbo
1046 607 1163 686 luder,
1179 630 1211 672 a.
1232 605 1301 696 29);
1316 613 1407 674 otest

263 717 422 784 sententia
437 717 618 784 communis
634 715 814 797 doctorum,
831 723 909 784 teste
922 714 1087 784 Cardinali
1104 711 1144 782 de
1157 715 1251 800 Lugo
1265 715 1354 803 (tom.
1372 719 1404 796 2,

265 820 347 911 disp.
365 823 418 904 37,
434 843 467 888 n.
487 820 529 907 li.
547 821 630 886 ilinc
643 820 743 910 judex
761 843 937 909 agnoscens
953 843 1096 888 errorem
1112 842 1131 887 a
1146 842 1179 886 se
1195 819 1406 888 commissum

268 928 430 1017 (quamvis
445 929 514 994 sine
537 928 631 1016 gravi
650 928 755 1018 culpa)
773 929 807 995 in
824 927 1052 1019 praejudicium
1076 926 1245 1016 litigantis,
1265 933 1405 1012 tenetur,

266 1037 291 1102 si
315 1044 418 1127 potest
438 1036 517 1102 citra
538 1057 629 1102 suam
655 1036 836 1122 infamiam,
855 1035 1015 1126 impedire
1037 1059 1202 1121 errorem;
1232 1035 1406 1120 monendo,

265 1143 356 1210 verbi
383 1142 499 1231 gratia,
526 1142 649 1210 occulte
674 1153 797 1232 partem
825 1143 948 1229 lassam,
975 1149 1009 1211 ut
1035 1143 1096 1210 sibi
1120 1143 1335 1234 appellatione
1356 1143 1407 1210 rel

265 1252 329 1319 alio
343 1250 440 1318 simili
456 1249 598 1318 remedio
612 1248 758 1322 consulat
767 1277 776 1336 3
794 1251 871 1340 quia
895 1249 955 1318 hoc
976 1251 1119 1342 pertinet
1142 1249 1181 1316 ad
1199 1249 1339 1316 debitam
1355 1251 1407 1316 sui

267 1358 412 1426 niuueris
433 1357 675 1444 executionem
696 1364 727 1424 et
750 1357 827 1448 quia
851 1357 1009 1448 alioquin,
1027 1357 1066 1444 si,
1082 1357 1161 1425 dum
1179 1366 1293 1448 potest,
1310 1380 1408 1425 suurn

265 1485 410 1530 errorem
427 1483 491 1527 non
509 1461 657 1551 impedit,
675 1463 889 1552 imputabitur
905 1463 973 1553 jam
994 1464 1024 1530 ei
1043 1462 1134 1554 quasi
1157 1462 1360 1530 conservanti
1374 1461 1407 1528 id

266 1567 354 1658 quod
380 1576 511 1657 propter
527 1566 796 1636 inadverteotiam
822 1567 1050 1660 inculpabilem
1072 1568 1163 1660 prius
1186 1591 1249 1636 uon
1265 1568 1408 1658 imputa-

266 1673 362 1740 batur
381 1673 498 1762 (Lugo,
519 1673 588 1741 loco
611 1673 681 1760 cit,
698 1696 731 1741 n.
759 1674 801 1763 3).
828 1675 912 1742 Hinc
930 1701 945 1738 c
961 1676 1068 1744 ludex
1091 1697 1204 1746 carens
1227 1675 1408 1742 neccssaria

269 1808 286 1842 «
311 1781 443 1849 scientia
454 1779 494 1848 ad
505 1803 602 1848 suum
613 1781 770 1866 officium,
782 1804 846 1848 non
857 1791 960 1872 potest
970 1782 1107 1868 absolvi,
1119 1781 1180 1850 nisi
1191 1781 1274 1849 lacta
1286 1803 1408 1849 renun-

271 1915 286 1950 «
310 1887 442 1955 tiatione
457 1887 570 1974 officii,
580 1888 632 1956 vel
645 1887 707 1954 nisi
721 1887 813 1955 firme
831 1901 989 1980 proponat
1003 1888 1189 1956 renuntiare
1201 1917 1208 1967 ;
1222 1888 1299 1980 quia
1312 1911 1409 1955 nemo

270 2023 287 2058 a
311 1995 560 2086 potestretinere
571 1993 716 2063 officium
728 1995 822 2086 cujus
833 1997 945 2066 munia
959 1996 1048 2064 obire
1059 2004 1249 2086 conpotem,
1260 1996 1320 2062 uisi
1332 2018 1408 2064 cum

265 2102 286 2164 'a
310 2101 430 2172 damno
447 2101 497 2170 vel
513 2102 655 2191 periculo
672 2103 814 2193 proximi
832 2129 847 2168 >1
867 2103 1041 2193 (Ferraria,
1058 2104 1127 2172 loco
1143 2103 1251 2188 citato,
1269 2126 1302 2169 n.
1327 2105 1377 2190 31)
1398 2130 1405 2169 :

267 2209 311 2278 ita
325 2209 472 2276 doctores
485 2209 702 2276 communiter
716 2216 787 2298 post
803 2209 836 2276 S.
856 2209 1016 2278 Thomam
1029 2213 1071 2299 (2.
1092 2215 1124 2297 2,
1142 2234 1173 2302 q.
1194 2215 1248 2298 76,
1266 2233 1295 2278 a.
1315 2209 1360 2298 2).

817 2499 857 2566 ll.

543 2669 579 2716 De
596 2667 709 2716 vitandis
726 2667 896 2718 dilationibus
911 2683 960 2717 non
976 2671 1131 2718 necessariis.

315 2879 331 2916 c
355 2852 461 2922 ludex
479 2853 656 2921 mortaliter
670 2865 778 2944 peccat
801 2865 913 2924 contra
936 2878 1033 2924 suum
1056 2856 1214 2942 officium,
1230 2855 1409 2926 differendo

272 2987 287 3020 a
312 2959 405 3026 valde
428 2959 613 3027 notabiliter
635 2981 805 3028 causarum
835 2961 1072 3052 expeditionem
1096 2963 1165 3028 siue
1186 2963 1272 3053 justa
1291 2983 1406 3039 ceusa;

272 3095 287 3127 a
312 3074 484 3134 atteretur
500 3066 669 3134 restituere
690 3067 773 3156 parti
791 3066 877 3136 laesae
901 3068 1022 3136 damna
1038 3079 1068 3134 ct
1091 3091 1260 3160 expensas,
1276 3091 1351 3160 qum
1366 3092 1407 3136 cx

273 3200 289 3234 ι(
312 3173 424 3262 iniqua
438 3172 590 3240 dilatione
605 3183 723 3241 secutas
740 3183 836 3260 sunu
851 3175 928 3266 quia
940 3185 986 3242 est
1002 3197 1114 3243 aarum
1130 3174 1250 3266 injusta
1263 3197 1370 3243 causa.
1388 3203 1405 3238 n

268 3279 314 3344 lta
329 3277 475 3346 Ferraria
493 3279 603 3367 (verbo
616 3279 733 3361 ludex,
751 3303 784 3348 n.
806 3281 859 3371 32)
873 3290 904 3348 et
918 3281 1063 3350 doctores
1079 3282 1304 3350 communiter.

809 3559 865 3626 ΠΙ.

403 3730 439 3778 Dc
454 3741 503 3776 non
520 3727 674 3790 recipiendis
689 3728 834 3778 muneribus
849 3732 896 3778 ant
912 3730 1056 3780 honorariis
1071 3746 1086 3780 α
1105 3730 1278 3796 lr'tr'quntibur.

315 3921 344 3984 l.
365 3916 515 4007 Receptio
534 3937 707 3982 munerum
729 3927 777 3983 est
796 3917 960 4007 judicibus
983 3918 1149 4009 prohibita
1166 3920 1240 4010 jure
1255 3921 1408 4000 naturali,

266 4026 340 4116 jure
365 4023 476 4090 divino
502 4023 536 4090 in
561 4024 660 4090 sacris
685 4022 801 4090 litteris
825 4047 991 4116 expresso,
1017 4036 1049 4092 et
1076 4026 1151 4116 jure
1185 4027 1409 4098 ecclesiastico.

267 4133 345 4200 lure
367 4131 498 4220 quidem
520 4130 673 4213 naturali,
694 4153 768 4198 eum
798 4131 869 4222 ipsa
893 4131 975 4199 ratio
1000 4131 1097 4200 dictet
1119 4130 1153 4199 id
1169 4133 1302 4201 vetitum
1319 4135 1410 4227 judi·

267 4243 361 4314 cibus
376 4236 572 4306 censendum
587 4259 668 4321 esse,
685 4258 751 4330 quo
765 4237 907 4306 admisso
921 4247 1043 4308 eertum
1060 4247 1092 4309 et
1110 4263 1281 4310 commuue
1299 4242 1412 4310 immi-
