3030 4980
294 469 356 536 tlt
662 485 838 532 retornus
861 487 899 532 nn
922 485 1056 532 sturnus.

293 611 420 694 nititur,
438 629 607 699 nunquam
628 608 705 674 satis
727 607 932 694 inculcando,
953 606 1177 694 fundamento,
1195 627 1297 674 unam
1313 605 1441 674 censeri
1502 621 1503 674 1

292 735 463 805 personam
476 711 629 805 Episcopi
644 721 675 780 et
689 712 792 804 ipsius
809 714 944 800 Vicarii,
962 721 994 781 et
1008 720 1099 781 actus
1118 711 1240 782 Vicarii
1256 713 1381 780 censeri
1399 712 1441 778 ab
1502 801 1503 806 ἵ

290 821 450 913 Episcopo
463 827 583 909 gestos.
1208 881 1214 894 ,
1502 809 1503 820 ’

336 931 478 1010 Qunsuo
492 932 534 994 5¹.
552 965 598 978 -
615 927 666 994 An
680 925 841 1018 Episcopo
864 926 1066 1019 imputando
1087 927 1154 994 εἰπε
1172 925 1291 993 delicta
1321 925 1446 994 Vicarr'i

292 1035 463 1126 pectoralis,
490 1033 710 1101 anticaneuicc
732 1047 763 1102 et
784 1033 910 1124 injuste
934 1034 1277 1103 administrantist-
1292 1033 1445 1125 Respon-

292 1143 369 1212 dent
380 1149 524 1210 auctores
537 1163 612 1210 curn
629 1139 837 1209 distinctione
856 1168 863 1208 :
881 1143 908 1208 si
924 1141 1103 1232 Episcopus
1117 1140 1170 1208 vel
1190 1142 1310 1226 sciens,
1331 1141 1385 1208 vel
1401 1163 1445 1208 ex

293 1248 447 1340 culpabili
469 1246 679 1337 negligentia,
698 1247 869 1316 Vicarium
891 1248 1077 1338 generalem
1098 1247 1286 1338 improbum
1305 1247 1360 1316 vel
1380 1249 1447 1315 im-

291 1357 432 1447 peritum
448 1355 560 1444 clegit,
576 1354 628 1424 vel
643 1356 671 1422 si
681 1354 750 1446 jam
765 1355 932 1444 cognitum
946 1367 983 1423 nt
999 1356 1098 1425 talem
1115 1355 1278 1440 toleravit,
1295 1355 1447 1446 ejusdem

292 1485 393 1554 prava
416 1472 448 1531 et
470 1463 584 1554 iniqua
609 1470 699 1552 gesta
717 1461 780 1553 ipsi
802 1462 899 1530 etiam
923 1462 1082 1554 Episcopo
1103 1461 1298 1553 imputanda
1315 1471 1445 1530 erunt:
1502 1467 1503 1476 ’

291 1592 383 1638 secus
411 1569 537 1636 verosi
561 1567 803 1660 inculpabiliter
823 1568 920 1658 elegit
942 1577 974 1638 et
991 1570 1138 1656 retinuit,
1161 1591 1260 1660 quem
1285 1567 1447 1638 idoneum
1502 1635 1503 1638 ,

291 1675 453 1744 bonafide
469 1675 651 1768 reputabat.

337 1784 479 1865 Oceano
496 1788 542 1852 6⁸.
561 1821 605 1836 -
625 1785 676 1852 An
700 1785 882 1876 Episcopus
902 1797 1054 1853 tencatur
1075 1785 1231 1852 resarcire
1253 1784 1385 1853 danum
1407 1807 1450 1850 cr
1502 1873 1503 1878 ἵ

294 1892 429 1983 injustis
460 1892 580 1960 Vicarii
604 1892 764 1982 pmcrolis
790 1891 916 1960 actibus
943 1896 1041 1960 orta?
1056 1929 1099 1942 —
1125 1891 1330 1982 Applieanda
1362 1891 1451 1959 redit
1502 1953 1503 1962 ,

294 2007 473 2067 memorata
484 1999 646 2066 distinctio
664 1999 711 2066 :si
729 2000 917 2090 imperitum
930 2007 986 2066 aut
1000 1998 1186 2089 improbum
1204 1999 1380 2066 Vicarium
1396 1999 1451 2064 in·
1502 2009 1503 2086 J

293 2105 499 2198 culpabiliter
513 2106 610 2196 elegit
623 2114 655 2172 et
670 2108 815 2190 retinuit,
834 2129 899 2174 non
914 2106 1079 2174 tenebitur
1096 2104 1182 2172 dicta
1198 2104 1320 2173 damna
1335 2129 1451 2172 resar-
1502 2113 1503 2156 3

294 2213 359 2281 cire
377 2239 385 2280 :
400 2235 492 2281 secus
509 2214 537 2279 si
557 2213 593 2280 iu
615 2213 700 2282 dicta
722 2213 876 2282 electione
894 2221 925 2280 et
944 2212 1122 2281 retentione
1143 2211 1314 2304 culpabilis
1335 2213 1451 2280 extitit
1502 2237 1503 2266 2

295 2320 486 2412 Episcopus.
502 2319 540 2388 ln
552 2343 618 2411 quo
633 2321 773 2412 reperies
786 2320 982 2388 concordare
992 2328 1152 2389 auctores.
1255 2345 1257 2350 ·

752 2637 897 2708 CAPUT
924 2638 983 2707 IX.

1502 2811 1503 2834 r

299 2881 340 2924 nu
364 2877 504 2924 vrcaarus
528 2874 709 2939 onomius,
731 2875 834 2930 onom
860 2877 985 2922 numeru
1007 2875 1039 2921 ni
1061 2872 1180 2920 oraruo
1203 2875 1261 2938 suo
1279 2873 1453 2938 canusso,

344 2986 442 3031 aossrr
463 2986 502 3030 ns
525 2984 664 3030 russone
686 2983 799 3048 inurar,
818 2984 856 3028 ur
881 2984 922 3029 erc
937 2984 976 3028 aa
993 2983 1236 3048 AROEOEPISCOPO,
1255 2983 1292 3028 nr
1311 2983 1457 3037 eunoun

344 3093 510 3139 surranum
536 3072 739 3138 suspicarer?

344 3293 489 3375 Quatuor
505 3293 556 3360 hic
572 3292 800 3384 prestabimus
818 3318 826 3358 ε
846 3291 1152 3360 communiorem
1174 3298 1346 3360 auctorum
1371 3293 1458 3361 doe-

300 3401 418 3469 trinam
446 3420 666 3489 exponemus3
694 3402 727 3465 2⁰
747 3397 955 3465 difficultates
979 3397 1101 3489 quibus
1125 3397 1272 3465 doctrina
1295 3397 1374 3465 baec
1397 3400 1459 3466 ob-
1502 3365 1503 3446 i

299 3508 399 3578 noxia
412 3514 461 3574 est
477 3505 713 3587 iudicabimus3
733 3508 765 3571 3⁰
785 3504 863 3596 quid
890 3505 1064 3572 tenendum
1090 3502 1239 3572 videatur
1264 3502 1460 3594 subjunge-

303 3640 397 3702 mus;
434 3619 468 3682 4⁰
509 3614 736 3684 adnotabimus
777 3611 926 3682 Vioarios
973 3612 1140 3702 generales
1180 3633 1245 3680 non
1283 3610 1459 3702 subjacere

304 3723 498 3814 syndicatui.

838 3892 912 3982 gr.

572 4053 717 4120 Exponitur
730 4051 894 4104 communior
907 4051 1044 4103 doctorum
1059 4052 1195 4104 sententia.

350 4267 382 4330 1⁰
397 4261 435 4331 Si
448 4260 601 4331 Vicarius
613 4259 749 4351 deliquit
762 4267 798 4326 ut
807 4281 948 4351 persona
956 4259 1104 4350 privato,
1124 4281 1217 4350 posse
1232 4258 1267 4325 in
1279 4281 1356 4328 eum
1371 4261 1460 4330 sicut
