<?xml version="1.0" encoding="UTF-8"?>
<!DOCTYPE html PUBLIC "-//W3C//DTD XHTML 1.0 Transitional//EN"
    "http://www.w3.org/TR/xhtml1/DTD/xhtml1-transitional.dtd">
<html xmlns="http://www.w3.org/1999/xhtml" xml:lang="en" lang="en">
 <head>
  <title>
</title>
<meta http-equiv="Content-Type" content="text/html;charset=utf-8" />
  <meta name='ocr-system' content='tesseract 3.04.00' />
  <meta name='ocr-capabilities' content='ocr_page ocr_carea ocr_par ocr_line ocrx_word'/>
</head>
<body>
  <div class='ocr_page' id='page_1' title='image "./tractatusdejudi01goog_0436.png"; bbox 0 0 3030 4980; ppageno 0'>
   <div class='ocr_carea' id='block_1_1' title="bbox 559 449 1245 512">
    <p class='ocr_par' dir='ltr' id='par_1_1' title="bbox 559 449 1245 512">
     <span class='ocr_line' id='line_1_1' title="bbox 559 449 1245 512; baseline 0.003 -2"><span class='ocrx_word' id='word_1_1' title='bbox 559 465 633 510; x_wconf 81' lang='lat' dir='ltr'>rans</span> <span class='ocrx_word' id='word_1_2' title='bbox 656 467 801 512; x_wconf 69' lang='lat' dir='ltr'>sections.</span> <span class='ocrx_word' id='word_1_3' title='bbox 1183 449 1245 512; x_wconf 75' lang='lat'>425</span> 
     </span>
    </p>
   </div>
   <div class='ocr_carea' id='block_1_2' title="bbox 3 587 1249 4324">
    <p class='ocr_par' dir='ltr' id='par_1_2' title="bbox 102 587 1249 1429">
     <span class='ocr_line' id='line_1_2' title="bbox 106 587 1246 678; baseline 0.007 -29"><span class='ocrx_word' id='word_1_4' title='bbox 106 613 123 650; x_wconf 71' lang='grc' dir='ltr'>ι(</span> <span class='ocrx_word' id='word_1_5' title='bbox 148 593 259 671; x_wconf 65' lang='lat' dir='ltr'>utem,</span> <span class='ocrx_word' id='word_1_6' title='bbox 275 593 449 678; x_wconf 76' lang='lat' dir='ltr'>antequam</span> <span class='ocrx_word' id='word_1_7' title='bbox 459 587 611 658; x_wconf 88' lang='lat' dir='ltr'>Vicarius</span> <span class='ocrx_word' id='word_1_8' title='bbox 624 587 714 655; x_wconf 86' lang='lat' dir='ltr'>illam</span> <span class='ocrx_word' id='word_1_9' title='bbox 730 592 897 673; x_wconf 84' lang='lat' dir='ltr'>exerceat3</span> <span class='ocrx_word' id='word_1_10' title='bbox 912 593 943 656; x_wconf 91' lang='lat' dir='ltr'>et</span> <span class='ocrx_word' id='word_1_11' title='bbox 958 594 1034 656; x_wconf 87' lang='lat' dir='ltr'>tunc</span> <span class='ocrx_word' id='word_1_12' title='bbox 1050 596 1098 656; x_wconf 88' lang='lat' dir='ltr'>eet</span> <span class='ocrx_word' id='word_1_13' title='bbox 1111 589 1246 657; x_wconf 92' lang='lat' dir='ltr'>omnino</span> 
     </span>
     <span class='ocr_line' id='line_1_3' title="bbox 106 693 1247 787; baseline 0.003 -28"><span class='ocrx_word' id='word_1_14' title='bbox 106 721 124 758; x_wconf 78' lang='lat' dir='ltr'>n</span> <span class='ocrx_word' id='word_1_15' title='bbox 149 695 329 786; x_wconf 86' lang='lat' dir='ltr'>probanda,</span> <span class='ocrx_word' id='word_1_16' title='bbox 346 717 404 764; x_wconf 90' lang='lat' dir='ltr'>nec</span> <span class='ocrx_word' id='word_1_17' title='bbox 428 697 585 787; x_wconf 76' lang='lat' dir='ltr'>presumi</span> <span class='ocrx_word' id='word_1_18' title='bbox 612 696 706 764; x_wconf 88' lang='lat' dir='ltr'>debet</span> <span class='ocrx_word' id='word_1_19' title='bbox 729 703 786 764; x_wconf 86' lang='lat' dir='ltr'>aut</span> <span class='ocrx_word' id='word_1_20' title='bbox 811 693 945 774; x_wconf 88' lang='lat' dir='ltr'>sufficit;</span> <span class='ocrx_word' id='word_1_21' title='bbox 967 696 1049 763; x_wconf 84' lang='lat' dir='ltr'>elias</span> <span class='ocrx_word' id='word_1_22' title='bbox 1075 698 1247 763; x_wconf 80' lang='lat' dir='ltr'>aeluserit</span> 
     </span>
     <span class='ocr_line' id='line_1_4' title="bbox 105 801 1247 894; baseline 0.006 -31"><span class='ocrx_word' id='word_1_23' title='bbox 105 827 123 866; x_wconf 80' lang='lat' dir='ltr'>a</span> <span class='ocrx_word' id='word_1_24' title='bbox 150 801 260 870; x_wconf 91' lang='lat' dir='ltr'>nullus</span> <span class='ocrx_word' id='word_1_25' title='bbox 275 804 345 893; x_wconf 90' lang='lat' dir='ltr'>ipso</span> <span class='ocrx_word' id='word_1_26' title='bbox 358 802 433 893; x_wconf 88' lang='lat' dir='ltr'>jure</span> <span class='ocrx_word' id='word_1_27' title='bbox 447 829 454 869; x_wconf 93' lang='lat'>:</span> <span class='ocrx_word' id='word_1_28' title='bbox 467 801 521 870; x_wconf 88' lang='lat' dir='ltr'>vel</span> <span class='ocrx_word' id='word_1_29' title='bbox 531 809 670 892; x_wconf 81' lang='lat' dir='ltr'>negatur</span> <span class='ocrx_word' id='word_1_30' title='bbox 683 802 841 893; x_wconf 75' lang='lat' dir='ltr'>predicta</span> <span class='ocrx_word' id='word_1_31' title='bbox 855 802 990 870; x_wconf 81' lang='lat' dir='ltr'><strong>facultas</strong></span> <span class='ocrx_word' id='word_1_32' title='bbox 1000 811 1171 894; x_wconf 86' lang='lat' dir='ltr'>postquem</span> <span class='ocrx_word' id='word_1_33' title='bbox 1185 803 1247 873; x_wconf 88' lang='lat' dir='ltr'>Vi·</span> 
     </span>
     <span class='ocr_line' id='line_1_5' title="bbox 106 908 1249 1001; baseline 0.006 -31"><span class='ocrx_word' id='word_1_34' title='bbox 106 935 124 970; x_wconf 83' lang='lat'>«</span> <span class='ocrx_word' id='word_1_35' title='bbox 149 908 256 977; x_wconf 86' lang='lat' dir='ltr'>carius</span> <span class='ocrx_word' id='word_1_36' title='bbox 270 931 310 976; x_wconf 87' lang='lat' dir='ltr'>ea</span> <span class='ocrx_word' id='word_1_37' title='bbox 323 931 405 978; x_wconf 88' lang='lat' dir='ltr'>usus</span> <span class='ocrx_word' id='word_1_38' title='bbox 425 917 485 995; x_wconf 86' lang='lat' dir='ltr'>est,</span> <span class='ocrx_word' id='word_1_39' title='bbox 502 919 534 977; x_wconf 90' lang='lat' dir='ltr'>et</span> <span class='ocrx_word' id='word_1_40' title='bbox 549 917 626 977; x_wconf 88' lang='lat' dir='ltr'>tunc</span> <span class='ocrx_word' id='word_1_41' title='bbox 650 909 678 976; x_wconf 91' lang='lat' dir='ltr'>si</span> <span class='ocrx_word' id='word_1_42' title='bbox 697 909 849 978; x_wconf 89' lang='lat' dir='ltr'>Vicarius</span> <span class='ocrx_word' id='word_1_43' title='bbox 863 909 916 977; x_wconf 90' lang='lat' dir='ltr'>vel</span> <span class='ocrx_word' id='word_1_44' title='bbox 939 909 1009 1000; x_wconf 90' lang='lat' dir='ltr'>ejus</span> <span class='ocrx_word' id='word_1_45' title='bbox 1032 909 1249 1001; x_wconf 74' lang='lat' dir='ltr'>predecessor</span> 
     </span>
     <span class='ocr_line' id='line_1_6' title="bbox 106 1016 1244 1109; baseline 0.007 -31"><span class='ocrx_word' id='word_1_46' title='bbox 106 1042 125 1080; x_wconf 78' lang='lat' dir='ltr'>a</span> <span class='ocrx_word' id='word_1_47' title='bbox 149 1016 367 1086; x_wconf 87' lang='lat' dir='ltr'>communiter</span> <span class='ocrx_word' id='word_1_48' title='bbox 382 1017 525 1108; x_wconf 86' lang='lat' dir='ltr'>explevit</span> <span class='ocrx_word' id='word_1_49' title='bbox 539 1039 577 1085; x_wconf 88' lang='lat' dir='ltr'>eo</span> <span class='ocrx_word' id='word_1_50' title='bbox 587 1039 662 1108; x_wconf 81' lang='lat' dir='ltr'>qum</span> <span class='ocrx_word' id='word_1_51' title='bbox 677 1017 848 1109; x_wconf 89' lang='lat' dir='ltr'>requirunt</span> <span class='ocrx_word' id='word_1_52' title='bbox 862 1016 1034 1108; x_wconf 76' lang='lat' dir='ltr'><strong>specialem</strong></span> <span class='ocrx_word' id='word_1_53' title='bbox 1049 1017 1244 1101; x_wconf 80' lang='lat' dir='ltr'><strong>facultatem,</strong></span> 
     </span>
     <span class='ocr_line' id='line_1_7' title="bbox 107 1123 1245 1216; baseline 0.004 -29"><span class='ocrx_word' id='word_1_54' title='bbox 107 1151 125 1187; x_wconf 79' lang='lat' dir='ltr'>a</span> <span class='ocrx_word' id='word_1_55' title='bbox 150 1125 292 1192; x_wconf 87' lang='lat' dir='ltr'>maxime</span> <span class='ocrx_word' id='word_1_56' title='bbox 307 1123 467 1215; x_wconf 80' lang='lat' dir='ltr'>Episcopo</span> <span class='ocrx_word' id='word_1_57' title='bbox 481 1131 654 1214; x_wconf 75' lang='lat' dir='ltr'>praesente,</span> <span class='ocrx_word' id='word_1_58' title='bbox 668 1133 716 1192; x_wconf 89' lang='lat' dir='ltr'>est</span> <span class='ocrx_word' id='word_1_59' title='bbox 732 1123 963 1216; x_wconf 71' lang='lat' dir='ltr'>presumendo</span> <span class='ocrx_word' id='word_1_60' title='bbox 978 1123 1034 1191; x_wconf 88' lang='lat' dir='ltr'>illa</span> <span class='ocrx_word' id='word_1_61' title='bbox 1048 1123 1181 1192; x_wconf 73' lang='lat' dir='ltr'><strong>facultas</strong></span> <span class='ocrx_word' id='word_1_62' title='bbox 1194 1150 1245 1207; x_wconf 89' lang='lat'>...;</span> 
     </span>
     <span class='ocr_line' id='line_1_8' title="bbox 106 1230 1244 1322; baseline 0.002 -26"><span class='ocrx_word' id='word_1_63' title='bbox 106 1257 124 1296; x_wconf 81' lang='lat' dir='ltr'>a</span> <span class='ocrx_word' id='word_1_64' title='bbox 149 1251 224 1298; x_wconf 89' lang='lat' dir='ltr'>cum</span> <span class='ocrx_word' id='word_1_65' title='bbox 246 1251 376 1321; x_wconf 90' lang='lat' dir='ltr'>semper</span> <span class='ocrx_word' id='word_1_66' title='bbox 389 1240 608 1321; x_wconf 77' lang='lat' dir='ltr'>presumatur</span> <span class='ocrx_word' id='word_1_67' title='bbox 623 1253 684 1322; x_wconf 89' lang='lat' dir='ltr'>pro</span> <span class='ocrx_word' id='word_1_68' title='bbox 698 1230 863 1299; x_wconf 77' lang='lat' dir='ltr'>validitate</span> <span class='ocrx_word' id='word_1_69' title='bbox 884 1239 988 1300; x_wconf 87' lang='lat' dir='ltr'>octus.</span> <span class='ocrx_word' id='word_1_70' title='bbox 1002 1255 1020 1297; x_wconf 89' lang='lat'>»</span> <span class='ocrx_word' id='word_1_71' title='bbox 1037 1231 1244 1322; x_wconf 72' lang='lat' dir='ltr'>(LeureniuS,</span> 
     </span>
     <span class='ocr_line' id='line_1_9' title="bbox 102 1335 739 1429; baseline -0.002 -24"><span class='ocrx_word' id='word_1_72' title='bbox 102 1337 145 1406; x_wconf 82' lang='lat' dir='ltr'>de</span> <span class='ocrx_word' id='word_1_73' title='bbox 165 1337 300 1405; x_wconf 76' lang='lat' dir='ltr'>Vicus-iis</span> <span class='ocrx_word' id='word_1_74' title='bbox 313 1335 439 1429; x_wconf 70' lang='lat' dir='ltr'>Episc„</span> <span class='ocrx_word' id='word_1_75' title='bbox 454 1360 524 1429; x_wconf 90' lang='lat' dir='ltr'>cap.</span> <span class='ocrx_word' id='word_1_76' title='bbox 544 1341 577 1424; x_wconf 83' lang='lat'>2,</span> <span class='ocrx_word' id='word_1_77' title='bbox 593 1360 626 1428; x_wconf 92' lang='lat' dir='ltr'>q.</span> <span class='ocrx_word' id='word_1_78' title='bbox 648 1339 739 1428; x_wconf 85' lang='lat'>103.)</span> 
     </span>
    </p>

    <p class='ocr_par' dir='ltr' id='par_1_3' title="bbox 96 1443 1248 2394">
     <span class='ocr_line' id='line_1_10' title="bbox 149 1443 1248 1536; baseline -0.001 -22"><span class='ocrx_word' id='word_1_79' title='bbox 149 1443 293 1526; x_wconf 73' lang='lat' dir='ltr'>Qumrro</span> <span class='ocrx_word' id='word_1_80' title='bbox 309 1447 355 1511; x_wconf 74' lang='lat'>3².</span> <span class='ocrx_word' id='word_1_81' title='bbox 372 1481 417 1496; x_wconf 89' lang='lat'><em>-</em></span> <span class='ocrx_word' id='word_1_82' title='bbox 431 1446 522 1515; x_wconf 85' lang='lat' dir='ltr'>Num</span> <span class='ocrx_word' id='word_1_83' title='bbox 543 1445 689 1514; x_wconf 84' lang='lat' dir='ltr'>Vicorius</span> <span class='ocrx_word' id='word_1_84' title='bbox 704 1445 862 1536; x_wconf 81' lang='lat' dir='ltr'>peneralis</span> <span class='ocrx_word' id='word_1_85' title='bbox 876 1444 1033 1536; x_wconf 77' lang='lat' dir='ltr'>Episcopi</span> <span class='ocrx_word' id='word_1_86' title='bbox 1047 1445 1110 1535; x_wconf 83' lang='lat' dir='ltr'>jus</span> <span class='ocrx_word' id='word_1_87' title='bbox 1128 1444 1248 1513; x_wconf 80' lang='lat' dir='ltr'>taceat</span> 
     </span>
     <span class='ocr_line' id='line_1_11' title="bbox 102 1549 1247 1632; baseline 0 -14"><span class='ocrx_word' id='word_1_88' title='bbox 102 1549 304 1618; x_wconf 84' lang='lat' dir='ltr'>cumulotive</span> <span class='ocrx_word' id='word_1_89' title='bbox 317 1549 542 1632; x_wconf 81' lang='lat' dir='ltr'>concurrendi,</span> <span class='ocrx_word' id='word_1_90' title='bbox 560 1551 595 1618; x_wconf 84' lang='lat' dir='ltr'>in</span> <span class='ocrx_word' id='word_1_91' title='bbox 610 1550 894 1619; x_wconf 78' lang='lat' dir='ltr'>administratione</span> <span class='ocrx_word' id='word_1_92' title='bbox 908 1553 1203 1620; x_wconf 79' lang='lat' dir='ltr'>Sacrameotoram</span> <span class='ocrx_word' id='word_1_93' title='bbox 1216 1563 1247 1618; x_wconf 86' lang='lat' dir='ltr'>et</span> 
     </span>
     <span class='ocr_line' id='line_1_12' title="bbox 96 1657 1246 1748; baseline 0.001 -24"><span class='ocrx_word' id='word_1_94' title='bbox 96 1657 335 1748; x_wconf 71' lang='lat' dir='ltr'>predicatione</span> <span class='ocrx_word' id='word_1_95' title='bbox 361 1658 451 1726; x_wconf 84' lang='lat' dir='ltr'>verbi</span> <span class='ocrx_word' id='word_1_96' title='bbox 475 1659 547 1740; x_wconf 84' lang='lat' dir='ltr'>Dei,</span> <span class='ocrx_word' id='word_1_97' title='bbox 571 1681 647 1727; x_wconf 85' lang='lat' dir='ltr'>cum</span> <span class='ocrx_word' id='word_1_98' title='bbox 674 1659 826 1727; x_wconf 80' lang='lat' dir='ltr'>omnibus</span> <span class='ocrx_word' id='word_1_99' title='bbox 850 1659 985 1727; x_wconf 83' lang='lat' dir='ltr'>Curatis</span> <span class='ocrx_word' id='word_1_100' title='bbox 1012 1657 1177 1727; x_wconf 75' lang='lat' dir='ltr'>dioecesis?</span> <span class='ocrx_word' id='word_1_101' title='bbox 1202 1697 1246 1710; x_wconf 95' lang='lat'><em>-</em></span> 
     </span>
     <span class='ocr_line' id='line_1_13' title="bbox 102 1764 1247 1858; baseline -0.002 -25"><span class='ocrx_word' id='word_1_102' title='bbox 102 1765 381 1856; x_wconf 87' lang='lat' dir='ltr'>Respondendum</span> <span class='ocrx_word' id='word_1_103' title='bbox 409 1764 621 1851; x_wconf 84' lang='lat' dir='ltr'>affirmative,</span> <span class='ocrx_word' id='word_1_104' title='bbox 646 1775 677 1834; x_wconf 88' lang='lat' dir='ltr'>et</span> <span class='ocrx_word' id='word_1_105' title='bbox 706 1765 839 1858; x_wconf 90' lang='lat' dir='ltr'>quidem</span> <span class='ocrx_word' id='word_1_106' title='bbox 869 1766 991 1858; x_wconf 90' lang='lat' dir='ltr'>absque</span> <span class='ocrx_word' id='word_1_107' title='bbox 1019 1765 1087 1834; x_wconf 94' lang='lat' dir='ltr'>ullo</span> <span class='ocrx_word' id='word_1_108' title='bbox 1116 1765 1247 1856; x_wconf 84' lang='lat' dir='ltr'>speciali</span> 
     </span>
     <span class='ocr_line' id='line_1_14' title="bbox 103 1872 1247 1965; baseline -0.003 -24"><span class='ocrx_word' id='word_1_109' title='bbox 103 1873 254 1964; x_wconf 75' lang='lat' dir='ltr'>Episcopi</span> <span class='ocrx_word' id='word_1_110' title='bbox 270 1872 432 1942; x_wconf 78' lang='lat' dir='ltr'>mandato.</span> <span class='ocrx_word' id='word_1_111' title='bbox 450 1873 515 1941; x_wconf 87' lang='lat' dir='ltr'>Ista</span> <span class='ocrx_word' id='word_1_112' title='bbox 529 1874 618 1942; x_wconf 92' lang='lat' dir='ltr'>enim</span> <span class='ocrx_word' id='word_1_113' title='bbox 639 1875 801 1965; x_wconf 88' lang='lat' dir='ltr'>pertinent</span> <span class='ocrx_word' id='word_1_114' title='bbox 816 1874 855 1941; x_wconf 87' lang='lat' dir='ltr'>ad</span> <span class='ocrx_word' id='word_1_115' title='bbox 872 1872 1071 1941; x_wconf 88' lang='lat' dir='ltr'>ordinariam</span> <span class='ocrx_word' id='word_1_116' title='bbox 1093 1873 1247 1964; x_wconf 80' lang='lat' dir='ltr'>Episcopi</span> 
     </span>
     <span class='ocr_line' id='line_1_15' title="bbox 98 1978 1247 2072; baseline -0.001 -25"><span class='ocrx_word' id='word_1_117' title='bbox 98 1979 373 2070; x_wconf 88' lang='lat' dir='ltr'>jurisdictionem,</span> <span class='ocrx_word' id='word_1_118' title='bbox 390 2003 427 2048; x_wconf 91' lang='lat' dir='ltr'>ac</span> <span class='ocrx_word' id='word_1_119' title='bbox 443 1980 580 2072; x_wconf 86' lang='lat' dir='ltr'>proinde</span> <span class='ocrx_word' id='word_1_120' title='bbox 594 1982 690 2049; x_wconf 86' lang='lat' dir='ltr'>etiam</span> <span class='ocrx_word' id='word_1_121' title='bbox 707 1980 747 2049; x_wconf 94' lang='lat' dir='ltr'>ad</span> <span class='ocrx_word' id='word_1_122' title='bbox 763 1981 966 2050; x_wconf 80' lang='lat' dir='ltr'>ordinariam</span> <span class='ocrx_word' id='word_1_123' title='bbox 987 1978 1247 2070; x_wconf 88' lang='lat' dir='ltr'>jurisdictionem</span> 
     </span>
     <span class='ocr_line' id='line_1_16' title="bbox 102 2086 1247 2180; baseline 0 -26"><span class='ocrx_word' id='word_1_124' title='bbox 102 2087 229 2155; x_wconf 87' lang='lat' dir='ltr'>Vioarii</span> <span class='ocrx_word' id='word_1_125' title='bbox 243 2087 416 2176; x_wconf 86' lang='lat' dir='ltr'>generalis,</span> <span class='ocrx_word' id='word_1_126' title='bbox 432 2111 507 2156; x_wconf 91' lang='lat' dir='ltr'>cum</span> <span class='ocrx_word' id='word_1_127' title='bbox 523 2090 614 2157; x_wconf 92' lang='lat' dir='ltr'>nullo</span> <span class='ocrx_word' id='word_1_128' title='bbox 625 2088 710 2180; x_wconf 80' lang='lat' dir='ltr'>juris</span> <span class='ocrx_word' id='word_1_129' title='bbox 725 2097 817 2156; x_wconf 82' lang='lat' dir='ltr'>textu</span> <span class='ocrx_word' id='word_1_130' title='bbox 838 2089 969 2179; x_wconf 87' lang='lat' dir='ltr'>probari</span> <span class='ocrx_word' id='word_1_131' title='bbox 984 2086 1109 2179; x_wconf 87' lang='lat' dir='ltr'>possint</span> <span class='ocrx_word' id='word_1_132' title='bbox 1122 2109 1192 2154; x_wconf 89' lang='lat' dir='ltr'>esse</span> <span class='ocrx_word' id='word_1_133' title='bbox 1207 2087 1247 2154; x_wconf 92' lang='lat' dir='ltr'>de</span> 
     </span>
     <span class='ocr_line' id='line_1_17' title="bbox 102 2195 1244 2287; baseline 0 -26"><span class='ocrx_word' id='word_1_134' title='bbox 102 2195 145 2261; x_wconf 86' lang='lat' dir='ltr'>iis</span> <span class='ocrx_word' id='word_1_135' title='bbox 154 2216 214 2285; x_wconf 91' lang='lat' dir='ltr'>pro</span> <span class='ocrx_word' id='word_1_136' title='bbox 226 2196 345 2286; x_wconf 89' lang='lat' dir='ltr'>quibus</span> <span class='ocrx_word' id='word_1_137' title='bbox 357 2197 493 2287; x_wconf 87' lang='lat' dir='ltr'>speciale</span> <span class='ocrx_word' id='word_1_138' title='bbox 510 2197 699 2264; x_wconf 87' lang='lat' dir='ltr'>mandatum</span> <span class='ocrx_word' id='word_1_139' title='bbox 714 2196 910 2287; x_wconf 84' lang='lat' dir='ltr'>requiratur.</span> <span class='ocrx_word' id='word_1_140' title='bbox 926 2195 1022 2286; x_wconf 80' lang='lat' dir='ltr'>(Vide</span> <span class='ocrx_word' id='word_1_141' title='bbox 1032 2195 1244 2281; x_wconf 87' lang='lat' dir='ltr'>Leurenium,</span> 
     </span>
     <span class='ocr_line' id='line_1_18' title="bbox 103 2303 420 2394; baseline 0.006 -25"><span class='ocrx_word' id='word_1_142' title='bbox 103 2303 175 2370; x_wconf 91' lang='lat' dir='ltr'>loco</span> <span class='ocrx_word' id='word_1_143' title='bbox 190 2303 260 2388; x_wconf 82' lang='lat' dir='ltr'>cit,</span> <span class='ocrx_word' id='word_1_144' title='bbox 277 2326 311 2394; x_wconf 91' lang='lat' dir='ltr'>q.</span> <span class='ocrx_word' id='word_1_145' title='bbox 329 2305 420 2394; x_wconf 88' lang='lat'>118.)</span> 
     </span>
    </p>

    <p class='ocr_par' dir='ltr' id='par_1_4' title="bbox 3 2409 1248 2926">
     <span class='ocr_line' id='line_1_19' title="bbox 148 2409 1248 2501; baseline -0.003 -23"><span class='ocrx_word' id='word_1_146' title='bbox 148 2409 291 2489; x_wconf 82' lang='lat' dir='ltr'>Qunsno</span> <span class='ocrx_word' id='word_1_147' title='bbox 307 2415 354 2479; x_wconf 66' lang='lat'>4³.</span> <span class='ocrx_word' id='word_1_148' title='bbox 364 2449 408 2464; x_wconf 89' lang='lat'>-</span> <span class='ocrx_word' id='word_1_149' title='bbox 418 2414 509 2482; x_wconf 82' lang='lat' dir='ltr'>Num</span> <span class='ocrx_word' id='word_1_150' title='bbox 522 2412 652 2479; x_wconf 82' lang='lat' dir='ltr'>absente</span> <span class='ocrx_word' id='word_1_151' title='bbox 665 2409 827 2501; x_wconf 80' lang='lat' dir='ltr'>Episcopo</span> <span class='ocrx_word' id='word_1_152' title='bbox 837 2409 937 2500; x_wconf 86' lang='lat' dir='ltr'>possit</span> <span class='ocrx_word' id='word_1_153' title='bbox 952 2409 1098 2478; x_wconf 76' lang='lat' dir='ltr'>Vican&#39;us</span> <span class='ocrx_word' id='word_1_154' title='bbox 1112 2431 1248 2498; x_wconf 80' lang='lat' dir='ltr'>peraeru-</span> 
     </span>
     <span class='ocr_line' id='line_1_20' title="bbox 103 2514 1247 2609; baseline -0.002 -26"><span class='ocrx_word' id='word_1_155' title='bbox 103 2517 145 2583; x_wconf 88' lang='lat' dir='ltr'>lis</span> <span class='ocrx_word' id='word_1_156' title='bbox 160 2517 279 2608; x_wconf 83' lang='lat' dir='ltr'>absque</span> <span class='ocrx_word' id='word_1_157' title='bbox 293 2518 426 2609; x_wconf 85' lang='lat' dir='ltr'>speciali</span> <span class='ocrx_word' id='word_1_158' title='bbox 448 2517 607 2586; x_wconf 81' lang='lat' dir='ltr'>mandato</span> <span class='ocrx_word' id='word_1_159' title='bbox 629 2517 814 2608; x_wconf 83' lang='lat' dir='ltr'>dispensare</span> <span class='ocrx_word' id='word_1_160' title='bbox 829 2516 863 2608; x_wconf 75' lang='lat' dir='ltr'>ip</span> <span class='ocrx_word' id='word_1_161' title='bbox 876 2515 1057 2584; x_wconf 81' lang='lat' dir='ltr'>interstitiis</span> <span class='ocrx_word' id='word_1_162' title='bbox 1072 2514 1247 2584; x_wconf 82' lang='lat' dir='ltr'>ordinum?</span> 
     </span>
     <span class='ocr_line' id='line_1_21' title="bbox 3 2621 1247 2715; baseline -0.002 -24"><span class='ocrx_word' id='word_1_163' title='bbox 3 2711 4 2714; x_wconf 8' lang='grc' dir='ltr'><strong>Ἴ</strong></span> <span class='ocrx_word' id='word_1_164' title='bbox 101 2663 148 2675; x_wconf 97' lang='grc'>-</span> <span class='ocrx_word' id='word_1_165' title='bbox 162 2623 439 2715; x_wconf 89' lang='lat' dir='ltr'>Respondendum</span> <span class='ocrx_word' id='word_1_166' title='bbox 452 2624 646 2693; x_wconf 85' lang='lat' dir='ltr'>affirmative</span> <span class='ocrx_word' id='word_1_167' title='bbox 662 2646 737 2692; x_wconf 91' lang='lat' dir='ltr'>cum</span> <span class='ocrx_word' id='word_1_168' title='bbox 749 2624 905 2712; x_wconf 81' lang='lat' dir='ltr'>Fagnano</span> <span class='ocrx_word' id='word_1_169' title='bbox 923 2622 969 2712; x_wconf 88' lang='lat' dir='ltr'>(in</span> <span class='ocrx_word' id='word_1_170' title='bbox 984 2644 1055 2712; x_wconf 87' lang='lat' dir='ltr'>cap.</span> <span class='ocrx_word' id='word_1_171' title='bbox 1071 2621 1111 2690; x_wconf 88' lang='lat' dir='ltr'>de</span> <span class='ocrx_word' id='word_1_172' title='bbox 1125 2624 1188 2703; x_wconf 87' lang='lat' dir='ltr'>Eo,</span> <span class='ocrx_word' id='word_1_173' title='bbox 1207 2621 1247 2689; x_wconf 89' lang='lat' dir='ltr'>de</span> 
     </span>
     <span class='ocr_line' id='line_1_22' title="bbox 105 2729 1245 2824; baseline 0 -28"><span class='ocrx_word' id='word_1_174' title='bbox 105 2733 215 2820; x_wconf 84' lang='lat' dir='ltr'>Temp.</span> <span class='ocrx_word' id='word_1_175' title='bbox 232 2731 399 2814; x_wconf 69' lang='lat' dir='ltr'>Ordiaot„</span> <span class='ocrx_word' id='word_1_176' title='bbox 412 2755 445 2799; x_wconf 92' lang='lat' dir='ltr'>n.</span> <span class='ocrx_word' id='word_1_177' title='bbox 464 2732 530 2822; x_wconf 83' lang='lat'>12);</span> <span class='ocrx_word' id='word_1_178' title='bbox 549 2733 606 2824; x_wconf 93' lang='lat' dir='ltr'>qui</span> <span class='ocrx_word' id='word_1_179' title='bbox 620 2739 732 2800; x_wconf 88' lang='lat' dir='ltr'>auctor</span> <span class='ocrx_word' id='word_1_180' title='bbox 745 2730 861 2798; x_wconf 87' lang='lat' dir='ltr'>asserit</span> <span class='ocrx_word' id='word_1_181' title='bbox 875 2729 959 2796; x_wconf 86' lang='lat' dir='ltr'>hono</span> <span class='ocrx_word' id='word_1_182' title='bbox 972 2750 1041 2796; x_wconf 89' lang='lat' dir='ltr'>esse</span> <span class='ocrx_word' id='word_1_183' title='bbox 1053 2729 1245 2796; x_wconf 83' lang='lat' dir='ltr'>sententium</span> 
     </span>
     <span class='ocr_line' id='line_1_23' title="bbox 103 2837 660 2926; baseline 0.007 -24"><span class='ocrx_word' id='word_1_184' title='bbox 103 2837 212 2904; x_wconf 81' lang='lat' dir='ltr'>Sacrae</span> <span class='ocrx_word' id='word_1_185' title='bbox 227 2837 496 2926; x_wconf 83' lang='lat' dir='ltr'>Congregationis</span> <span class='ocrx_word' id='word_1_186' title='bbox 510 2837 660 2906; x_wconf 88' lang='lat' dir='ltr'>Concilii.</span> 
     </span>
    </p>

    <p class='ocr_par' dir='ltr' id='par_1_5' title="bbox 102 2943 1248 3230">
     <span class='ocr_line' id='line_1_24' title="bbox 148 2943 1248 3036; baseline -0.002 -24"><span class='ocrx_word' id='word_1_187' title='bbox 148 2944 292 3024; x_wconf 78' lang='lat' dir='ltr'>Qunsrio</span> <span class='ocrx_word' id='word_1_188' title='bbox 307 2949 351 3012; x_wconf 73' lang='lat'>5².</span> <span class='ocrx_word' id='word_1_189' title='bbox 367 2983 410 2998; x_wconf 89' lang='lat'>—</span> <span class='ocrx_word' id='word_1_190' title='bbox 421 2948 514 3016; x_wconf 86' lang='lat' dir='ltr'>Num</span> <span class='ocrx_word' id='word_1_191' title='bbox 525 2945 629 3036; x_wconf 84' lang='lat' dir='ltr'>possit</span> <span class='ocrx_word' id='word_1_192' title='bbox 647 2945 794 3012; x_wconf 67' lang='lat' dir='ltr'>Vicae-ius</span> <span class='ocrx_word' id='word_1_193' title='bbox 806 2943 965 3036; x_wconf 73' lang='lat' dir='ltr'>praesolis</span> <span class='ocrx_word' id='word_1_194' title='bbox 980 2943 1101 3034; x_wconf 83' lang='lat' dir='ltr'>absque</span> <span class='ocrx_word' id='word_1_195' title='bbox 1114 2943 1248 3034; x_wconf 77' lang='lat' dir='ltr'>speciali</span> 
     </span>
     <span class='ocr_line' id='line_1_25' title="bbox 103 3050 1247 3142; baseline 0 -24"><span class='ocrx_word' id='word_1_196' title='bbox 103 3050 264 3120; x_wconf 83' lang='lat' dir='ltr'>mandato</span> <span class='ocrx_word' id='word_1_197' title='bbox 283 3053 445 3120; x_wconf 84' lang='lat' dir='ltr'>absolvere</span> <span class='ocrx_word' id='word_1_198' title='bbox 465 3053 507 3120; x_wconf 86' lang='lat' dir='ltr'>ab</span> <span class='ocrx_word' id='word_1_199' title='bbox 530 3053 863 3120; x_wconf 74' lang='lat' dir='ltr'>eccommunicatione</span> <span class='ocrx_word' id='word_1_200' title='bbox 888 3073 989 3142; x_wconf 82' lang='lat' dir='ltr'>quam</span> <span class='ocrx_word' id='word_1_201' title='bbox 1013 3051 1081 3140; x_wconf 81' lang='lat' dir='ltr'>ipse</span> <span class='ocrx_word' id='word_1_202' title='bbox 1106 3051 1202 3132; x_wconf 67' lang='lat' dir='ltr'>colia·</span> <span class='ocrx_word' id='word_1_203' title='bbox 1216 3063 1247 3118; x_wconf 83' lang='lat' dir='ltr'>et</span> 
     </span>
     <span class='ocr_line' id='line_1_26' title="bbox 102 3158 724 3230; baseline 0 -4"><span class='ocrx_word' id='word_1_204' title='bbox 102 3183 149 3226; x_wconf 84' lang='lat' dir='ltr'>un</span> <span class='ocrx_word' id='word_1_205' title='bbox 165 3158 207 3226; x_wconf 86' lang='lat' dir='ltr'>ab</span> <span class='ocrx_word' id='word_1_206' title='bbox 223 3159 556 3228; x_wconf 79' lang='lat' dir='ltr'>eacommuaicatione</span> <span class='ocrx_word' id='word_1_207' title='bbox 570 3161 724 3230; x_wconf 83' lang='lat' dir='ltr'>cononis?</span> 
     </span>
    </p>

    <p class='ocr_par' dir='ltr' id='par_1_6' title="bbox 102 3263 1245 3466">
     <span class='ocr_line' id='line_1_27' title="bbox 151 3263 1245 3359; baseline 0 -26"><span class='ocrx_word' id='word_1_208' title='bbox 151 3271 182 3332; x_wconf 78' lang='grc' dir='ltr'>1ο</span> <span class='ocrx_word' id='word_1_209' title='bbox 198 3266 250 3334; x_wconf 84' lang='lat' dir='ltr'>Ab</span> <span class='ocrx_word' id='word_1_210' title='bbox 266 3267 600 3336; x_wconf 84' lang='lat' dir='ltr'>excommunicatione</span> <span class='ocrx_word' id='word_1_211' title='bbox 614 3289 713 3359; x_wconf 88' lang='lat' dir='ltr'>quam</span> <span class='ocrx_word' id='word_1_212' title='bbox 729 3267 798 3358; x_wconf 90' lang='lat' dir='ltr'>ipse</span> <span class='ocrx_word' id='word_1_213' title='bbox 814 3267 888 3335; x_wconf 91' lang='lat' dir='ltr'>tulit</span> <span class='ocrx_word' id='word_1_214' title='bbox 904 3265 956 3334; x_wconf 87' lang='lat' dir='ltr'>uti</span> <span class='ocrx_word' id='word_1_215' title='bbox 978 3263 1128 3334; x_wconf 84' lang='lat' dir='ltr'>Viecrius</span> <span class='ocrx_word' id='word_1_216' title='bbox 1145 3288 1245 3356; x_wconf 79' lang='lat' dir='ltr'>perse-</span> 
     </span>
     <span class='ocr_line' id='line_1_28' title="bbox 102 3372 1132 3466; baseline -0.002 -25"><span class='ocrx_word' id='word_1_217' title='bbox 102 3373 196 3454; x_wconf 85' lang='lat' dir='ltr'>ralis,</span> <span class='ocrx_word' id='word_1_218' title='bbox 213 3380 318 3463; x_wconf 88' lang='lat' dir='ltr'>potest</span> <span class='ocrx_word' id='word_1_219' title='bbox 329 3373 497 3442; x_wconf 86' lang='lat' dir='ltr'>absolvere</span> <span class='ocrx_word' id='word_1_220' title='bbox 512 3375 635 3466; x_wconf 83' lang='lat' dir='ltr'>absque</span> <span class='ocrx_word' id='word_1_221' title='bbox 648 3374 781 3465; x_wconf 88' lang='lat' dir='ltr'>speciali</span> <span class='ocrx_word' id='word_1_222' title='bbox 802 3372 955 3441; x_wconf 86' lang='lat' dir='ltr'>mandato</span> <span class='ocrx_word' id='word_1_223' title='bbox 970 3372 1132 3463; x_wconf 88' lang='lat' dir='ltr'>Episcopi.</span> 
     </span>
    </p>

    <p class='ocr_par' dir='ltr' id='par_1_7' title="bbox 102 3478 1246 3764">
     <span class='ocr_line' id='line_1_29' title="bbox 148 3478 1244 3572; baseline 0 -26"><span class='ocrx_word' id='word_1_224' title='bbox 148 3484 183 3546; x_wconf 80' lang='lat'>2⁰</span> <span class='ocrx_word' id='word_1_225' title='bbox 199 3481 251 3547; x_wconf 83' lang='lat' dir='ltr'>Ab</span> <span class='ocrx_word' id='word_1_226' title='bbox 265 3481 601 3550; x_wconf 85' lang='lat' dir='ltr'>excommunicatione</span> <span class='ocrx_word' id='word_1_227' title='bbox 617 3503 716 3572; x_wconf 92' lang='lat' dir='ltr'>quam</span> <span class='ocrx_word' id='word_1_228' title='bbox 731 3481 808 3550; x_wconf 89' lang='lat' dir='ltr'>tulit</span> <span class='ocrx_word' id='word_1_229' title='bbox 827 3480 879 3547; x_wconf 83' lang='lat' dir='ltr'>uti</span> <span class='ocrx_word' id='word_1_230' title='bbox 895 3479 1062 3568; x_wconf 80' lang='lat' dir='ltr'>delepotus</span> <span class='ocrx_word' id='word_1_231' title='bbox 1079 3478 1244 3570; x_wconf 87' lang='lat' dir='ltr'>Episcopi,</span> 
     </span>
     <span class='ocr_line' id='line_1_30' title="bbox 102 3586 1246 3680; baseline -0.001 -24"><span class='ocrx_word' id='word_1_232' title='bbox 102 3588 271 3656; x_wconf 85' lang='lat' dir='ltr'>absolvere</span> <span class='ocrx_word' id='word_1_233' title='bbox 308 3589 421 3678; x_wconf 92' lang='lat' dir='ltr'>nequit</span> <span class='ocrx_word' id='word_1_234' title='bbox 457 3590 578 3680; x_wconf 87' lang='lat' dir='ltr'>absque</span> <span class='ocrx_word' id='word_1_235' title='bbox 617 3587 761 3679; x_wconf 82' lang='lat' dir='ltr'>ejusdem</span> <span class='ocrx_word' id='word_1_236' title='bbox 799 3587 949 3679; x_wconf 89' lang='lat' dir='ltr'>Episcopi</span> <span class='ocrx_word' id='word_1_237' title='bbox 986 3586 1136 3654; x_wconf 79' lang='lat' dir='ltr'>facultate</span> <span class='ocrx_word' id='word_1_238' title='bbox 1172 3609 1246 3677; x_wconf 89' lang='lat' dir='ltr'>spe·</span> 
     </span>
     <span class='ocr_line' id='line_1_31' title="bbox 103 3695 191 3764; baseline -0.011 -1"><span class='ocrx_word' id='word_1_239' title='bbox 103 3695 191 3764; x_wconf 82' lang='lat' dir='ltr'>ciali.</span> 
     </span>
    </p>

    <p class='ocr_par' dir='ltr' id='par_1_8' title="bbox 102 3800 1247 4108">
     <span class='ocr_line' id='line_1_32' title="bbox 150 3800 1247 3893; baseline 0 -25"><span class='ocrx_word' id='word_1_240' title='bbox 150 3807 183 3868; x_wconf 82' lang='lat'>3⁰</span> <span class='ocrx_word' id='word_1_241' title='bbox 208 3802 290 3870; x_wconf 89' lang='lat' dir='ltr'>ltem</span> <span class='ocrx_word' id='word_1_242' title='bbox 312 3803 353 3869; x_wconf 85' lang='lat' dir='ltr'>ab</span> <span class='ocrx_word' id='word_1_243' title='bbox 382 3803 718 3870; x_wconf 86' lang='lat' dir='ltr'>excommunicatione</span> <span class='ocrx_word' id='word_1_244' title='bbox 750 3801 835 3893; x_wconf 88' lang='lat' dir='ltr'>juris</span> <span class='ocrx_word' id='word_1_245' title='bbox 865 3825 923 3871; x_wconf 89' lang='lat' dir='ltr'>seu</span> <span class='ocrx_word' id='word_1_246' title='bbox 953 3800 1105 3887; x_wconf 82' lang='lat' dir='ltr'>Cononis,</span> <span class='ocrx_word' id='word_1_247' title='bbox 1132 3801 1247 3891; x_wconf 88' lang='lat' dir='ltr'>nequit</span> 
     </span>
     <span class='ocr_line' id='line_1_33' title="bbox 102 3907 1245 4000; baseline -0.001 -24"><span class='ocrx_word' id='word_1_248' title='bbox 102 3909 224 4000; x_wconf 87' lang='lat' dir='ltr'>absque</span> <span class='ocrx_word' id='word_1_249' title='bbox 252 3908 382 3999; x_wconf 84' lang='lat' dir='ltr'>speciali</span> <span class='ocrx_word' id='word_1_250' title='bbox 408 3907 561 3977; x_wconf 84' lang='lat' dir='ltr'>mandato</span> <span class='ocrx_word' id='word_1_251' title='bbox 583 3909 762 3978; x_wconf 88' lang='lat' dir='ltr'>absolvere.</span> <span class='ocrx_word' id='word_1_252' title='bbox 790 3910 872 3991; x_wconf 78' lang='lat' dir='ltr'>Qum</span> <span class='ocrx_word' id='word_1_253' title='bbox 896 3908 971 3978; x_wconf 86' lang='lat' dir='ltr'>vide</span> <span class='ocrx_word' id='word_1_254' title='bbox 999 3907 1135 3998; x_wconf 88' lang='lat' dir='ltr'>probata</span> <span class='ocrx_word' id='word_1_255' title='bbox 1158 3907 1245 3998; x_wconf 91' lang='lat' dir='ltr'>apud</span> 
     </span>
     <span class='ocr_line' id='line_1_34' title="bbox 102 4015 624 4108; baseline 0 -25"><span class='ocrx_word' id='word_1_256' title='bbox 102 4015 301 4084; x_wconf 87' lang='lat' dir='ltr'>Leurenium</span> <span class='ocrx_word' id='word_1_257' title='bbox 318 4016 401 4104; x_wconf 77' lang='lat' dir='ltr'>(loco</span> <span class='ocrx_word' id='word_1_258' title='bbox 414 4016 469 4103; x_wconf 91' lang='lat' dir='ltr'>cit,</span> <span class='ocrx_word' id='word_1_259' title='bbox 485 4039 518 4108; x_wconf 88' lang='lat' dir='ltr'>q.</span> <span class='ocrx_word' id='word_1_260' title='bbox 537 4018 624 4105; x_wconf 80' lang='lat'>125).</span> 
     </span>
    </p>

    <p class='ocr_par' dir='ltr' id='par_1_9' title="bbox 103 4121 1246 4324">
     <span class='ocr_line' id='line_1_35' title="bbox 147 4121 1246 4214; baseline 0 -24"><span class='ocrx_word' id='word_1_261' title='bbox 147 4121 292 4202; x_wconf 80' lang='lat' dir='ltr'>Qunsrso</span> <span class='ocrx_word' id='word_1_262' title='bbox 309 4127 354 4189; x_wconf 74' lang='lat'>6⁸.</span> <span class='ocrx_word' id='word_1_263' title='bbox 370 4161 413 4174; x_wconf 93' lang='lat'><em>-</em></span> <span class='ocrx_word' id='word_1_264' title='bbox 429 4124 477 4190; x_wconf 82' lang='lat' dir='ltr'>Aa</span> <span class='ocrx_word' id='word_1_265' title='bbox 492 4123 612 4213; x_wconf 83' lang='lat' dir='ltr'>absque</span> <span class='ocrx_word' id='word_1_266' title='bbox 626 4122 759 4214; x_wconf 80' lang='lat' dir='ltr'>speciali</span> <span class='ocrx_word' id='word_1_267' title='bbox 781 4121 939 4191; x_wconf 82' lang='lat' dir='ltr'>mandato</span> <span class='ocrx_word' id='word_1_268' title='bbox 960 4121 1064 4214; x_wconf 86' lang='lat' dir='ltr'>possit</span> <span class='ocrx_word' id='word_1_269' title='bbox 1083 4122 1246 4191; x_wconf 85' lang='lat' dir='ltr'>absolvere</span> 
     </span>
     <span class='ocr_line' id='line_1_36' title="bbox 103 4229 1244 4324; baseline -0.002 -25"><span class='ocrx_word' id='word_1_270' title='bbox 103 4229 400 4300; x_wconf 80' lang='lat' dir='ltr'>ereommuaicotos</span> <span class='ocrx_word' id='word_1_271' title='bbox 411 4229 453 4300; x_wconf 82' lang='lat' dir='ltr'>ab</span> <span class='ocrx_word' id='word_1_272' title='bbox 466 4229 639 4322; x_wconf 81' lang='lat' dir='ltr'>Episcopo,</span> <span class='ocrx_word' id='word_1_273' title='bbox 651 4231 703 4300; x_wconf 84' lang='lat' dir='ltr'>vet</span> <span class='ocrx_word' id='word_1_274' title='bbox 713 4231 784 4320; x_wconf 74' lang='lat' dir='ltr'>ejas</span> <span class='ocrx_word' id='word_1_275' title='bbox 800 4229 968 4322; x_wconf 80' lang='lat' dir='ltr'>delepoto?</span> <span class='ocrx_word' id='word_1_276' title='bbox 976 4267 1021 4283; x_wconf 89' lang='lat'><em>-</em></span> <span class='ocrx_word' id='word_1_277' title='bbox 1034 4229 1244 4324; x_wconf 86' lang='lat' dir='ltr'>Responden-</span> 
     </span>
    </p>
   </div>
   <div class='ocr_carea' id='block_1_3' title="bbox 0 0 1521 4980">
    <p class='ocr_par' dir='ltr' id='par_1_10' title="bbox 0 0 1521 4980">
     <span class='ocr_line' id='line_1_37' title="bbox 0 0 1521 4980; baseline 0 0"><span class='ocrx_word' id='word_1_278' title='bbox 0 0 1521 4980; x_wconf 95' lang='lat' dir='ltr'> </span> 
     </span>
    </p>
   </div>
  </div>
 </body>
</html>
