3030 4980
264 469 326 534 438
637 489 813 536 raacrnrns
837 491 874 536 oa
896 491 1031 536 runicus.

260 609 391 702 quondo
405 610 709 678 recommunicatur
730 611 875 680 Vicarius
889 613 1128 703 pancratist—
1140 619 1169 680 1.
1191 615 1227 682 Si
1245 615 1342 684 fuerit
1363 617 1406 683 ab
1510 583 1511 636 ³

259 719 331 808 ipso
351 717 483 786 Vicario
505 717 647 806 generali
669 719 875 805 constitutus,
897 719 1005 788 statim
1026 741 1064 788 ac
1089 719 1117 787 is
1140 722 1407 790 excommunica·
1510 733 1511 808 t

258 834 324 912 tur,
346 833 447 894 cessat
466 825 634 893 substituti
650 825 842 916 jurisdictio.
866 828 998 894 Constat
1018 849 1058 894 ex
1082 827 1233 897 decretali
1252 834 1406 900 Romana
1510 833 1511 902 i

261 931 311 1024 (dc
328 933 440 1023 Officio
463 933 593 1014 Vicarii,
610 932 644 1000 in
662 932 708 1022 6).
727 933 767 1001 Et
783 933 914 1025 quidam
930 943 1044 1022 cessat,
1063 957 1128 1003 nou
1151 943 1275 1004 tantum
1295 938 1405 1028 quoad
1510 947 1511 1016 t

257 1062 369 1108 causas
383 1039 490 1108 adhuc
505 1040 661 1129 integras,
679 1041 735 1108 sed
750 1041 848 1108 etiam
863 1041 970 1133 quoad
986 1063 1099 1110 causas
1112 1042 1181 1132 jam
1193 1043 1348 1134 inceptas.
1510 1051 1511 1064 ¹

301 1150 332 1214 2.
352 1145 388 1214 Si
412 1168 491 1214 vero
515 1147 556 1214 ab
582 1147 740 1238 Episcopo
763 1148 958 1216 constitutus
986 1147 1039 1235 sit,
1069 1170 1277 1240 perseverare
1301 1152 1406 1242 ipsius
1510 1149 1511 1190 ³

253 1253 437 1346 jurisdictio
449 1251 611 1321 censenda
624 1261 683 1321 eet.

300 1364 330 1428 3.
347 1360 520 1452 ipsiusmet
531 1360 653 1430 Vicarii
667 1360 827 1449 generalis
844 1361 1026 1452 jurisdictio
1043 1369 1157 1449 cessat,
1171 1363 1269 1432 etiam
1293 1367 1406 1457 quoad
1510 1403 1511 1410 .

189 1504 193 1512 ·
254 1489 367 1536 causas
382 1478 514 1558 coeptas,
530 1466 661 1558 qrraudo
673 1467 852 1559 Episcopus
864 1468 926 1536 fnit
938 1470 1252 1558 excommunicatus,
1267 1495 1401 1564 suspen·

254 1598 321 1662 sus,
337 1575 390 1644 vel
412 1573 603 1643 interdictus
625 1575 782 1666 (intellige
804 1597 878 1644 cum
902 1575 1174 1667 denuntiatione),
1198 1578 1282 1647 sicut
1307 1581 1406 1648 etiam
1510 1581 1511 1608 ³

254 1683 385 1775 qnando
400 1691 448 1750 ast
461 1683 528 1750 vita
542 1682 685 1751 functus.
704 1683 744 1750 Et
759 1689 994 1774 cousequenter
1009 1692 1111 1752 cassat
1126 1692 1204 1754 tunc
1221 1687 1342 1777 pariter
1350 1688 1408 1779 jn·

254 1791 398 1858 risdictio
413 1790 590 1874 substituti,
608 1811 814 1882 quocumque
832 1789 928 1859 modo
944 1791 1043 1858 tuerit
1056 1793 1262 1860 constitutus.
1510 1803 1511 1810 ’

299 1902 330 1964 t.
353 1898 391 1965 ln
412 1897 473 1968 hoc
495 1905 603 1964 autem
626 1897 760 1964 aliaest
784 1896 926 1966 conditio
948 1897 1087 1988 delegati
1110 1921 1128 1965 a
1151 1899 1283 1968 Vicario
1305 1923 1407 1991 gene-

253 2005 324 2073 rali.
344 2005 375 2072 ls
389 2006 489 2090 enim,
506 2004 786 2074 excommunicato
802 2005 983 2094 delegante,
1008 2014 1115 2076 servat
1136 2027 1228 2075 suam
1249 2009 1407 2100 jurisdic-

253 2112 374 2179 tionem
402 2111 510 2202 quoad
538 2134 650 2178 causas
676 2112 745 2201 jam
774 2112 944 2204 inemptas,
973 2113 1048 2181 licet
1078 2135 1144 2181 nou
1183 2115 1260 2182 item
1295 2118 1404 2205 quoad
1510 2165 1511 2170 κ

253 2217 360 2287 adhuc
379 2219 534 2304 integras.
557 2215 651 2297 Quod
673 2216 848 2286 discrimen
871 2217 948 2286 inde
969 2221 1133 2309 provenit,
1160 2221 1248 2312 quod
1271 2222 1407 2312 delega-
1510 2271 1511 2328 y

253 2333 305 2393 tus
322 2347 388 2392 non
405 2323 519 2392 habeat
537 2325 622 2392 idem
638 2347 713 2392 cum
728 2325 896 2413 delegante
913 2326 1068 2394 tribunal.
1087 2326 1171 2396 Vide
1187 2329 1404 2418 quaestionem
1510 2331 1511 2396 ἶ

253 2432 431 2501 discussam
453 2433 540 2524 apud
555 2433 752 2500 Laureninm
772 2432 822 2523 (dc
844 2434 978 2501 Vicorr'r's
999 2434 1123 2526 Epiro,
1150 2457 1179 2503 c.
1200 2439 1232 2520 3,
1248 2459 1282 2526 q.
1308 2439 1403 2526 202).
1510 2473 1511 2476 ¹

296 2540 440 2621 Qunsrro
458 2544 525 2606 35².
542 2577 587 2590 -
600 2540 759 2631 Anposss't
770 2539 891 2630 absque
903 2541 1036 2631 speciali
1049 2541 1207 2610 mandato
1221 2571 1232 2610 :
1245 2547 1277 2610 1⁰
1292 2567 1408 2636 capere

249 2649 411 2740 parochos
431 2659 470 2715 ot
485 2647 546 2715 sibi
561 2646 754 2738 adjunyont
767 2660 991 2736 cooperatores
1000 2672 1014 2729 ,·
1028 2653 1061 2714 2⁰
1070 2649 1227 2738 parochis
1241 2651 1406 2741 imperatis

253 2753 422 2844 assiynarc
436 2753 575 2822 vicarios
596 2775 653 2820 scu
675 2751 883 2842 coadjutores
891 2777 905 2834 ,·
923 2757 956 2822 3⁰
976 2754 1169 2822 constituere
1194 2779 1405 2826 oeconomum

252 2861 288 2927 in
305 2861 455 2951 beneficio
469 2864 634 2928 vocante?
649 2897 693 2909 —
707 2859 900 2948 Respondeo
915 2859 956 2926 ad
971 2860 986 2926 Ι
1005 2859 1210 2930 affirmative.
1235 2863 1319 2932 Nam
1342 2865 1406 2932 etsi

253 2965 443 3035 Tridentina
470 2966 615 3056 synodus
641 2967 729 3054 (sess.
748 2969 801 3051 21,
818 2988 846 3033 c.
866 2966 899 3056 t)
918 2967 1097 3034 committat
1116 2967 1287 3061 Episcopis
1301 2971 1405 3039 ctiam
1510 2969 1511 3004 r

253 3087 416 3164 tanquam
441 3074 632 3164 Apostolira
653 3072 747 3140 Sedis
768 3072 934 3164 delcyotr's,
957 3082 992 3142 ut
1007 3083 1123 3162 cogant
1144 3083 1282 3146 rectores
1304 3099 1405 3168 paro-

253 3181 416 3264 chiarum,
437 3179 598 3272 explendo
619 3179 748 3246 muneri
767 3201 826 3246 suo
847 3179 1000 3270 impares,
1023 3180 1063 3249 ad
1088 3181 1151 3248 sibi
1172 3183 1406 3272 adjungendos

252 3295 487 3379 cooperatores,
505 3285 591 3353 idam
608 3295 715 3354 tamen
731 3285 836 3354 facere
850 3295 999 3377 poterant
1019 3287 1170 3378 Episcopi
1188 3289 1228 3358 de
1240 3291 1323 3381 jura
1347 3315 1405 3358 or-

251 3394 380 3462 dinario
405 3393 623 3461 antedictam
650 3391 825 3484 synodum.
850 3392 945 3473 Quod
968 3401 1067 3484 patet,
1094 3394 1190 3485 juxta
1216 3396 1402 3468 doctrinam

253 3502 411 3590 Fagnani,
429 3523 471 3568 ex
494 3501 564 3591 ipsa
579 3500 737 3592 particula
748 3501 868 3582 etiam;
882 3523 957 3568 cum
974 3524 1044 3568 eam
1059 3511 1137 3570 tuuc
1151 3505 1299 3594 synodus
1316 3507 1405 3598 adji-

252 3632 324 3678 cere
349 3608 460 3692 soleat,
489 3629 564 3674 cum
589 3607 742 3698 Episcopi
760 3607 827 3697 jam
849 3606 883 3675 id
909 3607 1028 3676 hahent
1054 3631 1096 3676 ex
1119 3609 1193 3700 jure
1219 3613 1402 3701 ordinario,

252 3716 340 3808 qarod
361 3715 441 3807 ipsis
464 3714 598 3804 insuper
622 3723 777 3804 tanquam
800 3713 894 3782 Sedis
916 3715 1112 3805 Apostolioae
1134 3716 1290 3807 delegatis
1312 3743 1405 3788 com-

255 3824 405 3890 mittitur.
432 3822 506 3891 Jam
533 3843 612 3888 vero
640 3823 750 3888 omnia
768 3843 843 3913 quae
863 3830 966 3912 potest
985 3821 1164 3915 Episcopus
1178 3823 1405 3915 jurisdictione

253 3930 433 4011 ordinaria,
464 3927 576 3996 cadem
607 3935 710 4017 potest
739 3936 772 3995 et
795 3929 948 3998 Vicarius
975 3931 1148 4018 generalis,
1186 3935 1331 4025 exceptis
1362 3935 1405 4002 iis

254 4060 314 4129 pro
338 4036 459 4126 quibus
487 4058 508 4102 a
534 4035 608 4125 jure
637 4035 781 4103 mandati
808 4035 958 4127 specialis
984 4045 1104 4106 statuta
1127 4037 1190 4105 ruit
1214 4042 1401 4110 necessitas.

253 4142 352 4213 Nullo
367 4149 475 4210 autem
488 4141 573 4232 juris
593 4150 685 4209 testu
704 4149 849 4226 cavetur,
869 4152 906 4210 ut
924 4141 1076 4212 Vioarius
1097 4145 1250 4214 mandato
1272 4147 1403 4237 speciali

255 4248 407 4343 Episcopi
420 4257 526 4337 egeat,
542 4249 584 4315 ad
599 4248 761 4336 cogendos
781 4249 951 4339 parochos,
973 4251 1064 4318 oneri
1084 4251 1275 4322 sustinendo
1296 4254 1404 4346 impa-
