3030 4980
540 457 616 504 eras
639 455 785 503 secunus.
1169 433 1230 500 357

86 579 246 648 sententie
265 578 388 650 Vicarii
403 578 565 668 generalis
584 577 708 646 nullam
727 575 798 644 dari
818 575 859 644 ad
875 576 1072 668 Episcopum
1087 576 1232 668 appella-

86 687 223 772 tionem,
241 694 273 755 ot
293 685 462 756 Vicarinm
489 684 672 775 generalem
698 683 785 751 idem
805 703 880 752 eum
903 683 1065 776 Episcopo
1088 685 1234 754 tribunal

87 817 146 863 seu
165 793 364 863 auditorium
382 793 502 861 habere
519 819 527 860 ι
546 791 581 859 id
596 791 684 859 enim
702 812 769 859 non
789 797 915 859 tautum
935 789 1047 860 firmat
1063 791 1233 863 doctorum

87 900 254 970 unanimis
272 922 461 986 consensus,
484 907 515 968 et
535 897 696 989 generalis
714 896 863 968 omnium
882 897 1091 968 ecclesiarum
1108 901 1233 991 praxis,

87 1009 145 1076 sed
157 1016 189 1077 et
199 1007 337 1076 habetur
348 1028 501 1098 expresse
511 1029 531 1074 a
541 1006 612 1095 lege
624 1003 838 1074 ecclesiastice
850 1003 1022 1073 definitum
1035 1004 1096 1074 hoc
1110 1007 1207 1076 modo
1222 1036 1230 1076 :

87 1118 165 1186 Non
182 1126 345 1206 putamus
361 1114 456 1182 illam
470 1111 744 1192 consuetudinem,
763 1123 1025 1203 quantocumque
1038 1127 1182 1204 tempore
1194 1115 1234 1184 de

83 1225 175 1312 sacto
194 1232 372 1305 seruatam,
394 1242 571 1289 comanam
590 1218 726 1300 rationi,
749 1217 838 1309 quod
851 1218 894 1286 ab
915 1219 1061 1311 officiali
1080 1222 1237 1314 Episcopi

87 1329 135 1398 ad
148 1328 299 1398 eamdem
313 1328 515 1420 Episcopum
529 1328 639 1398 ualeat
650 1325 815 1418 appellari
830 1357 841 1392 .·
856 1349 898 1394 ne
912 1326 954 1394 ab
970 1326 1081 1396 eodem
1092 1329 1140 1398 ad
1151 1329 1236 1422 seip-
1251 1339 1253 1344 '

88 1459 163 1504 serm
182 1437 269 1528 (cam
286 1436 328 1504 sit
346 1435 434 1505 idem
449 1434 654 1504 auditorium
673 1432 873 1524 utrimque),
891 1434 1071 1525 appellatio
1089 1435 1237 1528 interpo-

88 1543 154 1613 sita
170 1544 326 1614 videatur
348 1545 456 1634 (caput
472 1547 505 1628 2,
526 1541 612 1612 tituli
629 1545 662 1626 l,
679 1539 756 1608 libri
777 1546 805 1627 t,
826 1541 861 1607 in
877 1541 993 1633 sexto).
1014 1542 1117 1611 Porro
1131 1543 1236 1635 judex

87 1651 212 1720 habens
227 1651 315 1721 idem
330 1649 473 1718 tribunal
488 1671 564 1717 cum
581 1647 753 1739 Episcopo,
770 1655 802 1716 et
812 1670 831 1715 a
842 1669 908 1738 quo
919 1649 1033 1738 nequit
1045 1650 1087 1717 ad
1101 1650 1235 1741 Episco-

87 1781 170 1849 pum
192 1757 360 1848 appellari,
385 1755 596 1824 essentialiter
614 1753 723 1822 differt
742 1777 762 1822 a
779 1753 901 1845 judice,
923 1755 1017 1845 cujus
1032 1756 1177 1825 tribunal
1195 1759 1235 1827 ab

87 1863 264 1955 episcopali
274 1872 322 1932 est
332 1861 512 1948 diversum,
526 1869 557 1930 et
568 1884 588 1930 a
599 1885 665 1954 quo
676 1869 763 1954 petet
773 1860 945 1952 appellatio
957 1860 999 1930 ad
1011 1862 1210 1955 Episcopum
1226 1893 1234 1933 :

87 1993 169 2060 ergo
183 1971 336 2040 Vicarius
350 1969 511 2060 generalis
524 1977 557 2038 et
571 1967 739 2059 delegatus
752 1968 904 2060 Episcopi
917 1969 1129 2040 essentialiter
1142 1971 1237 2043 diffe-

88 2085 181 2146 runt.

134 2184 297 2253 Probatur
331 2184 451 2267 minor,
487 2205 604 2275 nempe
638 2182 811 2252 discrimen
846 2183 907 2252 hoc
935 2205 1139 2272 evanescere,
1172 2189 1236 2258 nisi

88 2292 270 2384 Episcopus
290 2292 414 2362 Vicarii
434 2291 485 2360 sui
506 2291 668 2382 generalis
688 2298 778 2358 actm
799 2287 896 2358 faciat
915 2312 1002 2359 suos.
1024 2291 1109 2362 Nam
1132 2299 1235 2385 posito

88 2401 180 2493 quod
202 2410 292 2468 actus
308 2397 583 2492 jurisdictionales
598 2396 723 2468 Vicarii
744 2395 906 2486 generalis
924 2419 990 2466 non
1010 2397 1152 2468 habendi
1169 2403 1235 2471 sint

88 2519 247 2599 tanquam
262 2507 303 2575 ah
318 2508 390 2598 ipso
404 2506 563 2598 Episcopo
578 2503 673 2594 gesti,
686 2503 755 2594 jam
770 2503 889 2571 falsum
905 2511 953 2572 est
965 2503 1053 2572 idem
1070 2528 1138 2575 esse
1153 2507 1237 2599 Epi—

88 2615 181 2706 scopi
195 2624 227 2682 et
241 2613 366 2683 Vicarii
379 2612 450 2704 ejus
463 2611 624 2702 generalis
636 2610 792 2680 tribunal.
807 2609 962 2679 identitas
975 2611 1063 2680 enim
1079 2612 1136 2684 illa
1146 2613 1182 2681 in
1195 2637 1234 2684 eo

88 2723 230 2814 praecise
244 2731 317 2807 stat,
334 2719 423 2812 quod
440 2719 599 2788 sententia
619 2717 749 2786 eosdem
768 2717 922 2786 sortiatur
940 2717 1085 2805 effectus,
1109 2720 1178 2790 sive
1193 2722 1235 2790 ab

88 2829 251 2920 Episcopo
263 2829 457 2919 proteratur,
471 2825 570 2895 sivea
584 2824 728 2914 generali
741 2824 812 2916 ejus
825 2823 969 2911 Vicario,
987 2847 1045 2894 seu
1057 2825 1147 2917 quod
1160 2849 1235 2896 seu-

87 2935 192 3006 tentia
207 2934 329 3005 Vicarii
343 2934 504 3024 generalis
522 2932 672 3002 habenda
691 2932 732 2999 sit
751 2939 906 3022 tanquam
924 2930 966 3000 ab
985 2932 1145 3024 Episcopo
1163 2935 1234 3026 ipso

87 3043 227 3135 prolata.
244 3042 280 3110 Si
298 3064 378 3132 ergo
392 3049 483 3111 actus
498 3039 622 3111 Vicerii
635 3037 796 3128 generalis
814 3060 890 3107 suos
908 3059 976 3108 non
991 3038 1087 3107 iaciat
1102 3039 1236 3132 Episcc

88 3175 167 3242 pus,
185 3149 350 3218 diversum
365 3148 427 3217 erit
449 3148 620 3239 utriusque
635 3145 852 3228 auditorium·
867 3168 905 3213 ac
925 3145 1063 3237 proinde
1080 3147 1151 3238 jam
1171 3171 1238 3218 non

88 3267 139 3326 est
161 3257 257 3344 ratio,
280 3279 340 3326 cur
353 3279 372 3324 a
387 3255 546 3324 sententia
563 3253 691 3325 Vicarii
712 3252 929 3342 generalised
947 3253 1145 3344 Episcopum
1170 3280 1236 3325 non

89 3364 194 3455 possit
212 3362 388 3455 appellari3
407 3383 445 3431 ac
464 3370 697 3453 consequenter
718 3357 866 3451 ejusdem
889 3361 1023 3444 omnino
1043 3362 1238 3433 conditionis

89 3471 237 3542 evadunt
252 3471 404 3542 Vioarins
418 3469 591 3560 generalis,
609 3478 641 3539 et
653 3468 805 3560 Episcopi
820 3467 862 3536 ad
877 3489 1051 3537 causarum
1068 3471 1239 3540 universa-

89 3580 216 3648 litatem
233 3578 410 3667 delegatus.

138 3685 243 3758 Valde
264 3693 372 3754 autem
388 3683 583 3754 attendenda
604 3695 653 3750 est
673 3681 852 3751 essentialis
870 3681 927 3750 illa
945 3683 1119 3752 vicariatus
1141 3707 1241 3775 gene-

91 3794 174 3864 ralis
194 3793 385 3885 proprietas,
409 3791 498 3884 quod
516 3812 633 3881 nempe
648 3797 739 3858 actus
757 3788 827 3881 ejus
841 3811 918 3857 suos
933 3787 1029 3858 faciat
1047 3790 1239 3884 Episcopus.

91 3903 142 3972 Ea
164 3899 266 3988 enim,
291 3909 446 3991 unquam
469 3898 650 3966 differentia
671 3897 813 3966 maxime
835 3896 983 3988 propria,
1004 3896 1201 3968 discernitur
1214 3911 1245 3970 et

92 4013 130 4079 in
145 4031 224 4080 vera
239 4031 299 4077 sua
315 4007 445 4076 notione
466 4005 701 4075 determinatur
723 4002 885 4096 ejusmodi
908 4003 1062 4072 officinm.
1085 4005 1170 4075 Cum
1185 4031 1245 4078 an·

95 4129 162 4186 tem
175 4117 318 4185 dicimus
333 4114 531 4205 Episcopum
545 4132 622 4179 suos
637 4111 743 4179 facere
756 4110 882 4180 Vicarii
897 4111 948 4179 sui
963 4111 1125 4201 generalis
1140 4123 1244 4204 actus,

94 4222 311 4315 intelligimus
334 4220 443 4315 quoad
465 4219 551 4311 juris
575 4216 706 4288 effectus
722 4245 731 4286 ι
750 4239 826 4287 nam
850 4218 878 4286 si
897 4240 939 4287 ex
962 4217 1085 4288 malitia
1108 4221 1161 4289 vel
1185 4222 1248 4291 im-
