<?xml version="1.0" encoding="UTF-8"?>
<!DOCTYPE html PUBLIC "-//W3C//DTD XHTML 1.0 Transitional//EN"
    "http://www.w3.org/TR/xhtml1/DTD/xhtml1-transitional.dtd">
<html xmlns="http://www.w3.org/1999/xhtml" xml:lang="en" lang="en">
 <head>
  <title>
</title>
<meta http-equiv="Content-Type" content="text/html;charset=utf-8" />
  <meta name='ocr-system' content='tesseract 3.04.00' />
  <meta name='ocr-capabilities' content='ocr_page ocr_carea ocr_par ocr_line ocrx_word'/>
</head>
<body>
  <div class='ocr_page' id='page_1' title='image "./tractatusdejudi01goog_0047.png"; bbox 0 0 3046 4962; ppageno 0'>
   <div class='ocr_carea' id='block_1_1' title="bbox 274 489 1040 558">
    <p class='ocr_par' dir='ltr' id='par_1_1' title="bbox 274 489 1040 558">
     <span class='ocr_line' id='line_1_1' title="bbox 274 489 1040 558; baseline -0.008 0"><span class='ocrx_word' id='word_1_1' title='bbox 274 489 314 558; x_wconf 75' lang='grc'><em>36</em></span> <span class='ocrx_word' id='word_1_2' title='bbox 646 507 822 557; x_wconf 76' lang='lat' dir='ltr'><em>rnncrnrus</em></span> <span class='ocrx_word' id='word_1_3' title='bbox 844 507 883 554; x_wconf 79' lang='lat' dir='ltr'><em>nu</em></span> <span class='ocrx_word' id='word_1_4' title='bbox 905 503 1040 554; x_wconf 79' lang='lat' dir='ltr'><em>ructare.</em></span> 
     </span>
    </p>
   </div>
   <div class='ocr_carea' id='block_1_2' title="bbox 238 621 1517 1898">
    <p class='ocr_par' dir='ltr' id='par_1_2' title="bbox 238 621 1517 1898">
     <span class='ocr_line' id='line_1_2' title="bbox 273 621 1412 722; baseline -0.004 -22"><span class='ocrx_word' id='word_1_5' title='bbox 273 631 525 700; x_wconf 74' lang='lat' dir='ltr'><em>constrauersiam</em></span> <span class='ocrx_word' id='word_1_6' title='bbox 546 644 576 699; x_wconf 85' lang='lat' dir='ltr'><em>ct</em></span> <span class='ocrx_word' id='word_1_7' title='bbox 593 631 772 722; x_wconf 77' lang='lat' dir='ltr'><em>pacificare</em></span> <span class='ocrx_word' id='word_1_8' title='bbox 796 629 1008 720; x_wconf 80' lang='lat' dir='ltr'><em>disceptantes</em></span> <span class='ocrx_word' id='word_1_9' title='bbox 1028 629 1063 696; x_wconf 91' lang='lat' dir='ltr'><em>in</em></span> <span class='ocrx_word' id='word_1_10' title='bbox 1086 625 1173 696; x_wconf 85' lang='lat' dir='ltr'><em>diem</em></span> <span class='ocrx_word' id='word_1_11' title='bbox 1200 621 1412 696; x_wconf 87' lang='lat' dir='ltr'><em>dominicum.</em></span> 
     </span>
     <span class='ocr_line' id='line_1_3' title="bbox 273 735 1516 829; baseline -0.004 -21"><span class='ocrx_word' id='word_1_12' title='bbox 273 741 430 808; x_wconf 84' lang='lat' dir='ltr'><em>Assistant</em></span> <span class='ocrx_word' id='word_1_13' title='bbox 441 737 690 829; x_wconf 84' lang='lat' dir='ltr'><em>autemjudicia</em></span> <span class='ocrx_word' id='word_1_14' title='bbox 703 736 835 806; x_wconf 85' lang='lat' dir='ltr'><em>diaconi</em></span> <span class='ocrx_word' id='word_1_15' title='bbox 846 735 1079 828; x_wconf 79' lang='lat' dir='ltr'><em>etpresbyteri,</em></span> <span class='ocrx_word' id='word_1_16' title='bbox 1094 735 1152 827; x_wconf 85' lang='lat' dir='ltr'><em>qui</em></span> <span class='ocrx_word' id='word_1_17' title='bbox 1161 735 1244 802; x_wconf 88' lang='lat' dir='ltr'><em>citra</em></span> <span class='ocrx_word' id='word_1_18' title='bbox 1256 735 1416 827; x_wconf 84' lang='lat' dir='ltr'><em>acceptio-</em></span> <span class='ocrx_word' id='word_1_19' title='bbox 1515 799 1516 812; x_wconf 68' lang='grc'>,</span> 
     </span>
     <span class='ocr_line' id='line_1_4' title="bbox 271 833 1516 938; baseline -0.005 -23"><span class='ocrx_word' id='word_1_20' title='bbox 271 870 344 915; x_wconf 91' lang='lat' dir='ltr'><em>nem</em></span> <span class='ocrx_word' id='word_1_21' title='bbox 356 867 574 938; x_wconf 86' lang='lat' dir='ltr'><em>personarum</em></span> <span class='ocrx_word' id='word_1_22' title='bbox 601 857 763 936; x_wconf 83' lang='lat' dir='ltr'><em>tanquam</em></span> <span class='ocrx_word' id='word_1_23' title='bbox 785 843 933 912; x_wconf 77' lang='lat' dir='ltr'><em>nomines</em></span> <span class='ocrx_word' id='word_1_24' title='bbox 954 843 1016 911; x_wconf 84' lang='lat' dir='ltr'><em>Dei</em></span> <span class='ocrx_word' id='word_1_25' title='bbox 1034 843 1127 933; x_wconf 84' lang='lat' dir='ltr'><em>juste</em></span> <span class='ocrx_word' id='word_1_26' title='bbox 1146 841 1309 932; x_wconf 83' lang='lat' dir='ltr'><em>judicent.</em></span> <span class='ocrx_word' id='word_1_27' title='bbox 1330 844 1416 912; x_wconf 84' lang='lat' dir='ltr'><em>Cum</em></span> <span class='ocrx_word' id='word_1_28' title='bbox 1515 833 1516 860; x_wconf 56' lang='lat'><em>³</em></span> 
     </span>
     <span class='ocr_line' id='line_1_5' title="bbox 271 949 1416 1045; baseline -0.003 -23"><span class='ocrx_word' id='word_1_29' title='bbox 271 954 375 1044; x_wconf 77' lang='lat' dir='ltr'><em>ipitur</em></span> <span class='ocrx_word' id='word_1_30' title='bbox 387 966 528 1045; x_wconf 85' lang='lat' dir='ltr'><em>utraque</em></span> <span class='ocrx_word' id='word_1_31' title='bbox 537 974 692 1044; x_wconf 88' lang='lat' dir='ltr'><em>persona,</em></span> <span class='ocrx_word' id='word_1_32' title='bbox 707 952 789 1020; x_wconf 87' lang='lat' dir='ltr'><em>sicut</em></span> <span class='ocrx_word' id='word_1_33' title='bbox 805 951 858 1020; x_wconf 83' lang='lat' dir='ltr'><em>lea</em></span> <span class='ocrx_word' id='word_1_34' title='bbox 874 949 1063 1041; x_wconf 72' lang='lat' dir='ltr'><em>(Exortus)</em></span> <span class='ocrx_word' id='word_1_35' title='bbox 1075 949 1185 1040; x_wconf 84' lang='lat' dir='ltr'><em>jubet,</em></span> <span class='ocrx_word' id='word_1_36' title='bbox 1202 949 1237 1018; x_wconf 91' lang='lat' dir='ltr'><em>in</em></span> <span class='ocrx_word' id='word_1_37' title='bbox 1247 949 1416 1040; x_wconf 88' lang='lat' dir='ltr'><em>judicium</em></span> 
     </span>
     <span class='ocr_line' id='line_1_6' title="bbox 271 1053 1416 1151; baseline -0.004 -23"><span class='ocrx_word' id='word_1_38' title='bbox 271 1062 404 1142; x_wconf 81' lang='lat' dir='ltr'><em>amerit,</em></span> <span class='ocrx_word' id='word_1_39' title='bbox 422 1060 521 1128; x_wconf 84' lang='lat' dir='ltr'><em>stabit</em></span> <span class='ocrx_word' id='word_1_40' title='bbox 534 1071 670 1151; x_wconf 84' lang='lat' dir='ltr'><em>uterque</em></span> <span class='ocrx_word' id='word_1_41' title='bbox 683 1058 935 1150; x_wconf 78' lang='lat' dir='ltr'><em>disceptantium</em></span> <span class='ocrx_word' id='word_1_42' title='bbox 949 1057 985 1124; x_wconf 87' lang='lat' dir='ltr'><em>in</em></span> <span class='ocrx_word' id='word_1_43' title='bbox 1001 1055 1108 1126; x_wconf 86' lang='lat' dir='ltr'><em>medio</em></span> <span class='ocrx_word' id='word_1_44' title='bbox 1121 1053 1251 1146; x_wconf 84' lang='lat' dir='ltr'><em>judicio</em></span> <span class='ocrx_word' id='word_1_45' title='bbox 1276 1057 1315 1145; x_wconf 72' lang='grc' dir='ltr'><em>(ἐν</em></span> <span class='ocrx_word' id='word_1_46' title='bbox 1343 1063 1416 1133; x_wconf 66' lang='grc' dir='ltr'><em>μέσῳ</em></span> 
     </span>
     <span class='ocr_line' id='line_1_7' title="bbox 238 1162 1417 1258; baseline -0.001 -27"><span class='ocrx_word' id='word_1_47' title='bbox 238 1167 241 1176; x_wconf 91' lang='grc'><strong>’</strong></span> <span class='ocrx_word' id='word_1_48' title='bbox 271 1181 307 1244; x_wconf 79' lang='grc' dir='ltr'><em>τῷ</em></span> <span class='ocrx_word' id='word_1_49' title='bbox 321 1177 452 1248; x_wconf 76' lang='grc' dir='ltr'>κρίτηριῳ,</span> <span class='ocrx_word' id='word_1_50' title='bbox 475 1189 549 1258; x_wconf 78' lang='lat' dir='ltr'><em>qum</em></span> <span class='ocrx_word' id='word_1_51' title='bbox 570 1190 635 1235; x_wconf 85' lang='lat' dir='ltr'><em>vox</em></span> <span class='ocrx_word' id='word_1_52' title='bbox 657 1164 786 1234; x_wconf 88' lang='lat' dir='ltr'><em>videtur</em></span> <span class='ocrx_word' id='word_1_53' title='bbox 808 1163 952 1232; x_wconf 79' lang='lat' dir='ltr'><em>indicare</em></span> <span class='ocrx_word' id='word_1_54' title='bbox 975 1165 1094 1232; x_wconf 83' lang='lat' dir='ltr'><em>atrium</em></span> <span class='ocrx_word' id='word_1_55' title='bbox 1120 1164 1154 1231; x_wconf 92' lang='lat' dir='ltr'><em>in</em></span> <span class='ocrx_word' id='word_1_56' title='bbox 1178 1186 1244 1255; x_wconf 94' lang='lat' dir='ltr'><em>quo</em></span> <span class='ocrx_word' id='word_1_57' title='bbox 1262 1163 1317 1252; x_wconf 87' lang='lat' dir='ltr'><em>jus</em></span> <span class='ocrx_word' id='word_1_58' title='bbox 1332 1162 1417 1230; x_wconf 91' lang='lat' dir='ltr'><em>dici-</em></span> 
     </span>
     <span class='ocr_line' id='line_1_8' title="bbox 272 1269 1418 1364; baseline -0.003 -25"><span class='ocrx_word' id='word_1_59' title='bbox 272 1273 336 1362; x_wconf 76' lang='lat' dir='ltr'><em>tur)</em></span> <span class='ocrx_word' id='word_1_60' title='bbox 357 1302 365 1339; x_wconf 75' lang='grc' dir='ltr'>ι</span> <span class='ocrx_word' id='word_1_61' title='bbox 389 1273 505 1363; x_wconf 86' lang='lat' dir='ltr'><em>quibus</em></span> <span class='ocrx_word' id='word_1_62' title='bbox 529 1272 663 1355; x_wconf 88' lang='lat' dir='ltr'><em>auditis,</em></span> <span class='ocrx_word' id='word_1_63' title='bbox 686 1274 768 1364; x_wconf 80' lang='lat' dir='ltr'><em>ferte</em></span> <span class='ocrx_word' id='word_1_64' title='bbox 792 1285 902 1340; x_wconf 85' lang='lat' dir='ltr'><em>sancte</em></span> <span class='ocrx_word' id='word_1_65' title='bbox 925 1284 954 1340; x_wconf 91' lang='lat' dir='ltr'><em>et</em></span> <span class='ocrx_word' id='word_1_66' title='bbox 977 1272 1165 1362; x_wconf 83' lang='lat' dir='ltr'><em>incorrupte</em></span> <span class='ocrx_word' id='word_1_67' title='bbox 1187 1269 1364 1361; x_wconf 76' lang='lat' dir='ltr'><em>suffrapia;</em></span> <span class='ocrx_word' id='word_1_68' title='bbox 1387 1284 1418 1337; x_wconf 88' lang='lat' dir='ltr'><em>et</em></span> 
     </span>
     <span class='ocr_line' id='line_1_9' title="bbox 270 1363 1517 1470; baseline -0.002 -24"><span class='ocrx_word' id='word_1_69' title='bbox 270 1377 347 1447; x_wconf 87' lang='lat' dir='ltr'><em>date</em></span> <span class='ocrx_word' id='word_1_70' title='bbox 362 1401 509 1470; x_wconf 83' lang='lat' dir='ltr'><strong><em>operam,</em></strong></span> <span class='ocrx_word' id='word_1_71' title='bbox 526 1393 564 1448; x_wconf 86' lang='lat' dir='ltr'><em>at</em></span> <span class='ocrx_word' id='word_1_72' title='bbox 588 1392 767 1470; x_wconf 82' lang='lat' dir='ltr'><em>antequam</em></span> <span class='ocrx_word' id='word_1_73' title='bbox 780 1378 963 1469; x_wconf 82' lang='lat' dir='ltr'><strong><em>Episcopus</em></strong></span> <span class='ocrx_word' id='word_1_74' title='bbox 974 1377 1180 1470; x_wconf 87' lang='lat' dir='ltr'><em>pronuntiet,</em></span> <span class='ocrx_word' id='word_1_75' title='bbox 1194 1377 1282 1467; x_wconf 80' lang='lat' dir='ltr'><em>fiant</em></span> <span class='ocrx_word' id='word_1_76' title='bbox 1303 1376 1413 1452; x_wconf 86' lang='lat' dir='ltr'><em>amici,</em></span> <span class='ocrx_word' id='word_1_77' title='bbox 1516 1363 1517 1426; x_wconf 70' lang='grc' dir='ltr'>Ῑ</span> 
     </span>
     <span class='ocr_line' id='line_1_10' title="bbox 269 1469 1418 1578; baseline -0.003 -26"><span class='ocrx_word' id='word_1_78' title='bbox 269 1469 310 1552; x_wconf 81' lang='lat' dir='ltr'><em>ne</em></span> <span class='ocrx_word' id='word_1_79' title='bbox 325 1495 419 1554; x_wconf 86' lang='lat' dir='ltr'><em>cacat</em></span> <span class='ocrx_word' id='word_1_80' title='bbox 434 1485 591 1578; x_wconf 79' lang='lat' dir='ltr'><strong><em>Episcopi</em></strong></span> <span class='ocrx_word' id='word_1_81' title='bbox 605 1485 766 1554; x_wconf 86' lang='lat' dir='ltr'><em>sententia</em></span> <span class='ocrx_word' id='word_1_82' title='bbox 788 1507 885 1576; x_wconf 87' lang='lat' dir='ltr'><em>saper</em></span> <span class='ocrx_word' id='word_1_83' title='bbox 901 1496 1024 1552; x_wconf 81' lang='lat' dir='ltr'><em>terram</em></span> <span class='ocrx_word' id='word_1_84' title='bbox 1040 1496 1155 1552; x_wconf 89' lang='lat' dir='ltr'><em>contro</em></span> <span class='ocrx_word' id='word_1_85' title='bbox 1170 1505 1245 1550; x_wconf 90' lang='lat' dir='ltr'><em>eum</em></span> <span class='ocrx_word' id='word_1_86' title='bbox 1260 1483 1319 1574; x_wconf 83' lang='lat' dir='ltr'><em>qni</em></span> <span class='ocrx_word' id='word_1_87' title='bbox 1331 1480 1418 1551; x_wconf 84' lang='lat' dir='ltr'><em>cleli-</em></span> 
     </span>
     <span class='ocr_line' id='line_1_11' title="bbox 271 1589 1415 1683; baseline -0.002 -25"><span class='ocrx_word' id='word_1_88' title='bbox 271 1592 364 1683; x_wconf 85' lang='lat' dir='ltr'><em>qnit,·</em></span> <span class='ocrx_word' id='word_1_89' title='bbox 392 1591 471 1682; x_wconf 86' lang='lat' dir='ltr'><em>quia</em></span> <span class='ocrx_word' id='word_1_90' title='bbox 494 1591 593 1661; x_wconf 79' lang='lat' dir='ltr'><em>ltabet</em></span> <span class='ocrx_word' id='word_1_91' title='bbox 618 1613 727 1660; x_wconf 90' lang='lat' dir='ltr'><em>secum</em></span> <span class='ocrx_word' id='word_1_92' title='bbox 751 1592 787 1660; x_wconf 90' lang='lat' dir='ltr'><em>in</em></span> <span class='ocrx_word' id='word_1_93' title='bbox 812 1591 971 1660; x_wconf 81' lang='lat' dir='ltr'><em>tribunali</em></span> <span class='ocrx_word' id='word_1_94' title='bbox 999 1591 1169 1660; x_wconf 79' lang='lat' dir='ltr'><em>Christum</em></span> <span class='ocrx_word' id='word_1_95' title='bbox 1193 1590 1255 1658; x_wconf 86' lang='lat' dir='ltr'><em>Dei</em></span> <span class='ocrx_word' id='word_1_96' title='bbox 1280 1589 1415 1666; x_wconf 88' lang='lat' dir='ltr'><em>Filium,</em></span> 
     </span>
     <span class='ocr_line' id='line_1_12' title="bbox 264 1696 1420 1790; baseline -0.002 -24"><span class='ocrx_word' id='word_1_97' title='bbox 264 1697 391 1789; x_wconf 86' lang='lat' dir='ltr'><em>judicii</em></span> <span class='ocrx_word' id='word_1_98' title='bbox 404 1699 689 1790; x_wconf 82' lang='lat' dir='ltr'><em>comprobatorem</em></span> <span class='ocrx_word' id='word_1_99' title='bbox 705 1711 736 1766; x_wconf 92' lang='lat' dir='ltr'><em>et</em></span> <span class='ocrx_word' id='word_1_100' title='bbox 751 1698 963 1790; x_wconf 79' lang='lat' dir='ltr'><em>coqnitorcm.</em></span> <span class='ocrx_word' id='word_1_101' title='bbox 986 1698 1028 1766; x_wconf 87' lang='lat' dir='ltr'><em>Si</em></span> <span class='ocrx_word' id='word_1_102' title='bbox 1053 1699 1111 1789; x_wconf 81' lang='lat' dir='ltr'><em>qai</em></span> <span class='ocrx_word' id='word_1_103' title='bbox 1133 1719 1208 1766; x_wconf 87' lang='lat' dir='ltr'><em>acra</em></span> <span class='ocrx_word' id='word_1_104' title='bbox 1222 1721 1243 1764; x_wconf 91' lang='lat' dir='ltr'><em>a</em></span> <span class='ocrx_word' id='word_1_105' title='bbox 1259 1696 1420 1788; x_wconf 81' lang='lat' dir='ltr'><em>quopiam</em></span> 
     </span>
     <span class='ocr_line' id='line_1_13' title="bbox 272 1804 1417 1898; baseline -0.003 -24"><span class='ocrx_word' id='word_1_106' title='bbox 272 1805 311 1874; x_wconf 87' lang='lat' dir='ltr'><em>de</em></span> <span class='ocrx_word' id='word_1_107' title='bbox 326 1806 466 1898; x_wconf 75' lang='lat' dir='ltr'><em>infamia</em></span> <span class='ocrx_word' id='word_1_108' title='bbox 482 1829 548 1874; x_wconf 93' lang='lat' dir='ltr'><em>non</em></span> <span class='ocrx_word' id='word_1_109' title='bbox 564 1818 647 1875; x_wconf 86' lang='lat' dir='ltr'><em>recte</em></span> <span class='ocrx_word' id='word_1_110' title='bbox 661 1804 857 1875; x_wconf 86' lang='lat' dir='ltr'><em>ambulandi</em></span> <span class='ocrx_word' id='word_1_111' title='bbox 870 1806 905 1873; x_wconf 89' lang='lat' dir='ltr'><em>in</em></span> <span class='ocrx_word' id='word_1_112' title='bbox 920 1807 1062 1874; x_wconf 87' lang='lat' dir='ltr'><em>Domino</em></span> <span class='ocrx_word' id='word_1_113' title='bbox 1078 1818 1276 1897; x_wconf 71' lang='lat' dir='ltr'><em>aequantur,</em></span> <span class='ocrx_word' id='word_1_114' title='bbox 1293 1804 1417 1874; x_wconf 86' lang='lat' dir='ltr'><em>auditis</em></span> 
     </span>
    </p>
   </div>
   <div class='ocr_carea' id='block_1_3' title="bbox 271 1909 1518 2003">
    <p class='ocr_par' dir='ltr' id='par_1_3' title="bbox 271 1909 1518 2003">
     <span class='ocr_line' id='line_1_14' title="bbox 271 1909 1518 2003; baseline 0.001 -26"><span class='ocrx_word' id='word_1_115' title='bbox 271 1911 423 1978; x_wconf 87' lang='lat' dir='ltr'><em>similiter</em></span> <span class='ocrx_word' id='word_1_116' title='bbox 437 1912 594 2003; x_wconf 86' lang='lat' dir='ltr'><em>utrisque,</em></span> <span class='ocrx_word' id='word_1_117' title='bbox 608 1923 639 1978; x_wconf 91' lang='lat' dir='ltr'><em>et</em></span> <span class='ocrx_word' id='word_1_118' title='bbox 654 1934 722 1980; x_wconf 92' lang='lat' dir='ltr'><em>nan</em></span> <span class='ocrx_word' id='word_1_119' title='bbox 738 1934 778 1978; x_wconf 82' lang='lat' dir='ltr'><em>ec</em></span> <span class='ocrx_word' id='word_1_120' title='bbox 793 1911 944 2001; x_wconf 87' lang='lat' dir='ltr'><em>opinione</em></span> <span class='ocrx_word' id='word_1_121' title='bbox 951 1909 1188 2002; x_wconf 70' lang='lat' dir='ltr'><em>prejudicato,</em></span> <span class='ocrx_word' id='word_1_122' title='bbox 1199 1933 1301 2002; x_wconf 82' lang='lat' dir='ltr'><em>neque</em></span> <span class='ocrx_word' id='word_1_123' title='bbox 1315 1911 1418 1978; x_wconf 82' lang='lat' dir='ltr'><em>altera</em></span> <span class='ocrx_word' id='word_1_124' title='bbox 1517 1969 1518 1978; x_wconf 73' lang='grc'>,</span> 
     </span>
    </p>
   </div>
   <div class='ocr_carea' id='block_1_4' title="bbox 195 2005 1518 2429">
    <p class='ocr_par' dir='ltr' id='par_1_4' title="bbox 195 2005 1518 2429">
     <span class='ocr_line' id='line_1_15' title="bbox 273 2005 1518 2108; baseline -0.002 -22"><span class='ocrx_word' id='word_1_125' title='bbox 273 2030 406 2086; x_wconf 89' lang='lat' dir='ltr'><em>tantum</em></span> <span class='ocrx_word' id='word_1_126' title='bbox 419 2018 547 2098; x_wconf 87' lang='lat' dir='ltr'><em>audito,</em></span> <span class='ocrx_word' id='word_1_127' title='bbox 564 2017 622 2086; x_wconf 88' lang='lat' dir='ltr'><em>sed</em></span> <span class='ocrx_word' id='word_1_128' title='bbox 629 2018 740 2108; x_wconf 86' lang='lat' dir='ltr'><em>potins</em></span> <span class='ocrx_word' id='word_1_129' title='bbox 751 2018 843 2107; x_wconf 88' lang='lat' dir='ltr'><em>juste</em></span> <span class='ocrx_word' id='word_1_130' title='bbox 858 2027 1020 2108; x_wconf 82' lang='lat' dir='ltr'><em>tanquam</em></span> <span class='ocrx_word' id='word_1_131' title='bbox 1034 2017 1074 2086; x_wconf 88' lang='lat' dir='ltr'><em>dc</em></span> <span class='ocrx_word' id='word_1_132' title='bbox 1087 2018 1161 2085; x_wconf 87' lang='lat' dir='ltr'><em>vito·</em></span> <span class='ocrx_word' id='word_1_133' title='bbox 1171 2030 1202 2086; x_wconf 88' lang='lat' dir='ltr'><em>ct</em></span> <span class='ocrx_word' id='word_1_134' title='bbox 1218 2029 1322 2086; x_wconf 88' lang='lat' dir='ltr'><em>marte</em></span> <span class='ocrx_word' id='word_1_135' title='bbox 1333 2040 1418 2084; x_wconf 90' lang='lat' dir='ltr'><em>sem-</em></span> <span class='ocrx_word' id='word_1_136' title='bbox 1517 2005 1518 2020; x_wconf 46' lang='lat'>¹</span> 
     </span>
     <span class='ocr_line' id='line_1_16' title="bbox 269 2122 1419 2215; baseline -0.003 -25"><span class='ocrx_word' id='word_1_137' title='bbox 269 2125 415 2215; x_wconf 81' lang='lat' dir='ltr'><em>piterna,</em></span> <span class='ocrx_word' id='word_1_138' title='bbox 428 2123 565 2214; x_wconf 75' lang='lat' dir='ltr'><em>serenda</em></span> <span class='ocrx_word' id='word_1_139' title='bbox 581 2135 626 2192; x_wconf 87' lang='lat' dir='ltr'><em>cst</em></span> <span class='ocrx_word' id='word_1_140' title='bbox 641 2124 842 2191; x_wconf 90' lang='lat' dir='ltr'><em>sententia...</em></span> <span class='ocrx_word' id='word_1_141' title='bbox 863 2123 929 2206; x_wconf 84' lang='lat' dir='ltr'><em>Qui</em></span> <span class='ocrx_word' id='word_1_142' title='bbox 942 2123 1031 2191; x_wconf 87' lang='lat' dir='ltr'><em>enim</em></span> <span class='ocrx_word' id='word_1_143' title='bbox 1040 2124 1133 2214; x_wconf 90' lang='lat' dir='ltr'><em>juste</em></span> <span class='ocrx_word' id='word_1_144' title='bbox 1147 2147 1168 2190; x_wconf 94' lang='lat' dir='ltr'><em>a</em></span> <span class='ocrx_word' id='word_1_145' title='bbox 1182 2122 1271 2190; x_wconf 87' lang='lat' dir='ltr'><strong><em>vobis</em></strong></span> <span class='ocrx_word' id='word_1_146' title='bbox 1281 2122 1419 2214; x_wconf 83' lang='lat' dir='ltr'><em>punitus</em></span> 
     </span>
     <span class='ocr_line' id='line_1_17' title="bbox 195 2229 1420 2320; baseline -0.002 -22"><span class='ocrx_word' id='word_1_147' title='bbox 195 2253 199 2262; x_wconf 90' lang='lat'><em>·</em></span> <span class='ocrx_word' id='word_1_148' title='bbox 273 2243 364 2298; x_wconf 87' lang='lat' dir='ltr'><em>estet</em></span> <span class='ocrx_word' id='word_1_149' title='bbox 380 2229 692 2312; x_wconf 78' lang='lat' dir='ltr'><em>excommunicatus,</em></span> <span class='ocrx_word' id='word_1_150' title='bbox 708 2230 797 2298; x_wconf 87' lang='lat' dir='ltr'><em>idem</em></span> <span class='ocrx_word' id='word_1_151' title='bbox 815 2253 836 2298; x_wconf 89' lang='lat' dir='ltr'><em>a</em></span> <span class='ocrx_word' id='word_1_152' title='bbox 852 2229 922 2297; x_wconf 89' lang='lat' dir='ltr'><em>aito</em></span> <span class='ocrx_word' id='word_1_153' title='bbox 946 2229 1132 2300; x_wconf 83' lang='lat' dir='ltr'><em>immortali</em></span> <span class='ocrx_word' id='word_1_154' title='bbox 1145 2242 1175 2298; x_wconf 86' lang='lat' dir='ltr'><em>ct</em></span> <span class='ocrx_word' id='word_1_155' title='bbox 1191 2230 1297 2319; x_wconf 79' lang='lat' dir='ltr'><em>plocio</em></span> <span class='ocrx_word' id='word_1_156' title='bbox 1315 2229 1420 2320; x_wconf 85' lang='lat' dir='ltr'><em>rejec-</em></span> 
     </span>
     <span class='ocr_line' id='line_1_18' title="bbox 274 2323 1415 2429; baseline -0.003 -22"><span class='ocrx_word' id='word_1_157' title='bbox 274 2351 326 2407; x_wconf 85' lang='lat' dir='ltr'><em>tus</em></span> <span class='ocrx_word' id='word_1_158' title='bbox 340 2350 397 2420; x_wconf 86' lang='lat' dir='ltr'><em>cst,</em></span> <span class='ocrx_word' id='word_1_159' title='bbox 415 2349 446 2405; x_wconf 90' lang='lat' dir='ltr'><em>et</em></span> <span class='ocrx_word' id='word_1_160' title='bbox 460 2335 553 2428; x_wconf 83' lang='lat' dir='ltr'><em>apud</em></span> <span class='ocrx_word' id='word_1_161' title='bbox 559 2338 669 2428; x_wconf 87' lang='lat' dir='ltr'><em>justos</em></span> <span class='ocrx_word' id='word_1_162' title='bbox 682 2349 712 2404; x_wconf 87' lang='lat' dir='ltr'><em>ct</em></span> <span class='ocrx_word' id='word_1_163' title='bbox 720 2337 797 2428; x_wconf 89' lang='lat' dir='ltr'><strong><em>pios</em></strong></span> <span class='ocrx_word' id='word_1_164' title='bbox 813 2336 959 2406; x_wconf 79' lang='lat' dir='ltr'><em>homines</em></span> <span class='ocrx_word' id='word_1_165' title='bbox 974 2338 1191 2406; x_wconf 81' lang='lat' dir='ltr'><em>inhonoratus</em></span> <span class='ocrx_word' id='word_1_166' title='bbox 1203 2349 1235 2406; x_wconf 89' lang='lat' dir='ltr'><em>et</em></span> <span class='ocrx_word' id='word_1_167' title='bbox 1246 2323 1415 2429; x_wconf 79' lang='lat' dir='ltr'><em>inqlorias,</em></span> 
     </span>
    </p>
   </div>
   <div class='ocr_carea' id='block_1_5' title="bbox 273 2443 1519 2537">
    <p class='ocr_par' dir='ltr' id='par_1_5' title="bbox 273 2443 1519 2537">
     <span class='ocr_line' id='line_1_19' title="bbox 273 2443 1519 2537; baseline 0.002 -24"><span class='ocrx_word' id='word_1_168' title='bbox 273 2458 304 2513; x_wconf 92' lang='lat' dir='ltr'><em>et</em></span> <span class='ocrx_word' id='word_1_169' title='bbox 323 2444 417 2537; x_wconf 88' lang='lat' dir='ltr'><em>apud</em></span> <span class='ocrx_word' id='word_1_170' title='bbox 434 2444 584 2514; x_wconf 86' lang='lat' dir='ltr'><em>eumdem</em></span> <span class='ocrx_word' id='word_1_171' title='bbox 599 2449 705 2513; x_wconf 85' lang='lat' dir='ltr'><em>Deum</em></span> <span class='ocrx_word' id='word_1_172' title='bbox 728 2443 907 2512; x_wconf 85' lang='lat' dir='ltr'><em>damnatus</em></span> <span class='ocrx_word' id='word_1_173' title='bbox 922 2443 990 2535; x_wconf 88' lang='lat' dir='ltr'><em>(lib.</em></span> <span class='ocrx_word' id='word_1_174' title='bbox 1016 2449 1049 2531; x_wconf 79' lang='lat'><em>2,</em></span> <span class='ocrx_word' id='word_1_175' title='bbox 1067 2467 1096 2512; x_wconf 91' lang='lat' dir='ltr'><em>c.</em></span> <span class='ocrx_word' id='word_1_176' title='bbox 1116 2443 1184 2535; x_wconf 80' lang='lat' dir='ltr'><em>ll).</em></span> <span class='ocrx_word' id='word_1_177' title='bbox 1204 2446 1253 2516; x_wconf 85' lang='lat' dir='ltr'><em>Nc</em></span> <span class='ocrx_word' id='word_1_178' title='bbox 1274 2443 1314 2513; x_wconf 86' lang='lat' dir='ltr'><em>de</em></span> <span class='ocrx_word' id='word_1_179' title='bbox 1328 2444 1421 2512; x_wconf 91' lang='lat' dir='ltr'><em>omni</em></span> <span class='ocrx_word' id='word_1_180' title='bbox 1518 2482 1519 2516; x_wconf 59' lang='lat' dir='ltr'><em>i</em></span> 
     </span>
    </p>
   </div>
   <div class='ocr_carea' id='block_1_6' title="bbox 175 2539 1519 4354">
    <p class='ocr_par' dir='ltr' id='par_1_6' title="bbox 270 2539 1519 3390">
     <span class='ocr_line' id='line_1_20' title="bbox 270 2539 1519 2644; baseline -0.002 -24"><span class='ocrx_word' id='word_1_181' title='bbox 270 2564 403 2642; x_wconf 90' lang='lat' dir='ltr'><em>peccato</em></span> <span class='ocrx_word' id='word_1_182' title='bbox 418 2549 504 2620; x_wconf 86' lang='lat' dir='ltr'><em>idem</em></span> <span class='ocrx_word' id='word_1_183' title='bbox 514 2549 683 2640; x_wconf 82' lang='lat' dir='ltr'><em>judicium</em></span> <span class='ocrx_word' id='word_1_184' title='bbox 693 2550 957 2642; x_wconf 85' lang='lat' dir='ltr'><em>pronuntiatis...</em></span> <span class='ocrx_word' id='word_1_185' title='bbox 975 2551 1063 2619; x_wconf 80' lang='lat' dir='ltr'><em>Alios</em></span> <span class='ocrx_word' id='word_1_186' title='bbox 1085 2549 1217 2644; x_wconf 87' lang='lat' dir='ltr'><em>quidem</em></span> <span class='ocrx_word' id='word_1_187' title='bbox 1232 2550 1308 2619; x_wconf 89' lang='lat' dir='ltr'><em>solis</em></span> <span class='ocrx_word' id='word_1_188' title='bbox 1320 2550 1420 2618; x_wconf 69' lang='lat' dir='ltr'><em>nonis</em></span> <span class='ocrx_word' id='word_1_189' title='bbox 1518 2539 1519 2586; x_wconf 66' lang='lat'>³</span> 
     </span>
     <span class='ocr_line' id='line_1_21' title="bbox 275 2657 1421 2750; baseline -0.003 -24"><span class='ocrx_word' id='word_1_190' title='bbox 275 2673 305 2726; x_wconf 89' lang='lat' dir='ltr'><em>ct</em></span> <span class='ocrx_word' id='word_1_191' title='bbox 330 2657 517 2738; x_wconf 85' lang='lat' dir='ltr'><em>terroribus,</em></span> <span class='ocrx_word' id='word_1_192' title='bbox 539 2657 623 2725; x_wconf 89' lang='lat' dir='ltr'><em>alios</em></span> <span class='ocrx_word' id='word_1_193' title='bbox 650 2657 864 2726; x_wconf 84' lang='lat' dir='ltr'><em>mulctatione</em></span> <span class='ocrx_word' id='word_1_194' title='bbox 886 2657 1050 2750; x_wconf 78' lang='lat' dir='ltr'><em>larpicndi</em></span> <span class='ocrx_word' id='word_1_195' title='bbox 1069 2658 1282 2750; x_wconf 84' lang='lat' dir='ltr'><em>pauperibus,</em></span> <span class='ocrx_word' id='word_1_196' title='bbox 1308 2679 1421 2724; x_wconf 88' lang='lat' dir='ltr'><em>rursus</em></span> 
     </span>
     <span class='ocr_line' id='line_1_22' title="bbox 274 2763 1420 2856; baseline -0.002 -24"><span class='ocrx_word' id='word_1_197' title='bbox 274 2764 357 2834; x_wconf 89' lang='lat' dir='ltr'><em>alios</em></span> <span class='ocrx_word' id='word_1_198' title='bbox 377 2763 521 2856; x_wconf 88' lang='lat' dir='ltr'><em>jejuniis</em></span> <span class='ocrx_word' id='word_1_199' title='bbox 546 2764 740 2855; x_wconf 83' lang='lat' dir='ltr'><em>comprimes</em></span> <span class='ocrx_word' id='word_1_200' title='bbox 757 2763 863 2833; x_wconf 86' lang='lat' dir='ltr'><em>:item</em></span> <span class='ocrx_word' id='word_1_201' title='bbox 886 2764 967 2834; x_wconf 88' lang='lat' dir='ltr'><em>alios</em></span> <span class='ocrx_word' id='word_1_202' title='bbox 995 2787 1035 2833; x_wconf 82' lang='lat' dir='ltr'><em>cc</em></span> <span class='ocrx_word' id='word_1_203' title='bbox 1059 2765 1204 2833; x_wconf 83' lang='lat' dir='ltr'><em>Ecclesia</em></span> <span class='ocrx_word' id='word_1_204' title='bbox 1226 2763 1334 2856; x_wconf 84' lang='lat' dir='ltr'><em>ejicies</em></span> <span class='ocrx_word' id='word_1_205' title='bbox 1355 2787 1420 2856; x_wconf 91' lang='lat' dir='ltr'><em>pro</em></span> 
     </span>
     <span class='ocr_line' id='line_1_23' title="bbox 276 2870 1421 2965; baseline -0.003 -25"><span class='ocrx_word' id='word_1_206' title='bbox 276 2870 505 2965; x_wconf 77' lang='lat' dir='ltr'><em>rnopnitudine</em></span> <span class='ocrx_word' id='word_1_207' title='bbox 526 2883 557 2940; x_wconf 90' lang='lat' dir='ltr'><em>ct</em></span> <span class='ocrx_word' id='word_1_208' title='bbox 579 2871 744 2963; x_wconf 79' lang='lat' dir='ltr'><em>pravitate</em></span> <span class='ocrx_word' id='word_1_209' title='bbox 768 2871 914 2940; x_wconf 83' lang='lat' dir='ltr'><em>criminis</em></span> <span class='ocrx_word' id='word_1_210' title='bbox 935 2898 945 2938; x_wconf 92' lang='lat'><em>.·</em></span> <span class='ocrx_word' id='word_1_211' title='bbox 965 2872 1142 2964; x_wconf 84' lang='lat' dir='ltr'><em>siquidem</em></span> <span class='ocrx_word' id='word_1_212' title='bbox 1164 2872 1216 2940; x_wconf 83' lang='lat' dir='ltr'><em>lea</em></span> <span class='ocrx_word' id='word_1_213' title='bbox 1236 2895 1300 2940; x_wconf 91' lang='lat' dir='ltr'><em>non</em></span> <span class='ocrx_word' id='word_1_214' title='bbox 1325 2893 1421 2940; x_wconf 91' lang='lat' dir='ltr'><em>omne</em></span> 
     </span>
     <span class='ocr_line' id='line_1_24' title="bbox 277 2977 1421 3070; baseline -0.003 -21"><span class='ocrx_word' id='word_1_215' title='bbox 277 2981 431 3050; x_wconf 87' lang='lat' dir='ltr'><em>delictum</em></span> <span class='ocrx_word' id='word_1_216' title='bbox 446 2978 558 3046; x_wconf 86' lang='lat' dir='ltr'><em>eadem</em></span> <span class='ocrx_word' id='word_1_217' title='bbox 571 2977 730 3070; x_wconf 88' lang='lat' dir='ltr'><em>supplicio</em></span> <span class='ocrx_word' id='word_1_218' title='bbox 739 2978 947 3068; x_wconf 86' lang='lat' dir='ltr'><em>puniebat</em></span> <span class='ocrx_word' id='word_1_219' title='bbox 967 2979 1076 3048; x_wconf 81' lang='lat' dir='ltr'><em>:alios</em></span> <span class='ocrx_word' id='word_1_220' title='bbox 1090 2978 1221 3070; x_wconf 87' lang='lat' dir='ltr'><em>quidem</em></span> <span class='ocrx_word' id='word_1_221' title='bbox 1238 2991 1342 3048; x_wconf 88' lang='lat' dir='ltr'><em>morte</em></span> <span class='ocrx_word' id='word_1_222' title='bbox 1351 3001 1421 3070; x_wconf 88' lang='lat' dir='ltr'><em>pu-</em></span> 
     </span>
     <span class='ocr_line' id='line_1_25' title="bbox 278 3083 1422 3176; baseline -0.003 -20"><span class='ocrx_word' id='word_1_223' title='bbox 278 3088 388 3156; x_wconf 88' lang='lat' dir='ltr'><em>niebat</em></span> <span class='ocrx_word' id='word_1_224' title='bbox 413 3086 464 3154; x_wconf 89' lang='lat' dir='ltr'><em>vel</em></span> <span class='ocrx_word' id='word_1_225' title='bbox 487 3085 576 3154; x_wconf 87' lang='lat' dir='ltr'><em>cruci</em></span> <span class='ocrx_word' id='word_1_226' title='bbox 599 3083 764 3175; x_wconf 80' lang='lat' dir='ltr'><em>affipendo</em></span> <span class='ocrx_word' id='word_1_227' title='bbox 794 3085 847 3153; x_wconf 88' lang='lat' dir='ltr'><em>vel</em></span> <span class='ocrx_word' id='word_1_228' title='bbox 872 3085 1066 3176; x_wconf 82' lang='lat' dir='ltr'><em>lapidanda,</em></span> <span class='ocrx_word' id='word_1_229' title='bbox 1085 3086 1168 3154; x_wconf 88' lang='lat' dir='ltr'><em>alios</em></span> <span class='ocrx_word' id='word_1_230' title='bbox 1196 3109 1271 3156; x_wconf 87' lang='lat' dir='ltr'><em>uero</em></span> <span class='ocrx_word' id='word_1_231' title='bbox 1298 3087 1422 3154; x_wconf 89' lang='lat' dir='ltr'><em>mulcta</em></span> 
     </span>
     <span class='ocr_line' id='line_1_26' title="bbox 275 3191 1421 3285; baseline -0.002 -23"><span class='ocrx_word' id='word_1_232' title='bbox 275 3193 423 3285; x_wconf 77' lang='lat' dir='ltr'><em>pecunia</em></span> <span class='ocrx_word' id='word_1_233' title='bbox 443 3192 495 3259; x_wconf 88' lang='lat' dir='ltr'><em>vel</em></span> <span class='ocrx_word' id='word_1_234' title='bbox 514 3191 709 3273; x_wconf 71' lang='lat' dir='ltr'><em>ominibus,</em></span> <span class='ocrx_word' id='word_1_235' title='bbox 726 3193 778 3261; x_wconf 87' lang='lat' dir='ltr'><em>vel</em></span> <span class='ocrx_word' id='word_1_236' title='bbox 797 3191 928 3261; x_wconf 88' lang='lat' dir='ltr'><em>talione.</em></span> <span class='ocrx_word' id='word_1_237' title='bbox 957 3195 1048 3285; x_wconf 81' lang='lat' dir='ltr'><em>Erqo</em></span> <span class='ocrx_word' id='word_1_238' title='bbox 1070 3214 1125 3262; x_wconf 86' lang='lat' dir='ltr'><em>vas</em></span> <span class='ocrx_word' id='word_1_239' title='bbox 1142 3215 1269 3285; x_wconf 80' lang='lat' dir='ltr'><em>quaque</em></span> <span class='ocrx_word' id='word_1_240' title='bbox 1294 3193 1421 3262; x_wconf 85' lang='lat' dir='ltr'><em>div&#39;ecsa</em></span> 
     </span>
     <span class='ocr_line' id='line_1_27' title="bbox 279 3297 1075 3390; baseline -0.003 -22"><span class='ocrx_word' id='word_1_241' title='bbox 279 3299 398 3368; x_wconf 87' lang='lat' dir='ltr'><em>delicta</em></span> <span class='ocrx_word' id='word_1_242' title='bbox 412 3297 543 3365; x_wconf 87' lang='lat' dir='ltr'><em>diversis</em></span> <span class='ocrx_word' id='word_1_243' title='bbox 554 3297 663 3388; x_wconf 84' lang='lat' dir='ltr'><em>poenis</em></span> <span class='ocrx_word' id='word_1_244' title='bbox 673 3297 805 3388; x_wconf 83' lang='lat' dir='ltr'><em>plectite</em></span> <span class='ocrx_word' id='word_1_245' title='bbox 824 3297 892 3388; x_wconf 87' lang='lat' dir='ltr'><em>(lib.</em></span> <span class='ocrx_word' id='word_1_246' title='bbox 911 3301 943 3380; x_wconf 79' lang='lat'><em>2,</em></span> <span class='ocrx_word' id='word_1_247' title='bbox 961 3322 990 3366; x_wconf 93' lang='lat' dir='ltr'><em>c.</em></span> <span class='ocrx_word' id='word_1_248' title='bbox 1008 3301 1075 3390; x_wconf 82' lang='lat' dir='ltr'><em>ts).</em></span> 
     </span>
    </p>

    <p class='ocr_par' dir='ltr' id='par_1_7' title="bbox 175 3403 1424 4354">
     <span class='ocr_line' id='line_1_28' title="bbox 324 3403 1419 3500; baseline 0.003 -27"><span class='ocrx_word' id='word_1_249' title='bbox 324 3407 361 3473; x_wconf 89' lang='lat' dir='ltr'><em>ln</em></span> <span class='ocrx_word' id='word_1_250' title='bbox 377 3404 513 3472; x_wconf 89' lang='lat' dir='ltr'><em>coneilio</em></span> <span class='ocrx_word' id='word_1_251' title='bbox 527 3403 664 3470; x_wconf 80' lang='lat' dir='ltr'><em>Nieaeno</em></span> <span class='ocrx_word' id='word_1_252' title='bbox 685 3403 905 3473; x_wconf 80' lang='lat' dir='ltr'><em>interfuerunt</em></span> <span class='ocrx_word' id='word_1_253' title='bbox 920 3427 987 3475; x_wconf 87' lang='lat' dir='ltr'><em>non</em></span> <span class='ocrx_word' id='word_1_254' title='bbox 1003 3407 1097 3497; x_wconf 82' lang='lat' dir='ltr'><em>pauci</em></span> <span class='ocrx_word' id='word_1_255' title='bbox 1113 3408 1229 3476; x_wconf 81' lang='lat' dir='ltr'><em>Ariani</em></span> <span class='ocrx_word' id='word_1_256' title='bbox 1246 3407 1393 3500; x_wconf 87' lang='lat' dir='ltr'><strong><em>Episcopi</em></strong></span> <span class='ocrx_word' id='word_1_257' title='bbox 1412 3433 1419 3475; x_wconf 74' lang='grc' dir='ltr'><strong><em>ε</em></strong></span> 
     </span>
     <span class='ocr_line' id='line_1_29' title="bbox 280 3509 1423 3605; baseline 0 -23"><span class='ocrx_word' id='word_1_258' title='bbox 280 3515 448 3582; x_wconf 81' lang='lat' dir='ltr'><em>hiantem</em></span> <span class='ocrx_word' id='word_1_259' title='bbox 473 3531 548 3577; x_wconf 91' lang='lat' dir='ltr'><em>cum</em></span> <span class='ocrx_word' id='word_1_260' title='bbox 564 3509 711 3578; x_wconf 85' lang='lat' dir='ltr'><em>viderent</em></span> <span class='ocrx_word' id='word_1_261' title='bbox 738 3510 801 3579; x_wconf 89' lang='lat' dir='ltr'><em>sibi</em></span> <span class='ocrx_word' id='word_1_262' title='bbox 827 3512 1001 3581; x_wconf 89' lang='lat' dir='ltr'><em>imminere</em></span> <span class='ocrx_word' id='word_1_263' title='bbox 1022 3537 1041 3580; x_wconf 82' lang='lat' dir='ltr'><em>e</em></span> <span class='ocrx_word' id='word_1_264' title='bbox 1061 3514 1207 3605; x_wconf 81' lang='lat' dir='ltr'><em>patribus</em></span> <span class='ocrx_word' id='word_1_265' title='bbox 1232 3513 1423 3583; x_wconf 84' lang='lat' dir='ltr'><em>orthodoxis</em></span> 
     </span>
     <span class='ocr_line' id='line_1_30' title="bbox 243 3617 1422 3711; baseline -0.002 -21"><span class='ocrx_word' id='word_1_266' title='bbox 243 3691 246 3700; x_wconf 82' lang='grc'>,</span> <span class='ocrx_word' id='word_1_267' title='bbox 280 3617 594 3702; x_wconf 82' lang='lat' dir='ltr'><em>condemnationem,</em></span> <span class='ocrx_word' id='word_1_268' title='bbox 612 3617 653 3684; x_wconf 84' lang='lat' dir='ltr'><em>ad</em></span> <span class='ocrx_word' id='word_1_269' title='bbox 668 3617 917 3688; x_wconf 83' lang='lat' dir='ltr'><em>Constantinum</em></span> <span class='ocrx_word' id='word_1_270' title='bbox 932 3619 1160 3711; x_wconf 82' lang='lat' dir='ltr'><em>imperatorem</em></span> <span class='ocrx_word' id='word_1_271' title='bbox 1177 3643 1344 3690; x_wconf 84' lang='lat' dir='ltr'><em>recursum</em></span> <span class='ocrx_word' id='word_1_272' title='bbox 1359 3621 1422 3688; x_wconf 81' lang='lat' dir='ltr'><em>hn-</em></span> 
     </span>
     <span class='ocr_line' id='line_1_31' title="bbox 279 3723 1422 3818; baseline -0.003 -21"><span class='ocrx_word' id='word_1_273' title='bbox 279 3731 380 3798; x_wconf 87' lang='lat' dir='ltr'><em>buere</em></span> <span class='ocrx_word' id='word_1_274' title='bbox 399 3723 498 3817; x_wconf 89' lang='lat' dir='ltr'><em>(quod</em></span> <span class='ocrx_word' id='word_1_275' title='bbox 514 3732 546 3790; x_wconf 85' lang='lat' dir='ltr'><em>et</em></span> <span class='ocrx_word' id='word_1_276' title='bbox 558 3731 653 3790; x_wconf 76' lang='lat' dir='ltr'><em>antea</em></span> <span class='ocrx_word' id='word_1_277' title='bbox 673 3723 816 3792; x_wconf 80' lang='lat' dir='ltr'><em>iecerunt</em></span> <span class='ocrx_word' id='word_1_278' title='bbox 840 3725 1031 3814; x_wconf 82' lang='lat' dir='ltr'><em>Donatistae,</em></span> <span class='ocrx_word' id='word_1_279' title='bbox 1048 3728 1192 3818; x_wconf 78' lang='lat' dir='ltr'><em>graviter</em></span> <span class='ocrx_word' id='word_1_280' title='bbox 1207 3729 1249 3798; x_wconf 91' lang='lat' dir='ltr'><em>ob</em></span> <span class='ocrx_word' id='word_1_281' title='bbox 1265 3751 1336 3796; x_wconf 85' lang='lat' dir='ltr'><em>eam</em></span> <span class='ocrx_word' id='word_1_282' title='bbox 1352 3750 1422 3796; x_wconf 83' lang='lat' dir='ltr'><em>rem</em></span> 
     </span>
     <span class='ocr_line' id='line_1_32' title="bbox 281 3831 1422 3928; baseline -0.002 -24"><span class='ocrx_word' id='word_1_283' title='bbox 281 3860 301 3904; x_wconf 83' lang='lat' dir='ltr'><strong><em>o</em></strong></span> <span class='ocrx_word' id='word_1_284' title='bbox 320 3835 358 3902; x_wconf 85' lang='lat' dir='ltr'><em>S.</em></span> <span class='ocrx_word' id='word_1_285' title='bbox 377 3831 563 3921; x_wconf 83' lang='lat' dir='ltr'><em>Augustino</em></span> <span class='ocrx_word' id='word_1_286' title='bbox 584 3831 766 3922; x_wconf 80' lang='lat' dir='ltr'><em>increpati).</em></span> <span class='ocrx_word' id='word_1_287' title='bbox 795 3833 974 3923; x_wconf 77' lang='lat' dir='ltr'><em>Imperator</em></span> <span class='ocrx_word' id='word_1_288' title='bbox 995 3843 1103 3903; x_wconf 84' lang='lat' dir='ltr'><em>nutem</em></span> <span class='ocrx_word' id='word_1_289' title='bbox 1125 3836 1285 3928; x_wconf 81' lang='lat' dir='ltr'><em>supphees</em></span> <span class='ocrx_word' id='word_1_290' title='bbox 1309 3857 1422 3904; x_wconf 87' lang='lat' dir='ltr'><em>corum</em></span> 
     </span>
     <span class='ocr_line' id='line_1_33' title="bbox 175 3936 1424 4030; baseline -0.002 -20"><span class='ocrx_word' id='word_1_291' title='bbox 175 3969 178 3976; x_wconf 91' lang='lat'>·</span> <span class='ocrx_word' id='word_1_292' title='bbox 281 3941 412 4010; x_wconf 89' lang='lat' dir='ltr'><em>libellos</em></span> <span class='ocrx_word' id='word_1_293' title='bbox 429 3937 537 4027; x_wconf 84' lang='lat' dir='ltr'><em>legere</em></span> <span class='ocrx_word' id='word_1_294' title='bbox 562 3936 680 4023; x_wconf 86' lang='lat' dir='ltr'><em>noluit,</em></span> <span class='ocrx_word' id='word_1_295' title='bbox 699 3937 800 4006; x_wconf 90' lang='lat' dir='ltr'><em>immo</em></span> <span class='ocrx_word' id='word_1_296' title='bbox 816 3937 957 4008; x_wconf 87' lang='lat' dir='ltr'><em>flammis</em></span> <span class='ocrx_word' id='word_1_297' title='bbox 973 3940 1081 4030; x_wconf 86' lang='lat' dir='ltr'><em>injecit</em></span> <span class='ocrx_word' id='word_1_298' title='bbox 1092 3968 1101 4028; x_wconf 88' lang='lat'>;</span> <span class='ocrx_word' id='word_1_299' title='bbox 1120 3944 1278 4011; x_wconf 80' lang='lat' dir='ltr'><em>rationem</em></span> <span class='ocrx_word' id='word_1_300' title='bbox 1302 3943 1424 4010; x_wconf 87' lang='lat' dir='ltr'><em>addens</em></span> 
     </span>
     <span class='ocr_line' id='line_1_34' title="bbox 284 4043 1424 4140; baseline -0.003 -22"><span class='ocrx_word' id='word_1_301' title='bbox 284 4054 466 4118; x_wconf 84' lang='lat' dir='ltr'><em>memoratu</em></span> <span class='ocrx_word' id='word_1_302' title='bbox 488 4043 635 4134; x_wconf 80' lang='lat' dir='ltr'><em>dignam,</em></span> <span class='ocrx_word' id='word_1_303' title='bbox 651 4066 750 4135; x_wconf 83' lang='lat' dir='ltr'><em>quam</em></span> <span class='ocrx_word' id='word_1_304' title='bbox 766 4045 864 4113; x_wconf 79' lang='lat' dir='ltr'><em>refert</em></span> <span class='ocrx_word' id='word_1_305' title='bbox 881 4045 932 4114; x_wconf 87' lang='lat' dir='ltr'><em>his</em></span> <span class='ocrx_word' id='word_1_306' title='bbox 947 4047 1055 4115; x_wconf 85' lang='lat' dir='ltr'><em>verbis</em></span> <span class='ocrx_word' id='word_1_307' title='bbox 1071 4047 1226 4119; x_wconf 84' lang='lat' dir='ltr'><em>Ruffinus</em></span> <span class='ocrx_word' id='word_1_308' title='bbox 1243 4050 1339 4140; x_wconf 78' lang='lat' dir='ltr'><em>(Hist.</em></span> <span class='ocrx_word' id='word_1_309' title='bbox 1357 4051 1424 4130; x_wconf 77' lang='lat' dir='ltr'><em>Ec-</em></span> 
     </span>
     <span class='ocr_line' id='line_1_35' title="bbox 284 4151 1423 4244; baseline -0.002 -20"><span class='ocrx_word' id='word_1_310' title='bbox 284 4156 371 4235; x_wconf 89' lang='lat' dir='ltr'><em>cles.‚</em></span> <span class='ocrx_word' id='word_1_311' title='bbox 388 4153 444 4220; x_wconf 88' lang='lat' dir='ltr'><em>lib.</em></span> <span class='ocrx_word' id='word_1_312' title='bbox 473 4155 525 4238; x_wconf 84' lang='lat'><em>10,</em></span> <span class='ocrx_word' id='word_1_313' title='bbox 541 4158 618 4218; x_wconf 90' lang='lat' dir='ltr'><em>sect.</em></span> <span class='ocrx_word' id='word_1_314' title='bbox 642 4151 760 4242; x_wconf 83' lang='lat' dir='ltr'><em>prima,</em></span> <span class='ocrx_word' id='word_1_315' title='bbox 781 4175 852 4244; x_wconf 84' lang='lat' dir='ltr'><em>cop.</em></span> <span class='ocrx_word' id='word_1_316' title='bbox 877 4153 908 4243; x_wconf 80' lang='lat'><em>2)</em></span> <span class='ocrx_word' id='word_1_317' title='bbox 931 4180 938 4219; x_wconf 91' lang='lat'>:</span> <span class='ocrx_word' id='word_1_318' title='bbox 961 4179 977 4218; x_wconf 83' lang='lat' dir='ltr'><em>u</em></span> <span class='ocrx_word' id='word_1_319' title='bbox 992 4153 1080 4222; x_wconf 88' lang='lat' dir='ltr'><em>Deus</em></span> <span class='ocrx_word' id='word_1_320' title='bbox 1103 4177 1160 4224; x_wconf 89' lang='lat' dir='ltr'><em>vos</em></span> <span class='ocrx_word' id='word_1_321' title='bbox 1185 4157 1349 4224; x_wconf 85' lang='lat' dir='ltr'><em>constituit</em></span> <span class='ocrx_word' id='word_1_322' title='bbox 1370 4179 1423 4222; x_wconf 85' lang='lat' dir='ltr'><em>sa-</em></span> 
     </span>
     <span class='ocr_line' id='line_1_36' title="bbox 287 4257 1418 4354; baseline 0.002 -26"><span class='ocrx_word' id='word_1_323' title='bbox 287 4293 304 4330; x_wconf 80' lang='lat'>«</span> <span class='ocrx_word' id='word_1_324' title='bbox 328 4259 483 4346; x_wconf 81' lang='lat' dir='ltr'><em>rordotes,</em></span> <span class='ocrx_word' id='word_1_325' title='bbox 495 4269 526 4324; x_wconf 88' lang='lat' dir='ltr'><em>et</em></span> <span class='ocrx_word' id='word_1_326' title='bbox 538 4266 725 4348; x_wconf 81' lang='lat' dir='ltr'><em>potestatem</em></span> <span class='ocrx_word' id='word_1_327' title='bbox 739 4258 832 4354; x_wconf 80' lang='lat' dir='ltr'><em>vobis</em></span> <span class='ocrx_word' id='word_1_328' title='bbox 843 4257 930 4326; x_wconf 85' lang='lat' dir='ltr'><em>dedit</em></span> <span class='ocrx_word' id='word_1_329' title='bbox 942 4259 981 4328; x_wconf 88' lang='lat' dir='ltr'><em>de</em></span> <span class='ocrx_word' id='word_1_330' title='bbox 992 4259 1225 4354; x_wconf 83' lang='lat' dir='ltr'><em>nobisquoque</em></span> <span class='ocrx_word' id='word_1_331' title='bbox 1233 4262 1400 4354; x_wconf 74' lang='lat' dir='ltr'><em>judicandi</em></span> <span class='ocrx_word' id='word_1_332' title='bbox 1410 4291 1418 4350; x_wconf 90' lang='lat'>;</span> 
     </span>
    </p>
   </div>
   <div class='ocr_carea' id='block_1_7' title="bbox 0 0 1532 4962">
    <p class='ocr_par' dir='ltr' id='par_1_8' title="bbox 0 0 1532 4962">
     <span class='ocr_line' id='line_1_37' title="bbox 0 0 1532 4962; baseline 0 0"><span class='ocrx_word' id='word_1_333' title='bbox 0 0 1532 4962; x_wconf 95' lang='lat' dir='ltr'><em> </em></span> 
     </span>
    </p>
   </div>
  </div>
 </body>
</html>
