3030 4980
508 451 511 458 Ι
546 503 620 548 rins
643 503 787 550 sarrana.
1173 489 1233 549 sto

100 653 116 690 a
139 625 300 694 Convenit
313 631 421 692 umen
433 629 470 692 ut
481 623 550 716 ipse
565 645 599 692 sc
610 623 769 693 abstineat
785 623 874 692 illam
888 646 1018 693 causam
1034 647 1241 714 cognoscere,

100 759 116 797 a
139 741 171 800 et
192 732 286 800 alteri
302 731 463 822 delegare.

141 843 173 906 2⁰
193 865 210 904 c
234 836 482 907 advertendum
506 837 540 905 in
565 837 625 906 hac
653 838 788 906 materia
810 835 1051 929 appellationis,
1075 835 1177 928 quod,
1202 835 1241 904 de

100 973 116 1010 r
136 945 210 1037 jure
224 945 402 1014 novissimo
416 944 498 1012 sacri
515 943 642 1012 concilii
659 943 844 1013 Tridentini
862 943 907 1033 (in
925 965 1002 1011 sess.
1022 947 1077 1030 at,
1094 963 1164 1035 cap.
1185 947 1239 1028 20,

101 1081 117 1118 a
141 1051 180 1120 de
193 1054 291 1143 Rcfi),
308 1051 342 1118 in
358 1051 464 1120 tribus
483 1051 612 1120 casibus
626 1051 733 1119 solum
748 1050 905 1142 appellari
930 1057 1067 1141 potesta
1082 1051 1242 1141 suffraga-

100 1186 116 1226 r
144 1160 212 1228 neis
237 1158 279 1227 ad
302 1157 588 1250 Metropolitanum
608 1184 616 1225 ι
628 1157 753 1249 primo,
771 1180 790 1224 a
809 1156 981 1225 definitiva
1007 1180 1082 1248 qum
1104 1157 1243 1248 imponit

101 1293 119 1332 a
142 1266 289 1334 ultimam
307 1287 440 1333 manum
454 1265 503 1332 liti
512 1291 522 1352 3
538 1263 690 1346 secundo,
708 1263 748 1332 ab
764 1262 1006 1333 interlocutoria
1024 1263 1161 1332 habente
1173 1265 1240 1332 vim

102 1401 118 1439 a
142 1372 340 1452 definitivae;
357 1372 464 1454 tertio,
483 1371 705 1462 agravamine
719 1370 935 1461 irreparabili,
951 1370 985 1438 id
1006 1378 1066 1458 est,
1081 1369 1168 1461 quod
1184 1394 1241 1463 per

102 1507 119 1548 (ι
141 1479 341 1548 definitivam
357 1479 500 1570 reparari
522 1501 587 1546 non
610 1486 726 1570 potest.
746 1476 881 1568 (Concil.
897 1476 1062 1567 Trident,
1079 1500 1156 1548 sess.
1187 1483 1241 1566 lt,

102 1611 213 1680 «cap.
235 1587 419 1679 l,deltc[.)

148 1723 165 1764 a
179 1697 244 1766 Sed
260 1695 420 1788 quaeritur
434 1694 513 1787 quid
525 1694 566 1764 sit
578 1717 756 1786 gravamen
772 1694 1004 1786 irreparabile?
1017 1694 1243 1787 Respondetur

104 1831 121 1868 a
144 1827 322 1894 gravamen
337 1802 546 1895 irreparabile
561 1802 625 1870 dici
641 1823 772 1870 omnem
785 1807 894 1870 actum
911 1801 1189 1892 irretractabilem,
1208 1812 1243 1871 nt

104 1939 122 1979 a
145 1919 192 1980 est
207 1909 515 1997 excommunicatio,
530 1908 718 1995 carceralia,
736 1918 767 1976 et
781 1908 846 1977 alia
860 1908 1092 1999 hujusmodi...

147 2022 177 2086 3ο
197 2045 213 2084 a
227 2017 278 2088 Ex
294 2017 502 2110 supradictis,
512 2025 559 2085 cst
571 2016 667 2085 valde
684 2015 863 2084 notandum
878 2015 965 2108 qood
982 2039 1049 2086 non
1063 2017 1170 2087 omnis
1182 2043 1244 2112 ap-

106 2155 122 2192 a
146 2127 274 2218 pellatio
295 2135 342 2195 est
367 2123 568 2194 admittenda
583 2147 603 2191 a
618 2123 750 2193 Vicario
767 2123 1027 2216 archiepiscopi;
1044 2147 1084 2193 ne
1104 2125 1143 2194 de
1158 2126 1244 2194 facili

106 2261 122 2298 a
147 2233 300 2303 tollantur
323 2255 429 2301 cansae
454 2231 747 2320 suffraganeorum,
768 2239 798 2297 et
820 2253 933 2299 eorum
957 2230 1133 2302 tribunalia
1151 2235 1244 2325 parvi

106 2370 123 2408 a
146 2342 348 2435 pendantur5
374 2349 406 2409 et
436 2363 475 2408 ne
504 2339 704 2428 suffraganei
732 2346 887 2430 spernant
910 2338 1144 2409 inhibitiones:
1168 2365 1242 2410 nam

106 2475 124 2516 r
146 2457 278 2521 cavetur
292 2450 326 2517 in
341 2471 431 2518 sacro
444 2446 579 2516 concilio
591 2445 782 2514 Tridentino
789 2445 878 2536 (sess.
898 2448 989 2530 13,c.
1008 2450 1081 2532 l,et
1096 2471 1174 2517 sess.
1187 2455 1241 2538 at,

107 2583 124 2620 «
147 2579 175 2624 c.
199 2560 254 2642 20,
275 2555 314 2624 de
336 2557 419 2646 llas.)
438 2553 526 2646 quod
547 2576 605 2621 nec
629 2551 810 2642 Episcopus
833 2573 892 2618 nec
913 2551 1066 2621 Vicarins
1092 2563 1243 2625 tenentur

108 2689 124 2727 «
148 2663 294 2730 assentiri
309 2662 569 2753 quibuscumque
584 2657 846 2743 inhibitionibus,
864 2665 895 2726 et
911 2656 1036 2726 deferre
1052 2661 1246 2754 cuicumque

108 2795 125 2833 «
148 2769 366 2859 appellationi,
389 2767 451 2836 nisi
471 2769 505 2836 in
527 2768 592 2835 illis
608 2768 712 2837 tribus
731 2766 859 2834 casibus
883 2766 1063 2857 dequibus
1086 2767 1241 2838 diximus.

108 2901 124 2938 a
147 2873 241 2954 Quod
260 2873 356 2941 etism
383 2872 567 2963 disponitur
589 2894 648 2963 per
661 2871 907 2940 constitutiones
933 2871 1115 2963 pontificias
1136 2883 1168 2942 et
1188 2901 1245 2968 pcc

109 2981 379 3048 «declarationes
410 2980 518 3048 Sacrae
547 2978 826 3069 Congregationis.
856 3005 873 3042 »
900 2977 1099 3070 (Pellegrini,
1129 2981 1245 3052 Praxis

105 3083 325 3171 vicariorum,
338 3085 407 3153 loco
422 3085 530 3170 citato,
546 3107 581 3151 n.
603 3087 640 3152 13
656 3093 687 3152 et
704 3085 785 3175 seq.)

152 3195 183 3260 l·
197 3191 334 3259 Diversa
350 3193 386 3258 lit
405 3190 549 3259 conditio
563 3190 686 3260 Vioarii
702 3187 861 3279 generalis
875 3187 1132 3280 Archiepiscopi,
1148 3203 1247 3283 prout

106 3299 288 3390 appellatur
317 3321 336 3366 a
364 3297 521 3365 sententia
549 3295 740 3382 definitivo,
768 3294 821 3361 vel
849 3294 1018 3361 dumtaxat
1046 3317 1065 3362 a
1090 3302 1248 3368 sententia

107 3405 348 3473 interlocutoria
377 3413 432 3472 aut
456 3402 659 3494 gravamine.
687 3401 771 3470 Nam
797 3401 831 3468 in
857 3423 933 3468 casu
959 3400 1183 3491 appellationis
1206 3409 1247 3474 ab

109 3512 350 3580 interlocutoria
365 3511 417 3581 vel
433 3510 637 3600 gravamine,
657 3531 721 3577 non
737 3507 775 3574 fit
791 3506 895 3597 judex
916 3529 1021 3574 causa
1040 3508 1245 3602 principalia,

109 3620 172 3687 nisi
199 3627 370 3711 postquam
396 3617 621 3710 pronuntiavit
646 3615 721 3684 bene
743 3614 843 3705 sitisse
870 3613 1085 3704 appellatum.
1115 3617 1142 3684 E
1170 3643 1253 3688 oon-

110 3738 160 3796 tra
175 3729 305 3819 quando
321 3725 518 3818 appellatum
534 3731 581 3792 est
595 3747 614 3791 a
629 3721 787 3792 sententia
805 3720 984 3807 definitiva,
1003 3721 1109 3789 statim
1130 3732 1160 3792 et
1180 3727 1251 3818 ipso

111 3836 194 3903 lacto
226 3834 402 3926 interjecta
431 3831 653 3925 appellationis
685 3829 892 3898 constituitur
919 3849 1025 3896 causae
1064 3829 1253 3924 principalis

110 3941 226 4034 judex,
244 3941 278 4008 in
301 3963 366 4032 qna
389 3962 487 4007 cansa
514 3936 685 4029 principali
706 3936 777 4026 jam
806 3933 917 4026 nequit
935 3933 1038 4025 judex
1063 3959 1085 4002 o
1104 3961 1168 4028 quo
1184 3964 1253 4010 sese

113 4049 307 4118 immiscere.
333 4045 428 4138 (Vide
459 4045 692 4135 Pellegrinum,
721 4039 1031 4133 parte1,sectione
1067 4045 1098 4130 3,
1122 4047 1255 4116 subsec-

115 4157 202 4224 tione
221 4158 251 4240 1,
269 4177 303 4222 n.
322 4153 391 4244 20.)

163 4267 194 4330 5⁰
208 4260 347 4345 Quando
357 4259 459 4354 judex
475 4283 495 4328 a
510 4283 573 4352 quo
590 4257 657 4350 ipsa
672 4262 786 4348 sponte
800 4254 916 4324 detulit
930 4255 1151 4347 appellationi,
1168 4262 1257 4332 nulla
