3056 4972
561 466 634 514 ries
657 466 761 513 erma.
1162 450 1224 515 249

87 597 265 680 gnoscatur
276 611 318 658 an
333 589 406 681 quis
419 610 462 657 ex
475 589 702 681 prorogatione
716 595 899 681 competens
911 587 1015 681 judex
1028 587 1135 681 quoad
1149 612 1227 659 eau-

88 721 161 766 sem
183 697 326 788 aliquem
348 697 498 783 evaserit,
515 695 682 766 sciendum
705 699 827 764 est21⁰
852 695 931 788 quid
956 697 998 764 sit
1022 699 1225 788 prorogetio;

89 812 125 874 2·
141 805 320 897 quotuplex
335 803 572 894 distinguatur;
591 806 623 871 3ο
639 825 789 895 quaenam
805 804 1014 896 requirantur
1029 803 1228 873 conditiones

88 921 127 981 ut
153 911 338 1003 prorogatio
359 911 483 998 valeat3
508 915 541 979 ι0
557 934 599 979 au
619 910 693 980 laici
720 910 844 1001 possint
866 931 1065 1002 prorogare;
1084 915 1116 979 5⁰
1132 933 1174 980 an
1197 920 1228 980 ct

89 1018 178 1088 idem
195 1018 244 1086 ies
259 1018 300 1086 sit
321 1018 457 1086 olorinis.

138 1136 169 1193 1⁰
187 1125 276 1211 Quid
296 1127 338 1195 sit
354 1126 559 1219 prorogatio.
576 1165 620 1178 -
640 1125 853 1215 «Prorogare
872 1125 1133 1217 jurisdictionem
1146 1125 1229 1196 nihil

94 1261 110 1300 ι
134 1233 225 1304 aliud
248 1243 296 1301 est
315 1255 415 1325 quem
434 1233 616 1303 voluntarie
636 1233 734 1303 alicui
756 1231 857 1324 judici
883 1256 916 1302 se
938 1232 1152 1324 subjiciendo,
1176 1235 1228 1304 oui

94 1366 111 1405 ι
135 1340 209 1432 quis
223 1341 302 1408 alies
316 1339 419 1409 inille
433 1363 530 1410 causa
544 1340 708 1433 subjectus
724 1361 790 1408 nou
805 1348 865 1428 est,
880 1341 949 1431 ejus
969 1339 1228 1430 jurisdictionem

94 1473 110 1510 ι
133 1469 171 1515 ac
192 1453 381 1538 potestatem
396 1469 495 1538 supra
519 1469 552 1515 se
572 1444 759 1533 extendere,
776 1454 807 1515 et
831 1447 876 1514 sic
897 1446 1040 1516 alienum
1056 1454 1088 1516 et
1103 1448 1229 1516 incom-

95 1581 112 1619 ι
135 1561 295 1644 petentem
321 1553 477 1646 judicem,
506 1563 619 1646 sponte
644 1554 679 1622 in
703 1576 778 1622 eum
804 1553 1047 1640 consentiendo,
1076 1576 1172 1624 suum
1199 1564 1230 1624 ot

95 1687 112 1726 ιι
134 1667 368 1751 competentem
394 1661 543 1730 lacere.»
565 1659 743 1753 (Pirrhing,
767 1661 802 1729 in
821 1661 954 1730 titulum
980 1665 1013 1747 2,
1030 1661 1106 1729 libri
1125 1666 1144 1730 2
1164 1662 1230 1732 De·

92 1767 274 1854 cretalium,
290 1790 324 1835 n.
351 1770 439 1857 att.)
455 1768 646 1858 Prorogetio
671 1767 826 1836 definitur
842 1765 929 1859 apud
945 1767 1111 1837 Ademum
1139 1768 1229 1839 Huth

95 1877 138 1962 [in
162 1877 212 1944 tit.
240 1878 274 1962 2,
297 1875 354 1944 lib.
380 1881 400 1944 2
426 1877 566 1962 Decret.‚
582 1899 616 1968 q.
646 1879 700 1962 12,
723 1897 809 1966 resp.
835 1873 867 1966 l)
888 1901 895 1943 :
916 1875 1102 1944 «Exteusio
1124 1877 1229 1968 juris-

96 2012 111 2051 ι
134 1983 284 2054 dictionis
305 1985 346 2053 ud
366 2007 531 2077 personas,
546 2007 689 2070 oausam,
707 1991 848 2075 tempus,
866 1983 918 2052 vel
938 1983 1060 2070 locum,
1081 1983 1227 2077 inques,

96 2121 112 2157 ιι
134 2095 264 2185 quaudo
277 2103 309 2164 et
324 2093 381 2163 uhi
393 2092 472 2160 alias
486 2114 552 2160 non
567 2091 731 2182 competit,
747 2111 907 2158 consensu
925 2089 1028 2160 libero
1042 2092 1228 2161 eurumdem

97 2223 347 2292 «personarum
374 2201 467 2270 lacta
491 2225 508 2264 a
540 2199 678 2268 Brevius
705 2196 836 2266 deliniri
860 2203 964 2289 potest
982 2198 1123 2282 :ludici
1145 2201 1230 2270 alio-

95 2307 170 2396 quin
197 2308 426 2398 incompetenti
448 2329 509 2398 per
537 2326 723 2374 comensem
750 2303 902 2396 partium
933 2303 1049 2374 addita
1074 2307 1231 2398 sufficiens

90 2413 287 2505 jurisdictio.
304 2414 438 2484 Certum
449 2423 497 2482 est
509 2414 584 2506 jure
597 2413 746 2480 Romano
762 2411 909 2502 partibus
923 2410 1055 2481 concedi
1071 2413 1181 2482 multis
1195 2415 1229 2483 in

96 2521 220 2590 usibus
233 2521 416 2589 incultum
428 2519 511 2589 hono
524 2518 669 2611 judicem
685 2540 752 2587 non
767 2540 863 2587 suum
878 2517 1034 2604 adeundi,
1051 2526 1083 2586 et
1098 2541 1230 2611 compe·

96 2635 211 2696 tentem
225 2626 396 2698 efficiendi.
409 2626 505 2718 (Vide
519 2627 608 2716 leges
622 2625 850 2713 Justiuianeas,
866 2648 887 2693 a
901 2624 1058 2716 Pirrhiug
1077 2633 1109 2693 et
1124 2625 1226 2715 Huth,

95 2732 161 2804 loco
182 2735 291 2823 citato,
307 2734 488 2824 indicatas.)
506 2733 587 2815 Ques
604 2733 770 2826 dispositio
796 2733 832 2800 iu
852 2733 906 2824 jus
923 2733 1020 2800 etiam
1034 2732 1229 2802 ecelesiasti-

21 2911 23 2916 ,
97 2863 166 2910 oum
180 2864 279 2910 snex
299 2852 390 2933 purte
417 2840 593 2929 transierit,
611 2849 643 2910 et
666 2840 842 2910 hodiedum
861 2849 1116 2931 permanenter
1133 2840 1228 2912 modo

98 2947 237 3018 dicendis
252 2948 400 3041 liquebit.

137 3058 170 3121 2⁰
187 3055 373 3147 Quotuples
397 3054 618 3146 distorquetur
631 3053 838 3146 prorogatio.
856 3091 899 3106 -
918 3079 935 3118 ιι
955 3053 1007 3120 Fit
1027 3063 1136 3123 auum
1158 3055 1229 3126 haec

99 3183 115 3227 e
138 3163 323 3254 prorogatio
348 3170 488 3254 quatuor
514 3161 720 3254 potissimum
744 3159 862 3250 modis,
888 3159 1036 3230 videlicet
1064 3187 1072 3228 ι
1098 3161 1138 3230 de
1163 3187 1229 3233 une

103 3291 273 3358 «persona
297 3268 458 3337 adoliam
484 3290 670 3362 personam,
693 3267 734 3336 de
760 3290 795 3335 re
820 3268 888 3357 (seu
913 3264 953 3334 de
976 3287 1043 3334 una
1061 3289 1158 3336 cause
1187 3267 1227 3336 ad

104 3397 118 3436 ι
139 3373 232 3442 aliam
254 3374 412 3465 oausam),
430 3372 470 3444 de
486 3383 631 3465 tempore
655 3371 696 3441 ed
717 3380 855 3463 tempus,
880 3371 920 3440 de
946 3371 1015 3440 loco
1041 3370 1082 3440 ad
1106 3371 1225 3442 locum.

103 3482 335 3573 oliaemplum
355 3482 479 3572 prime
501 3481 783 3573 prorogationis:
810 3476 941 3570 quando
968 3479 1088 3548 scilieet
1110 3479 1225 3572 judici,

103 3611 117 3648 a
138 3588 192 3675 qui
215 3587 387 3658 limitatam
409 3586 669 3679 jurisdictionem
692 3587 788 3656 habet
811 3586 848 3654 iu
862 3609 930 3656 una
948 3586 1077 3656 civitate
1092 3586 1144 3656 vel
1157 3595 1227 3656 ter-

103 3694 257 3782 aritorio‚
287 3693 411 3764 subditi
439 3694 537 3764 alieni
572 3703 686 3763 mutuo
724 3715 885 3764 consensu
912 3715 946 3762 se
973 3693 1162 3783 subjiciunt,
1192 3703 1229 3762 ut

104 3826 119 3864 ι
138 3822 228 3870 cause
243 3823 357 3872 eorum
372 3809 585 3892 cognoscetur
598 3799 774 3893 perillum,
785 3800 838 3870 oui
851 3800 930 3870 alias
945 3797 1052 3892 quoad
1067 3822 1142 3868 suas
1153 3823 1228 3892 per-

104 3931 119 3970 «
138 3931 228 3978 sonas
243 3930 311 3977 non
325 3917 402 3978 sunt
422 3908 568 4000 subjecti.
586 3910 788 4000 Exemplum
806 3907 952 3978 secunde
970 3907 1225 3998 prorogationis,

104 4039 120 4076 ι
138 4015 252 4084 seilicet
265 4015 305 4085 de
320 4038 356 4085 re
370 4015 411 4085 ad
425 4039 507 4104 rem,
517 4025 578 4104 est,
592 4015 620 4084 si
630 4014 733 4107 judici
749 4016 879 4085 habenti
892 4014 1061 4084 limitatam
1072 4014 1228 4106 jurisdic-

105 4147 119 4182 a
138 4123 266 4211 tionem,
277 4132 312 4192 ut
327 4145 392 4193 non
405 4123 505 4216 possit
516 4145 708 4214 cognoscere
723 4120 763 4190 de
774 4144 903 4192 summa
913 4122 1085 4192 excedente
1098 4133 1227 4194 centum

106 4251 258 4320 «eureos,
275 4236 382 4322 partes
408 4231 570 4323 litigantes
591 4253 690 4323 super
712 4229 835 4322 majore
857 4252 984 4302 summe
1005 4252 1039 4300 se
1062 4231 1092 4304 ei
1114 4239 1226 4306 mutuo
