3056 4972
571 517 646 565 rans
668 517 772 564 rurus.
1173 497 1231 562 atr

97 659 117 700 c
143 644 202 707 aut
221 641 316 706 testes
336 636 433 708 falsos
452 637 505 707 vel
520 647 705 730 corruptos3
729 638 808 706 alias
830 637 904 706 falsi
925 636 1049 706 crimen
1069 636 1239 708 incurrent

98 769 117 808 c
147 742 231 833 (lege
244 748 323 813 Item
338 767 404 813 non
417 767 537 814 nouam
550 745 669 836 citata).
687 769 705 810 n

149 876 168 915 c
181 849 385 920 Fidelitatem
405 861 437 921 et
457 851 623 921 silentium
643 851 752 920 clienti
773 861 903 921 servent
922 873 1023 920 :nam
1043 851 1071 920 si
1085 873 1162 920 enm
1178 850 1238 919 nd·

98 983 117 1022 u
143 958 301 1046 versario,
323 967 379 1028 aut
397 959 465 1051 ejus
488 959 652 1029 advocatis
671 959 871 1046 colluseriut,
895 959 946 1028 vel
968 981 1100 1028 causam
1123 957 1237 1050 prodi-

98 1093 117 1130 α
144 1066 266 1155 derint,
292 1075 349 1136 eut
370 1065 494 1158 aliquid
517 1067 551 1134 in
576 1089 691 1136 eorum
714 1067 853 1156 gratiam
872 1067 1057 1154 omiserint,
1080 1073 1235 1158 tanquam

97 1199 116 1238 (ι
143 1175 407 1265 praevaricatores
425 1180 457 1242 et
476 1173 624 1242 criminis
643 1173 715 1242 falsi
739 1173 786 1242 rei
803 1173 914 1266 puniri
929 1181 1082 1265 poterunt
1102 1173 1183 1264 (lege
1197 1173 1239 1242 Si

97 1307 116 1347 ι
142 1282 217 1372 quas
233 1285 287 1367 38,
303 1282 325 1373 ξ
341 1279 421 1368 an.
439 1279 648 1369 dePoen.).n
712 1329 717 1340 .

149 1415 168 1452 n
182 1389 323 1456 Causam
343 1386 444 1456 semel
463 1396 646 1479 susceptam
662 1387 776 1456 cliente
796 1387 900 1457 invito
916 1410 982 1456 non
997 1387 1157 1473 deserant,
1177 1386 1240 1455 nisi

99 1521 117 1560 c
143 1495 309 1585 reperiant
326 1515 395 1562 esse
410 1493 577 1585 injustam,
601 1493 655 1562 sed
672 1492 713 1562 ad
734 1494 860 1562 exitum
882 1494 1059 1586 perducunt
1079 1515 1180 1586 usque
1197 1493 1239 1562 ad

99 1627 117 1664 α
144 1601 336 1670 seutentiam
353 1599 552 1669 definitivam
571 1601 652 1692 (lege
667 1600 915 1692 Propemodum
929 1601 1047 1691 citata).
1065 1627 1083 1666 a

148 1734 167 1772 u
182 1708 255 1778 Non
278 1708 410 1798 exigant
432 1706 484 1776 vel
504 1707 660 1799 recipiant
679 1706 894 1777 immodicum
913 1707 1057 1794 tucrum,
1075 1707 1240 1776 honorarii

100 1841 118 1880 c
144 1816 215 1882 sive
231 1815 388 1884 mercedis
405 1823 436 1883 et
452 1815 560 1884 salarii
581 1815 727 1900 nomine,
744 1815 896 1907 quamvis
909 1815 1146 1906 impendissent
1165 1813 1241 1881 dili-

100 1948 117 1985 «
145 1919 290 2009 gentiam
306 1920 464 2008 debitam,
481 1927 513 1988 et
530 1941 663 1988 causam
684 1921 725 1989 ad
745 1927 894 2013 optatum
910 1918 1009 1990 finam
1027 1920 1240 2012 perduxerint

99 2051 117 2092 c
147 2026 229 2116 (lege
245 2025 369 2118 Siquis
387 2031 417 2111 u,
433 2049 461 2093 c.
479 2023 518 2094 de
532 2025 760 2115 Postulundo).
777 2051 794 2091 s

564 2335 707 2407 CAPUT
729 2336 773 2407 V.

99 2559 141 2604 nn
166 2557 374 2622 summersus,
404 2557 626 2622 assussoauus,
654 2557 768 2603 rrscam
794 2555 976 2604 rnouoronr
1001 2556 1040 2601 ur
1063 2555 1240 2617 snvomro,

134 2661 288 2712 'aurnuns
315 2666 352 2710 rr
376 2664 546 2730 smusnus,
575 2664 632 2710 nuc
658 2663 718 2710 non
742 2661 921 2710 censorinus
946 2663 1000 2709 suu
1023 2661 1143 2710 aarum
1174 2642 1244 2730 (an-

148 2749 295 2838 mssrvu).

147 2990 332 3059 Necessaria
353 2992 450 3060 etiam
474 2990 514 3058 de
539 2991 591 3058 his
611 2991 772 3082 personis,
796 3011 975 3082 earumque
997 2988 1112 3058 officiis
1133 2991 1241 3078 notio;

104 3097 162 3166 sed
186 3120 263 3165 cum
283 3099 317 3166 in
340 3097 481 3168 meunda
500 3106 654 3166 tractatus
672 3107 761 3190 parte
782 3098 932 3188 (sectione
952 3096 999 3186 2),
1022 3097 1138 3166 ubido
1157 3105 1242 3168 recte

104 3203 315 3293 intelligenda
335 3213 366 3272 et
387 3203 567 3272 ordinanda
585 3203 758 3296 episcopati
782 3203 872 3272 curie
894 3224 1046 3272 normam
1066 3202 1239 3291 tradimus,

105 3311 320 3402 opportunior
349 3309 458 3379 redeat
481 3310 520 3378 de
546 3310 660 3378 iisdem
692 3309 871 3379 disserendi
896 3310 1031 3398 occasio,
1060 3333 1160 3402 quam
1186 3311 1242 3378 hic

105 3418 290 3487 omittimus
315 3416 576 3510 descriptionem,
609 3418 745 3509 reperiet
770 3418 869 3486 lector
896 3417 980 3486 dicto
1010 3417 1080 3486 loeo
1109 3419 1243 3508 exposi-

102 3534 183 3593 tam.

149 3633 247 3702 Nota.
266 3631 347 3698 Item
364 3630 403 3700 de
420 3631 553 3699 testibus
573 3631 624 3699 hic
642 3629 790 3717 silemus,
808 3631 1035 3722 opportuniori
1051 3631 1121 3700 loco
1135 3632 1170 3700 in
1186 3653 1241 3700 sea

103 3737 211 3808 cunda
223 3746 312 3829 parte
325 3737 365 3805 de
379 3737 419 3806 iis
432 3737 561 3807 dicturi.

517 4048 825 4061 ψη...-
