3046 4962
555 515 630 563 raus
653 512 757 563 curua.
1179 495 1218 562 29

87 657 173 726 libus
189 665 220 724 et
243 653 476 747 temporalibus
495 681 502 723 :
518 663 615 746 atqua
633 679 671 724 ea
687 665 735 725 ast
755 655 868 748 capitis
889 657 1038 746 proxime
1057 657 1221 748 sequentis

89 765 238 848 materia3
263 767 297 830 2ο
320 763 496 853 probamus
514 763 583 830 vim
605 763 754 832 Ecclesiae
775 763 950 832 coactivam
976 762 1219 853 intelligendam

88 893 154 938 asse
177 871 275 938 etiam
302 870 342 937 dc
365 869 471 960 poenis
491 869 725 962 temporalibus
748 878 779 938 et
801 871 1022 962 corporalibus
1046 898 1053 938 :
1077 869 1164 962 quod
1185 870 1220 939 in

88 977 287 1069 subsequens
302 985 398 1067 caput
412 974 586 1067 sejunctim
600 975 806 1046 enodandum
823 977 997 1068 rejicimus.

542 1315 685 1388 CAPUT
712 1315 769 1386 lll.

88 1527 282 1574 nanueun'run
304 1527 490 1574 absumta
512 1527 580 1582 ΟΠΞ
602 1529 738 1576 enonattr
760 1529 905 1576 mamm
927 1525 1101 1575 coniurans
1123 1527 1224 1576 roaolt

97 1642 101 1647 '
170 1635 337 1682 multisunt
360 1636 414 1682 SEU
436 1637 678 1701 CONTENTIOSUH,
701 1637 762 1683 cuit
785 1638 817 1682 Vl
840 1637 952 1690 amous
973 1637 1133 1684 GOACTIVA·

128 1863 172 1934 Ut
186 1865 383 1934 sufficienter
402 1866 538 1956 probent
557 1874 747 1956 argumenta
767 1867 802 1934 in
821 1866 881 1935 boc
899 1867 1001 1956 capite
1022 1866 1222 1952 deducenda,

11 1975 12 1978 ’
89 1970 162 2037 satis
180 1979 231 2038 est
251 1995 291 2039 cx
313 1973 360 2040 eis
382 1981 469 2042 certo
492 1973 649 2040 vindicari
673 1972 823 2040 Ecclesia
845 1973 951 2041 forum
972 1974 1222 2059 contentiosum,

88 2100 158 2144 eum
175 2085 332 2170 potestate
347 2079 485 2169 cogendi
500 2079 611 2146 saltem
630 2102 689 2171 per
702 2080 885 2172 spirituales
901 2102 1025 2170 poenas.
1048 2083 1075 2147 A
1100 2080 1226 2149 fortiori

87 2193 192 2252 autem
219 2185 327 2253 valida
347 2193 454 2274 erunt,
480 2209 554 2278 quar
581 2186 765 2278 probabunt
792 2186 1037 2254 ecclesiasticam
1059 2209 1116 2276 per
1141 2195 1224 2253 tem·

11 2365 12 2384 χ
86 2291 211 2380 porales
237 2301 269 2360 et
294 2291 476 2384 corporales
502 2315 614 2383 poenas
639 2293 807 2360 coercendi
837 2300 1036 2384 potestatem.
1063 2293 1223 2375 Quoniam

10 2447 12 2508 l

87 2407 192 2466 autem
214 2397 288 2467 idco
306 2399 457 2466 Ecclesia
477 2397 655 2488 denegatur
677 2399 717 2466 ab
740 2398 945 2467 heterodoxis
962 2398 1071 2466 forum
1091 2409 1225 2468 conten-

10 2517 11 2570 t
87 2505 219 2592 tiosnm,
236 2507 325 2596 quia,
341 2515 377 2574 nt
394 2506 456 2599 ipsi
470 2505 593 2594 dicunt,
610 2507 679 2575 vim
694 2505 869 2574 coactivam
886 2506 920 2572 in
942 2506 1062 2574 invitos
1081 2528 1147 2574 uon
1165 2507 1225 2575 ba-

86 2611 149 2698 bet,
165 2612 208 2680 ad
223 2634 292 2680 rem
307 2613 402 2680 etiam
416 2613 535 2682 facient
549 2623 741 2704 argumenta
756 2636 831 2706 quae
846 2612 965 2681 dictam
985 2613 1053 2681 vim
1075 2613 1224 2682 coerciti-

10 2747 11 2808 ᾗ
86 2742 158 2787 vam
176 2719 413 2808 demonstrant,
430 2721 503 2792 licet
518 2721 558 2790 de
572 2721 644 2791 foro
661 2721 859 2790 contentioso
874 2720 973 2790 simul
991 2744 1056 2790 non
1071 2729 1218 2790 tractent.

624 3135 697 3226 §a

415 3327 600 3389 Argumentum
617 3338 648 3374 cr
665 3325 798 3389 Scriptura
813 3338 896 3376 sacra.

10 3479 11 3512 ³
129 3531 160 3594 1.
185 3525 314 3593 Direxit
329 3533 459 3593 sanctus
474 3525 595 3594 Paulus
614 3525 778 3617 apostolus
793 3526 834 3594 ad
858 3524 1067 3598 Timotheum
1082 3524 1223 3621 Ephesi-

86 3655 163 3700 num
181 3632 378 3724 Episcopum
394 3633 582 3723 hujusmodi
596 3642 795 3724 praeeeptnm
811 3660 818 3700 ι
834 3632 991 3703 Adversus
998 3638 1225 3727 presbyterum

10 3741 11 3770 ³
86 3739 325 3808 mmtsatiouem
347 3741 417 3807 noli
434 3741 583 3831 recipcre,
601 3741 664 3808 nisi
677 3741 736 3808 sub
751 3739 875 3810 duobus
896 3755 954 3809 aut
974 3743 1076 3811 tribus
1097 3744 1227 3812 testibus

90 3849 116 3936 ll
132 3847 173 3915 ad
191 3847 335 3915 Timoth.
360 3854 391 3936 5,
414 3847 481 3937 19).
503 3847 606 3916 Porro
629 3848 685 3915 ille
703 3855 811 3916 textus
831 3850 945 3940 probat
960 3850 1112 3918 Ecclesia
1133 3875 1225 3920 com-

87 3964 191 4042 petere
215 3953 322 4021 forum
343 3954 578 4022 contentiosum
593 3975 650 4022 seu
668 3953 799 4044 proprie
814 3953 931 4022 dictam
945 3953 1149 4044 judiciariam
1166 3979 1228 4046 po-

88 4069 244 4129 testatem.
269 4060 352 4128 Nam
369 4059 415 4128 ibi
428 4061 546 4129 adsunt
563 4059 625 4128 lori
639 4061 768 4127 externi
793 4081 850 4129 sen
866 4060 1056 4128 contentiosi
1069 4063 1229 4130 essentia-

85 4166 139 4253 lia,
157 4167 216 4236 ubi
230 4165 351 4234 adsunt
369 4169 480 4254 Actor,
500 4167 590 4235 Reus
610 4175 641 4234 et
660 4165 766 4235 ludex
787 4165 897 4258 aliqua
911 4174 1066 4258 potestate
1086 4169 1228 4236 coactiva

87 4274 274 4366 praeditus:
297 4280 413 4342 caetera
433 4273 473 4342 ad
496 4275 657 4342 forensem
676 4283 868 4366 apparatum
889 4272 1035 4342 adbiberi
1059 4275 1169 4362 solita,
1193 4287 1230 4344 nt
