3046 4962
641 455 814 502 aucturus
835 455 874 502 DE
895 455 1029 503 eunicus

741 796 885 868 CAPUT
907 798 934 864 l.

298 1017 498 1064 anmantuus
521 1017 662 1064 mmm
684 1018 770 1064 (ΗΒΕΑ
792 1018 985 1064 Junlclatuss
1010 1019 1154 1065 BOELESOE
1176 1019 1370 1066 mamare!

762 1123 908 1172 mom.

311 1351 328 1390 a
351 1327 484 1394 Primus
500 1327 613 1396 Aetius
628 1349 758 1396 omnem
778 1327 930 1396 scalena
948 1325 1208 1417 jurisdictionem
1227 1335 1259 1395 et
1275 1327 1404 1418 legisla-

264 1459 283 1496 (ι
306 1433 407 1500 livam
428 1441 616 1524 potestatem
635 1435 760 1525 eripere
782 1441 916 1502 conatus
938 1440 998 1500 est.
1018 1434 1098 1524 Ejus
1117 1457 1262 1503 errorem
1277 1435 1405 1524 sequuti
1509 1465 1510 1526 ᾗ

265 1567 283 1603 a
306 1547 384 1606 sunt
396 1539 588 1626 valdenses,
604 1542 746 1610 loannes
767 1541 919 1628 Hussins,
936 1539 1100 1610 Marsilius
1117 1541 1308 1628 Patavinns,
1323 1541 1404 1610 Jarr-
1509 1565 1510 1642 3

266 1673 283 1710 a
306 1646 432 1732 donus,
458 1647 640 1736 botherus,
671 1647 844 1734 Calvinus,
871 1648 1021 1735 Grotius3
1053 1649 1111 1739 qni
1141 1648 1221 1716 lalso
1249 1657 1404 1740 putarunt
1509 1655 1510 1718 ξ

266 1781 283 1818 a
306 1753 429 1822 nubam
445 1754 595 1823 Ecclesiae
608 1777 678 1823 esse
689 1755 962 1846 jurisdictionem,
977 1754 1033 1823 sed
1047 1777 1177 1823 omnem
1191 1755 1262 1847 ejus
1274 1755 1308 1822 in
1322 1755 1404 1823 diri-

266 1885 283 1924 s
307 1860 414 1950 gendo
429 1869 460 1928 et
474 1859 640 1930 suadendo
655 1862 792 1951 positam
806 1885 875 1930 esse
890 1863 1126 1930 anctoritatem.
1149 1862 1274 1930 Horum
1288 1885 1405 1930 exem·
1509 1865 1510 1930 3

265 1993 284 2031 s
306 1965 361 2057 plo
381 1974 591 2058 protestantes
612 1990 726 2036 omnes
750 1967 809 2060 qni
828 1968 884 2058 jus
905 1967 1068 2060 Principis
1089 1969 1124 2036 in
1151 1991 1242 2037 sacra
1259 1978 1403 2054 tuentur,

266 2100 284 2139 a
308 2073 456 2142 Ecclesiae
477 2074 628 2142 adimunt
645 2074 855 2165 judiciariam
881 2083 1083 2166 potestatem.
1102 2074 1253 2157 Quicum
1269 2075 1404 2144 Pulfen-

265 2206 283 2246 a
306 2178 410 2248 dorlio
436 2181 626 2268 Ecclesiam,
647 2203 713 2250 non
735 2180 919 2250 distinctam
944 2181 1178 2274 rempublicam
1203 2190 1258 2249 ant
1280 2193 1405 2250 statam

265 2311 283 2352 «
309 2287 358 2377 (ut
386 2287 570 2378 inquiunt),
599 2287 655 2355 sed
685 2296 812 2356 tantum
838 2287 1011 2379 callepium
1037 2311 1106 2356 esse
1130 2288 1329 2356 contendunt
1358 2289 1405 2377 (nt
1509 2275 1510 2364 l

264 2419 281 2460 c
305 2393 519 2481 Moshemins,
536 2395 749 2480 Bohemerns,
766 2393 921 2480 Budaeus,
935 2395 1080 2485 aliique),
1097 2395 1246 2463 Ecclesiae
1263 2415 1331 2462 esse
1348 2417 1405 2462 ne·
1509 2453 1510 2480 ,

267 2527 284 2565 a
308 2509 386 2590 gant
397 2501 604 2592 judiciariam
618 2509 826 2592 potestatem
841 2501 896 2568 sed
913 2501 1046 2570 hancad
1057 2501 1111 2591 jus
1125 2501 1297 2593 majestatis
1307 2501 1406 2569 Prin·

269 2633 286 2672 a
308 2607 389 2697 cipis
406 2607 572 2675 saecnlaris
587 2599 748 2700 pertinere
762 2607 981 2694 arbitrantnr3
999 2615 1095 2700 atque
1110 2607 1261 2677 Ecclesia
1280 2617 1406 2676 tantum

266 2739 283 2778 a
303 2712 357 2803 jus
381 2712 547 2802 collegiale
563 2715 722 2782 tribuunt.
740 2715 882 2784 loannes
908 2714 1054 2782 Bodinus
1073 2715 1107 2806 (l.
1126 2721 1143 2783 3
1165 2714 1204 2784 de
1224 2715 1402 2807 Repetitio.)

265 2820 527 2888 aecclesiasticae
555 2821 775 2912 jurisdictioni
802 2843 840 2888 ao
866 2819 937 2890 loro
960 2821 1169 2892 vehementer
1195 2822 1403 2909 adversatur3

266 2951 283 2991 a
307 2935 404 3018 atque
428 2949 504 2994 enm
528 2936 657 2996 secutus
675 2934 724 2995 est
738 2925 875 2997 Carolus
899 2927 1059 3018 Loysaeus
1081 2929 1115 2996 in
1141 2951 1201 2998 sno
1226 2929 1337 2996 Troitc'
1353 2929 1406 2998 des

266 3060 284 3100 a
306 3035 511 3126 seipneunies.
530 3035 567 3102 ln
582 3035 695 3104 eodem
710 3036 779 3103 luto
794 3035 923 3103 haesitat
936 3035 975 3102 P.
989 3035 1038 3104 La
1050 3035 1169 3120 Borde,
1180 3035 1238 3126 qui
1251 3035 1407 3126 opusculo

265 3169 283 3206 s
306 3143 359 3210 cni
375 3142 500 3228 titulus,
514 3141 682 3232 Principes
695 3164 752 3209 sur
767 3141 923 3224 fossaseca,
939 3141 972 3208 ta
987 3141 1173 3210 distinction
1187 3153 1218 3209 et
1232 3141 1276 3209 les
1289 3141 1407 3209 limites

266 3273 283 3314 c
308 3247 362 3315 des
376 3247 463 3316 deuo:
474 3249 660 3340 poissances
672 3247 850 3338 spirituells
861 3261 892 3316 ct
908 3248 1106 3339 temporelle,
1121 3247 1228 3316 datam
1243 3270 1263 3314 a
1277 3247 1407 3316 Christo
1509 3297 1510 3334 ,

265 3353 459 3421 «Ecclesiae
487 3361 689 3444 potestatem,
716 3376 782 3422 non
810 3354 916 3423 solum
946 3354 1110 3444 dirigendi
1133 3376 1192 3446 per
1214 3353 1349 3422 consilia
1375 3363 1407 3422 et

265 3485 283 3524 a
306 3458 486 3545 suasiones,
503 3458 559 3526 sed
576 3459 672 3526 etiam
692 3458 831 3550 jubendi
854 3461 1028 3553 perleges,
1046 3458 1247 3550 cogendique
1262 3470 1293 3527 et
1311 3481 1408 3550 poena

266 3590 284 3630 a
307 3564 476 3633 coercendi
497 3565 624 3655 eosqui
640 3587 737 3656 poena
752 3574 830 3635 sunt
845 3566 950 3656 digni,
966 3566 1157 3634 labefactare
1172 3589 1209 3634 ac
1224 3565 1336 3634 tollere
1351 3589 1407 3634 co-

265 3697 283 3737 α
306 3681 423 3757 natur;
438 3678 536 3760 atque
547 3671 799 3741 ecclesiasticum
814 3672 1030 3741 ministerium
1042 3673 1088 3739 ita
1099 3672 1249 3740 saeculari
1260 3674 1406 3763 potestati

266 3803 284 3843 a
308 3776 452 3868 subjicit,
469 3784 505 3844 ut
519 3776 561 3845 ad
578 3777 661 3846 hanc
682 3779 843 3870 pertinere
870 3778 1042 3848 contendat
1057 3779 1097 3847 de
1117 3787 1251 3847 externa
1264 3780 1355 3847 omni
1370 3801 1406 3848 aa
1509 3773 1510 3852 l

265 3883 449 3952 «sensibili
477 3883 710 3972 gubernatione
737 3907 930 3975 cognoscere
953 3909 990 3954 ac
1011 3884 1169 3976 judicare.
1199 3885 1343 3954 Pravnm
1369 3909 1407 3954 ac
1509 3875 1510 3944 l

265 4017 282 4057 a
306 3990 524 4081 perniciosum
540 3991 735 4082 opusculum
751 3992 921 4061 damnavit
941 3991 1134 4061 Benedictus
1156 3991 1236 4062 xlv
1249 3992 1406 4061 constitu·
1509 3989 1510 4066 l

264 4125 281 4164 a
306 4099 392 4165 tione
408 4096 459 4165 Aa
477 4097 624 4167 assiduos
642 4101 708 4187 (lt,
727 4107 806 4166 tom.
826 4103 843 4166 t
863 4100 934 4192 ejus
951 4098 1101 4184 Bullarii,
1118 4120 1194 4190 pag.
1215 4102 1290 4184 163,
1308 4099 1406 4167 editio

265 4205 451 4275 «Romana
474 4229 530 4274 seu
556 4205 680 4278 Veneta
709 4205 820 4298 imag
837 4215 869 4275 et
891 4206 1007 4276 similis
1033 4205 1168 4275 Marsilii
1196 4205 1346 4276 Patavini
1374 4215 1406 4276 et
1459 4267 1461 4272 .
1509 4191 1510 4278 l
