3046 4962
273 473 312 538 18
626 491 802 540 racusanus
830 493 868 536 na
890 487 1025 536 sumens

275 643 291 679 ι
315 635 412 705 super
433 615 479 681 rei
505 614 607 705 (verbi
634 615 754 702 gretia,
784 613 915 698 domus,
941 610 1090 680 beneficii
1112 609 1328 699 ecclesiastici,
1350 616 1406 679 aut

274 746 290 785 ιι
312 721 396 813 juris
411 722 566 810 eligendi,
579 721 630 789 vel
642 721 842 812 patronatus)
856 720 1002 790 dominio
1013 720 1066 788 vel
1078 719 1170 810 quasi
1183 719 1338 797 dominio;
1354 717 1406 786 vel
1516 788 1517 796 χ

273 853 289 892 ιι
313 850 410 919 super
423 828 497 919 jure
512 828 621 919 aliquo
634 828 669 895 in
685 850 720 895 rc
734 836 790 896 aut
804 826 846 895 ad
862 849 930 896 rem
945 833 1156 916 competente,
1172 834 1263 916 puta,
1278 825 1318 892 de
1331 824 1406 915 jure
1516 805 1517 890 Ῠ

272 959 288 998 ιι
312 935 469 1024 pignoris,
494 934 671 1021 servitutis,
692 933 902 1019 haereditetis,
920 943 995 1020 etc,
1025 932 1168 1024 petitque
1189 940 1289 1018 actor,
1307 953 1341 998 se
1358 930 1406 1000 rei

271 1067 288 1104 ιι
310 1049 526 1110 conuoversae
541 1039 698 1110 declarari
713 1039 882 1108 dominum
898 1039 951 1107 vel
966 1038 1059 1130 quasi
1072 1037 1258 1124 dominum,
1274 1047 1330 1104 aut
1344 1036 1406 1103 silai

270 1172 287 1211 ι
308 1146 363 1236 jus
377 1147 410 1214 in
427 1169 461 1214 re
476 1147 528 1214 vel
542 1145 664 1214 adrem
679 1155 900 1237 competere...
917 1144 1157 1214 Possessorium
1167 1144 1331 1234 judicium
1345 1151 1404 1227 est,

268 1281 285 1320 ιι
308 1254 343 1320 in
359 1276 424 1344 quo
439 1254 524 1322 inter
540 1261 646 1344 partes
661 1254 823 1321 eontentio
837 1263 885 1322 est
902 1251 942 1320 de
958 1251 1026 1320 sola
1041 1253 1089 1320 rei
1104 1250 1157 1319 vel
1175 1250 1259 1342 juris
1281 1271 1408 1341 posses-

233 1387 235 1392 .
268 1387 286 1426 ιι
308 1360 398 1428 sione
419 1368 475 1428 aut
495 1361 589 1451 quasi
606 1359 806 1450 possessione
823 1357 1042 1449 adipiscenda,
1058 1356 1228 1426 retinenda
1246 1357 1298 1425 vel
1312 1379 1408 1424 recu·
1517 1393 1518 1396 ι

267 1492 283 1532 ιι
306 1464 469 1557 peranda;
489 1488 563 1534 cum
585 1466 703 1534 scilicet
724 1474 849 1533 tantum
865 1474 953 1534 actor
968 1465 1061 1555 petit,
1079 1463 1132 1532 vel
1153 1472 1190 1532 ιιι
1208 1461 1407 1554 adipiscatur

266 1596 284 1636 ιι
306 1571 542 1663 possessionem
558 1573 605 1640 rei
618 1572 760 1664 quietam
776 1572 883 1640 necin
901 1594 939 1640 en
953 1571 1114 1656 turbetur,
1130 1569 1181 1638 vel
1193 1577 1230 1637 ut
1242 1576 1408 1659 recuperet
1517 1633 1518 1638 ,

266 1704 282 1742 ιι
307 1678 470 1748 amissam.
488 1703 505 1742 u
529 1677 848 1769 (Schmslzgrueber,
865 1678 898 1745 in
920 1676 1049 1746 titulum
1069 1676 1109 1744 de
1125 1675 1274 1758 Iudiciis,
1294 1675 1370 1742 libri
1387 1679 1406 1742 2

261 1784 491 1872 Decretalium,
509 1807 543 1851 n.
566 1784 613 1874 5.)

263 1924 266 1930 1
309 1895 340 1957 5.
363 1890 400 1958 ln
422 1891 561 1982 simplex
584 1900 614 1958 et
638 1890 757 1980 duplex
778 1919 785 1958 ι
803 1887 1080 1980 ειιιιριιιιιιιίιιιι
1101 1887 1232 1980 quando
1251 1909 1408 1979 unapars
1518 1963 1519 1968 ἵ

260 2004 308 2063 est
329 1998 440 2081 Actor,
461 2007 492 2064 et
512 1998 613 2065 altere
633 1997 721 2066 Reus
739 2025 746 2063 :
766 1996 887 2087 duplex
910 2018 1000 2082 vero,
1024 1996 1157 2087 quando
1175 2004 1312 2085 utreque
1332 2017 1408 2084 pars

262 2111 309 2169 est
329 2103 427 2169 simul
443 2106 564 2170 Auctor
578 2113 608 2171 et
624 2104 712 2172 Reus
721 2131 731 2188 ;
749 2102 837 2195 qnod
853 2101 969 2174 accidit
982 2105 1108 2193 quoties
1122 2113 1257 2192 uterque
1276 2101 1408 2190 litigans

262 2209 401 2279 alterurn
414 2211 576 2296 convenit,
591 2209 623 2278 id
640 2218 700 2297 est,
718 2231 793 2277 eum
808 2209 906 2300 injus
922 2217 1013 2280 vocat
1026 2217 1058 2278 et
1072 2208 1194 2300 aliquid
1211 2209 1252 2276 ab
1264 2230 1303 2276 eo
1315 2208 1405 2296 petit.

309 2321 339 2384 6.
357 2317 569 2406 injudicium
592 2317 687 2384 honre
710 2314 798 2402 fidei,
816 2326 848 2383 et
869 2316 970 2384 stricti
987 2315 1083 2407 juris.
1106 2314 1306 2385 «indicium
1320 2311 1410 2382 torae

267 2450 284 2490 ιι
305 2424 385 2514 fidei
405 2432 464 2510 est,
490 2425 525 2490 in
551 2446 617 2513 quo
640 2424 775 2491 liberam
797 2431 984 2513 potestatem
1005 2446 1023 2491 a
1047 2423 1118 2512 lege
1140 2422 1202 2490 sibi
1225 2443 1408 2490 concessam

267 2557 284 2598 ιι
304 2531 406 2621 judex
427 2530 534 2615 hahet,
556 2538 593 2597 ut
615 2531 779 2598 aestimere
800 2550 954 2620 exaequo
976 2536 1008 2596 et
1025 2529 1111 2597 bono
1130 2528 1230 2620 possit
1249 2534 1409 2619 quantum

269 2664 286 2702 ι
308 2636 419 2704 Actori
442 2635 571 2704 restitui
587 2635 718 2712 debeet;
735 2634 880 2726 adeoque
895 2634 1084 2727 adjudicare
1099 2632 1222 2727 aliquid
1237 2642 1352 2724 potest,
1370 2632 1410 2699 de

270 2771 287 2808 ιι
309 2766 375 2834 quo
391 2744 475 2809 inter
489 2750 595 2831 partes
616 2740 704 2809 haud
723 2751 935 2828 conventum,
954 2750 987 2810 et
1001 2740 1089 2832 quod
1106 2741 1140 2808 in
1154 2740 1264 2809 libello
1279 2762 1344 2808 non
1363 2747 1411 2806 est

269 2875 286 2916 ιι
310 2850 460 2940 petitum.
478 2848 596 2916 Stricti
603 2848 695 2939 juris
705 2847 867 2938 judicium
883 2856 943 2934 est,
960 2849 1070 2939 inquo
1083 2847 1218 2915 facultas
1230 2848 1349 2938 judicis
1363 2854 1410 2913 est

270 2982 286 3021 ιι
310 2956 469 3040 restricte,
495 2953 540 3021 ita
563 2963 601 3021 ut
624 2953 709 3022 ultra
730 2953 764 3020 id
787 2953 873 3044 quod
900 2953 953 3021 vel
979 2954 1174 3022 nominatim
1198 2954 1282 3022 inter
1304 2962 1411 3044 partes

271 3085 288 3129 ιι
311 3071 430 3141 actum,
450 3060 501 3128 vel
518 3059 698 3151 specialiter
713 3059 841 3149 legibus
855 3060 896 3128 de
911 3060 1041 3149 negotio
1061 3066 1192 3128 cautum
1207 3066 1266 3145 est,
1283 3053 1412 3128 sentenss

273 3195 290 3235 ιι
315 3169 359 3236 tia
377 3190 437 3236 sun
458 3190 524 3235 non
543 3167 644 3257 possit
667 3165 830 3255 progredi.
847 3166 949 3236 Porro
963 3166 1074 3258 qualia
1092 3166 1217 3257 judicia
1236 3167 1301 3234 sint
1318 3167 1412 3235 bonae

273 3300 291 3342 ιι
315 3274 404 3360 fidei,
425 3272 535 3364 qualia
553 3272 657 3340 stricti
670 3272 769 3362 juris,
786 3271 1025 3341 desumendum
1043 3281 1091 3340 est
1112 3295 1154 3341 ex
1175 3295 1294 3364 genere
1314 3276 1413 3341 actio-

275 3408 292 3446 «
317 3381 383 3466 nis;
407 3401 482 3446 narn
499 3379 561 3445 tale
581 3388 628 3445 est
646 3376 806 3468 judicium
822 3379 927 3470 qualis
943 3387 991 3446 est
1010 3379 1092 3447 actio
1111 3403 1152 3446 ex
1168 3403 1233 3471 qua
1248 3380 1415 3468 consurgit

276 3514 294 3555 ιι
314 3485 486 3576 judicium.
512 3485 754 3554 Enumerantur
775 3493 884 3554 sutem
907 3485 1047 3556 actiones
1068 3485 1163 3554 bonas
1187 3485 1263 3554 fidei
1286 3509 1413 3571 omnes,

278 3619 296 3660 ιι
319 3595 339 3683 ξ
355 3593 522 3661 Actionem
536 3595 591 3677 28,
608 3590 750 3660 institut.
767 3590 807 3659 de
820 3590 947 3659 Action.
965 3591 1100 3660 Creterra
1115 3613 1189 3683 quae
1203 3592 1251 3660 ibi
1262 3615 1328 3660 non
1339 3603 1417 3660 sunt

281 3725 299 3768 ιι
323 3700 448 3790 posite,
464 3698 566 3766 stricti
578 3697 663 3788 juris
677 3708 860 3766 censentur.
876 3724 892 3763 ι
914 3697 1225 3789 (Schmalzgrueber,
1238 3700 1273 3768 in
1285 3700 1416 3768 titulum

278 3807 318 3876 de
331 3805 478 3886 iudiciis,
496 3804 572 3874 libri
587 3808 606 3871 2
622 3803 852 3890 Decretulium,
870 3827 902 3872 n.
924 3807 968 3894 9.)

323 3914 448 3982 Praeter
468 3920 671 3980 enumeratas
684 3911 883 4001 judiciorum
903 3912 1038 4002 species,
1060 3935 1134 4004 quse
1154 3913 1235 3980 scitu
1258 3914 1418 4004 precipue

281 4021 376 4090 utiles
396 4029 483 4107 sunt,
505 4041 571 4087 non
593 4039 705 4109 pancae
727 4017 801 4085 alie
822 4017 945 4108 ajuris
965 4020 1078 4110 peritis
1099 4022 1273 4089 memorari
1296 4019 1417 4108 solent,

280 4135 329 4198 ast
342 4149 416 4218 quae
433 4126 524 4196 nulla
538 4127 605 4194 lere
620 4123 833 4214 explicatione
850 4125 1011 4214 indigent,
1024 4134 1056 4193 et
1071 4149 1153 4218 quas
1168 4127 1240 4196 ideo
1254 4129 1419 4196 brevitatis

280 4257 378 4304 causa
390 4230 582 4304 omittendas
596 4230 764 4302 duximus.
