3030 4980
311 459 374 524 352
679 479 856 535 inroratus
879 481 918 528 nr
940 480 1075 531 motuis.

309 608 454 670 testatem
483 600 607 670 ordinis
630 629 639 671 ι
659 625 737 693 ergo
762 604 797 672 in
824 626 862 674 eo
891 613 976 674 stare
1000 603 1160 674 censenda
1188 614 1247 691 cst,
1276 611 1314 674 ut
1342 606 1438 674 valeat

307 731 456 778 exercere
471 709 685 801 episcopalem
701 719 888 801 potestatem
900 712 1137 804 jurisdictionis
1155 740 1163 780 ι
1179 713 1338 804 Episcopo
1357 713 1438 780 enim

302 825 422 909 praeter
437 825 625 908 potestatem
640 816 777 905 ordinis,
795 841 861 888 non
882 820 945 888 alia
964 819 1047 889 inest
1062 843 1161 910 quam
1180 827 1320 911 potestas
1336 820 1437 912 juris-

307 925 468 993 dictionis.
488 924 529 992 Et
550 923 602 992 hic
619 947 733 994 revera
753 932 801 994 est
823 935 996 1020 conceptus
1014 928 1191 1017 primarius
1210 925 1309 1018 hujus
1331 926 1436 996 officii.

306 1033 359 1102 Ab
384 1031 535 1100 omnibns
555 1053 672 1123 nempe
698 1033 880 1124 concipitur
903 1055 960 1102 seu
984 1033 1175 1125 intelligitur
1197 1034 1270 1125 quis
1294 1033 1440 1104 Vicarius

305 1139 467 1229 generalis
485 1137 646 1230 Episcopi,
673 1161 730 1231 per
753 1140 814 1208 hoe
830 1141 950 1232 ipsum,
973 1140 1061 1232 quod
1082 1141 1155 1210 vice
1177 1141 1327 1234 Episcopi
1344 1140 1438 1234 juris·

306 1245 478 1314 dictionem
508 1244 722 1336 episcopalem
751 1246 913 1337 explicare
941 1247 1059 1316 valeat.
1090 1247 1155 1317 Nec
1186 1247 1341 1338 quaelibet
1369 1248 1439 1336 alia,

304 1361 424 1445 praeter
449 1351 545 1437 hanc,
571 1359 711 1444 potestas
735 1353 904 1423 Vicarium
924 1354 1109 1444 generalem
1128 1353 1277 1446 Episcopi
1296 1353 1395 1424 efficit
1413 1365 1441 1423 et

304 1459 481 1529 constituit.
504 1458 584 1526 Haec
605 1467 714 1527 umen
731 1461 911 1528 essentialis
926 1460 1079 1548 conditio,
1097 1483 1163 1530 non
1179 1461 1300 1530 suflicit
1314 1461 1357 1530 ed
1371 1485 1441 1531 om-

287 1567 383 1636 nino
407 1566 443 1634 in
467 1588 527 1634 sua
553 1565 658 1656 specie
680 1565 963 1636 determinandum
988 1567 1161 1636 vicariatus
1184 1568 1346 1657 generalis
1371 1567 1441 1638 offi-

187 1705 189 1709 ·
303 1675 401 1744 cium.
426 1672 583 1756 Quemvis
600 1673 687 1740 enim
707 1673 843 1764 quilibet
860 1697 957 1743 verus
977 1674 1127 1744 Vicarius
1152 1675 1314 1764 generalis
1334 1697 1441 1745 neces-

303 1783 401 1869 sario,
422 1788 453 1848 et
472 1779 533 1847 hoc
552 1779 624 1870 ipso
643 1778 730 1870 quod
750 1779 822 1848 talis
842 1779 895 1867 sit,
917 1789 1106 1871 potestatem
1123 1781 1239 1852 habeat
1253 1782 1441 1852 exercendas

302 1889 440 1980 alicujus
462 1885 652 1978 episcopalis
671 1885 920 1977 jurisdictionis,
945 1910 1011 1956 non
1038 1897 1146 1957 tamen
1171 1912 1284 1958 omnes
1308 1889 1367 1982 qui
1385 1890 1443 1959 ali-

303 2019 401 2089 quam
427 1992 587 2088 ejusmodi
612 1991 870 2085 jurisdictionem
897 2016 1047 2064 exercere
1073 1995 1196 2085 valent,
1219 2005 1297 2066 sunt
1322 1996 1443 2068 Vicarii

303 2103 482 2196 generales.
512 2100 663 2171 Vicarins
688 2100 837 2192 Episcopi
861 2101 1027 2190 foraneus,
1054 2103 1146 2172 verbi
1170 2104 1288 2193 gratia,
1316 2113 1443 2174 exercet

302 2220 334 2280 et
363 2211 432 2304 ipse
459 2207 582 2299 aliquid
609 2207 799 2299 episcopalis
823 2208 1075 2299 Jurisdictionis;
1096 2218 1128 2277 et
1157 2210 1279 2301 pariter
1310 2211 1444 2302 quilibet

302 2319 441 2388 clericus
453 2315 493 2384 ab
508 2315 667 2406 Episcopo
678 2313 844 2404 delegatus
857 2315 896 2384 ad
912 2316 1169 2405 cognoscendam
1182 2326 1214 2384 et
1227 2317 1443 2388 dirimendam

302 2427 444 2518 aliquam
464 2443 606 2508 sarisam,
626 2419 774 2489 eamdem
789 2423 1003 2513 episcopalem
1018 2422 1279 2513 jurisdictionem
1299 2447 1342 2494 ex
1356 2434 1443 2517 parte

303 2533 442 2624 explicat
459 2558 467 2599 :
483 2530 518 2598 hi
534 2539 644 2598 tamen
659 2552 864 2621 nequaquam
880 2537 955 2598 sunt
967 2531 1089 2601 Vicarii
1100 2531 1267 2620 generales
1280 2531 1442 2623 Episcopi.

303 2635 546 2708 ostendendum
562 2657 640 2726 ergo
655 2643 799 2704 remanet
814 2635 976 2727 quomodo
996 2644 1135 2729 potestas
1154 2637 1287 2708 Vicurio
1302 2638 1443 2727 generali

302 2746 436 2838 propria
451 2741 639 2812 exercendae
658 2743 849 2835 episcopalis
867 2743 1119 2833 jurisdictionis,
1143 2767 1164 2812 a
1184 2743 1283 2813 simili
1305 2745 1444 2814 aliorum

302 2860 456 2946 potestate
468 2850 605 2920 differat.

345 2961 530 3030 Pnnrosrrro
548 2957 606 3027 Vt.
629 2993 674 3009 -
702 2957 820 3026 Viturii
839 2958 998 3048 pancratis
1016 2959 1172 3050 Episcopi
1187 2959 1381 3049 jurisdictio
1404 2971 1446 3028 est

302 3067 514 3138 essentialiter
524 3065 635 3156 aliquo
650 3085 741 3132 serua
756 3064 948 3132 universalis
961 3065 1072 3156 quoad
1086 3066 1291 3142 territorium
1303 3090 1361 3136 seu
1370 3091 1446 3159 per-

302 3199 410 3260 sonas,
434 3187 464 3244 et
482 3171 593 3266 qarood
610 3194 737 3241 cousus.
753 3210 798 3224 -
814 3171 897 3241 Nam
914 3181 1074 3263 repugnat
1089 3173 1124 3240 in
1139 3175 1288 3242 terminis
1304 3175 1446 3267 aliquem

302 3305 372 3354 esse
386 3281 570 3374 pencralem
589 3279 721 3348 alterius
739 3278 922 3367 Vicarium,
941 3280 1002 3348 nisi
1021 3279 1133 3370 possit,
1156 3281 1191 3348 in
1207 3281 1319 3372 aliquo
1332 3283 1447 3350 saltem

303 3415 412 3478 sensu,
439 3388 633 3481 qeneroliter
661 3387 747 3455 vices
773 3387 843 3478 ejus
865 3385 1008 3477 explere.
1035 3387 1109 3456 Istae
1135 3397 1245 3456 autem
1268 3388 1447 3459 locutiones

298 3523 391 3594 posse
410 3495 603 3588 perieratiter
625 3502 656 3563 et
676 3515 769 3584 posse
787 3493 1014 3562 univeraliter
1029 3493 1164 3563 alterius
1182 3494 1447 3585 jurisdictionem

303 3627 465 3692 exercere,
481 3623 674 3694 synonyme
687 3609 781 3688 sunt;
796 3606 828 3670 et
842 3599 1030 3690 significant
1045 3623 1139 3694 posse
1154 3601 1274 3672 dictam
1286 3605 1448 3696 jurisdic-

304 3714 425 3781 tionem
452 3708 595 3778 exerceri
619 3707 726 3798 quoad
750 3706 853 3796 ipsius
875 3707 1130 3798 generalitatem,
1156 3731 1225 3795 sen,
1249 3711 1339 3802 quod
1363 3712 1449 3780 idem

305 3828 365 3904 est,
381 3817 486 3908 quoad
506 3814 609 3905 ipsius
626 3812 915 3882 universalitatem.
937 3813 1024 3904 Ergo
1045 3816 1073 3881 si
1098 3815 1172 3906 quis
1194 3815 1350 3886 Viearius
1373 3818 1449 3909 Epi·

306 3925 392 4013 scopi
418 3930 555 4012 nequeat
579 3919 790 4011 episcopalem
811 3919 1069 4011 jurisdictionem
1097 3921 1327 3992 uniuersaliter
1354 3947 1447 3993 exer-

306 4051 389 4114 cere,
421 4029 532 4096 saltem
559 4027 594 4094 in
622 4025 732 4117 aliquo
759 4049 869 4106 sensu,
899 4027 927 4094 is
953 4049 1160 4119 nequaquam
1191 4030 1376 4100 censendus
1404 4039 1450 4099 est

307 4134 466 4225 generalis
486 4133 635 4224 Episcopi
656 4132 819 4218 Vicerius,
845 4132 900 4201 sed
929 4137 1049 4202 merus
1064 4133 1237 4205 dumtaxat
1261 4137 1445 4229 delegatus;

306 4264 343 4310 oe
356 4240 491 4331 proinde
505 4240 567 4330 ipsi
583 4239 769 4308 nullatenus
786 4240 987 4330 applicandae
1007 4243 1144 4312 veniunt
1158 4243 1246 4334 juris
1260 4244 1447 4314 communis
