3032 4976
579 489 653 534 rans
678 490 781 535 rurus.
1183 471 1243 538 26¹

104 630 267 677 consensu
283 609 428 699 capituli,
443 611 471 678 si
486 616 603 704 agatur
618 609 658 677 de
674 609 771 678 rebus
794 609 969 680 mobilibus
992 633 1056 678 non
1080 613 1245 703 pretiosis;

104 725 138 782 et
169 739 245 784 cum
275 738 432 786 consensu
460 716 594 808 capituli
619 717 778 788 debonis
803 717 901 786 etiam
929 717 1162 806 immobilibus,
1191 729 1248 788 aut

105 822 286 892 mobilibus
308 824 457 915 pretiosis
475 852 482 892 :
499 832 610 894 atvero
625 833 736 894 utrum
753 824 874 916 absque
897 847 1055 894 consensu
1070 826 1203 918 capituli
1217 834 1249 894 et

105 929 181 998 aliis
196 929 454 1000 solemnitatibus
479 931 579 1022 possit
607 931 642 999 in
666 931 805 1000 arbitros
828 933 1020 1020 consentire,
1041 931 1120 1000 dum
1141 933 1250 1022 agitur

105 1035 147 1103 de
173 1036 268 1104 bonis
286 1036 507 1106 immobilibus
528 1045 586 1106 aut
612 1037 786 1106 mobilibus
811 1038 975 1129 pretiosis,
998 1038 1082 1106 inter
1104 1037 1249 1108 doctores

104 1146 370 1214 controvertitur.
399 1145 592 1236 Negstivam
619 1145 810 1214 sententiam
841 1154 876 1213 ut
906 1145 1157 1236 probabiliorem
1190 1145 1248 1214 de-

105 1253 212 1321 fendit
239 1251 528 1343 Sohmalzgrueber
554 1253 600 1343 (in
632 1252 761 1322 titulum
791 1256 846 1339 4³,
872 1253 948 1322 libri
976 1258 990 1321 1
1016 1252 1246 1341 Decretaliurn,

104 1383 140 1428 n.
162 1360 208 1450 8).

154 1469 272 1549 Tertia,
289 1490 441 1560 quaenam
460 1490 566 1538 causes
590 1468 788 1538 arbitrorum
812 1467 936 1559 judicio
957 1468 1138 1559 apartibus
1158 1491 1248 1538 eom-

105 1576 193 1643 mitti
216 1576 351 1667 possint.
380 1615 425 1628 —
443 1576 570 1666 Regula
594 1575 755 1665 generalis
782 1583 841 1662 est,
859 1597 952 1666 passe
976 1575 1246 1666 compromissum

107 1683 181 1750 fleri
197 1682 304 1775 quand
323 1706 435 1751 omnes
450 1705 574 1769 causas,
590 1704 649 1773 pro
663 1681 782 1773 quibus
798 1682 831 1750 in
851 1680 924 1772 jure
948 1681 981 1749 id
1004 1704 1070 1750 non
1093 1683 1246 1774 prohibe·

103 1797 172 1856 tur.
190 1790 269 1859 lure
285 1799 391 1858 autem
409 1789 605 1858 arbitrorum
626 1788 783 1857 sententia
802 1787 913 1856 dirimi
934 1810 999 1856 non
1015 1789 1248 1880 permittuntur

105 1906 277 1989 sequentes
297 1919 403 1967 causae
422 1925 429 1966 :
451 1902 482 1965 1ο
498 1899 612 1968 Causa
634 1897 831 1978 criminales,
849 1897 877 1964 si
901 1896 1114 1966 criminaliter
1140 1899 1246 1968 inten-

105 2011 217 2072 tentur
233 2005 346 2096 (capite
364 2006 472 2074 Causa
490 2009 521 2090 9,
532 2003 572 2072 de
586 2007 623 2072 ln
636 2003 800 2094 inlapsum
814 2001 1034 2084 restitutione,·
1046 2011 1077 2070 et
1089 2003 1160 2093 lege
1171 2007 1246 2074 Non

105 2110 343 2202 distinquemus
359 2115 414 2197 32,
433 2111 466 2178 ff.
484 2110 523 2178 de
549 2109 711 2200 Arbitris).
728 2110 825 2178 Retio
848 2117 908 2196 est,
924 2110 1003 2201 quia
1022 2110 1159 2178 crimina
1180 2134 1245 2180 non

104 2218 234 2308 privato
252 2218 387 2286 arbitrio
412 2215 616 2302 remittenda,
634 2217 689 2284 sed
713 2215 843 2307 publica
863 2217 1058 2285 authoritate
1084 2217 1246 2308 condigne

105 2333 182 2394 sunt
208 2323 414 2394 vindicanda.
442 2329 474 2392 2·
499 2327 612 2402 Causea
637 2323 898 2392 matrimoniales
924 2323 1055 2416 quando
1077 2325 1185 2414 agitur
1206 2325 1245 2393 dc

106 2431 307 2500 matrimonii
322 2432 430 2500 valore
444 2431 497 2498 vel
512 2431 659 2500 nullitate
676 2430 788 2521 (eapite
804 2433 910 2500 Causa
928 2435 960 2517 9,
976 2429 1015 2498 de
1025 2433 1063 2498 In
1080 2431 1245 2522 inteprum

103 2539 333 2630 restitutione);
365 2539 441 2632 quia
477 2561 591 2630 nempe
624 2537 795 2629 requirunt
830 2537 984 2629 majorem
1019 2536 1174 2629 judicem,
1206 2563 1246 2608 ne

103 2647 273 2735 contingat
300 2645 506 2715 matrimonia
535 2645 668 2714 dissolvi
690 2644 741 2713 vel
767 2645 931 2714 conciliari
956 2653 1068 2714 eontra
1093 2668 1242 2716 canones.

105 2759 137 2820 3⁰
156 2757 271 2824 Causae
293 2754 501 2846 beneficiales,
524 2776 565 2822 ne
588 2753 656 2820 sine
679 2753 833 2822 canoniea
858 2752 1059 2822 institutione
1081 2755 1246 2844 aperiatur

104 2861 157 2930 via
171 2861 215 2929 ad
237 2860 394 2929 beneficia
416 2860 640 2946 ecclesiastica,
656 2868 769 2928 contra
792 2858 930 2951 primam
946 2883 986 2928 ex
1003 2861 1122 2950 repulia
1138 2863 1240 2953 juris,

103 2969 137 3036 in
151 2979 243 3036 serato
265 2967 350 3036 libro
369 2967 584 3036 Decretalium
605 2967 730 3058 positis,
746 2989 821 3057 qua
845 2967 889 3034 sic
910 2965 1007 3034 babet
1024 2994 1031 3034 ε
1049 2970 1244 3060 Berreficium

103 3075 351 3143 reclamasticum
367 3097 431 3142 nan
447 3086 553 3165 potest
567 3073 654 3142 licite
668 3073 737 3142 sine
757 3073 960 3141 institutione
978 3075 1133 3142 camnine
1158 3077 1243 3146 obti-

103 3184 184 3251 neri.
205 3187 238 3250 l·
256 3186 369 3253 Causae
393 3181 618 3270 exemptionis,
635 3204 676 3250 ne
696 3180 750 3272 jus
772 3180 945 3248 eximentis
966 3203 1024 3272 per
1043 3171 1243 3252 arbitrorum

104 3290 295 3358 sententiam
310 3289 450 3357 laedatur
465 3311 506 3356 ex
520 3289 604 3357 teoto
617 3277 759 3378 exempti
768 3287 886 3379 (capite
904 3290 987 3358 Cum
1002 3300 1146 3380 tempore
1162 3296 1194 3376 5,
1205 3291 1244 3360 de

104 3397 254 3478 Arbitris,
271 3396 346 3464 libri
366 3398 378 3464 1
407 3395 638 3482 Decretalium,
656 3395 751 3464 titulo
778 3395 845 3486 13).
865 3399 895 3464 5⁰
912 3397 1028 3466 Causa
1051 3397 1163 3468 decisa
1186 3422 1244 3492 par

105 3505 296 3574 sententiam
311 3502 538 3591 indubitatam,
552 3512 583 3570 et
598 3526 672 3594 quae
687 3503 721 3570 in
736 3525 805 3571 rem
819 3502 995 3594 judicatam
1012 3505 1154 3591 transiit3
1167 3507 1245 3598 qnia

105 3614 187 3680 sicut
215 3612 400 3698 transactio,
426 3612 472 3679 ita
497 3611 768 3702 compromissum
798 3612 869 3678 lieri
890 3610 984 3678 debet
1011 3610 1050 3679 de
1083 3633 1116 3678 re
1144 3611 1243 3682 dubia

108 3721 222 3812 (capite
244 3719 407 3811 Exposita
430 3721 483 3803 11,
500 3718 587 3786 tituli
605 3721 659 3804 13,
675 3717 750 3785 libri
778 3722 792 3785 1
820 3717 1059 3809 Decretalium).
1078 3721 1111 3784 6⁰
1126 3720 1242 3788 Causa

104 3827 319 3896 restitutionis
338 3826 374 3894 in
394 3826 556 3917 inteprnm
576 3824 635 3916 (t),
651 3824 715 3892 nisi
736 3824 914 3894 incidenter
935 3832 1113 3893 tractentur
1130 3827 1243 3918 (capite

108 3937 216 4004 Causa
233 3940 265 4023 9,
283 3933 323 4002 de
336 3938 375 4002 In
395 3933 559 4024 inteprum
581 3930 810 4023 restitutione).
830 3937 863 4000 7ο
882 3934 998 4002 Causae
1020 3934 1238 4002 communita-

137 4205 171 4267 {tt
187 4204 293 4256 beafitui
304 4204 331 4255 iu
341 4205 471 4270 integrum
484 4217 562 4255 causa
575 4203 679 4266 dieitur,
694 4203 798 4268 quando
812 4217 857 4268 per
871 4201 986 4254 otflolum
998 4203 1094 4268 iudicis
1112 4204 1244 4258 reducitur

108 4284 134 4334 in
146 4297 205 4336 cum
219 4287 322 4349 statum,
338 4284 365 4335 in
376 4299 428 4351 quo
443 4289 498 4336 erat
511 4289 648 4350 uunquam
665 4287 750 4350 coapta
761 4283 859 4338 tuaest.
