3046 4968
285 421 324 486 98
656 439 830 486 τιιιιτιιιιε
852 439 890 485 nn
912 439 1045 486 rnn1cus.

281 563 415 630 siasticae
422 561 498 652 jura
508 581 657 630 exercere
669 589 676 628 :
687 583 753 652 qno
765 562 880 652 posito,
893 562 1017 629 mirum
1032 583 1097 630 nou
1109 569 1158 631 est
1170 560 1312 648 decerni,
1323 568 1360 629 ut
1371 557 1415 628 ad

281 693 391 759 regem
410 669 614 760 perferantur
633 669 850 737 accusationes
871 667 911 736 de
927 669 1196 759 metropolitanis,
1213 671 1297 738 bona
1312 668 1416 738 eccle-

280 777 402 846 siarum
432 775 695 867 dilapidantibus.
719 773 799 842 lude
823 781 932 843 summ
957 791 1024 843 non'
1048 776 1205 866 probatur
1224 799 1244 845 a
1263 775 1415 844 Patribus

279 884 443 953 Toletanis
455 883 602 972 agnitam
617 881 716 950 luisse
732 882 765 948 in
781 904 857 971 rege
873 903 985 950 veram
1002 889 1033 950 et
1048 883 1110 973 ipsi
1124 883 1291 976 propriam
1305 881 1344 950 de
1359 891 1417 949 ta-

277 992 364 1058 libus
379 990 483 1060 causis
498 988 712 1078 cognoscendi
728 997 930 1080 potestatem.
947 989 1138 1080 Respondeo
1150 988 1287 1058 secundo
1305 1016 1315 1055 :
1331 987 1416 1056 velle

277 1099 411 1193 quidem
433 1097 558 1165 dictum
580 1095 753 1164 concilium
777 1103 814 1164 ut
835 1096 915 1165 tales
934 1096 1153 1166 accusationes
1172 1097 1255 1187 repis
1279 1095 1417 1164 nundus

278 1208 492 1286 intimantem·
506 1226 547 1271 an
559 1211 670 1272 antem
684 1210 721 1271 ut
734 1226 787 1270 eas
798 1203 866 1294 ipse
879 1225 936 1294 per
946 1227 980 1271 se
991 1203 1179 1294 judicetur
1192 1227 1271 1272 vero
1284 1210 1414 1272 tantum

278 1325 326 1401 ut,
344 1323 502 1406 tanquam
520 1310 670 1378 Ecclesiae
692 1309 855 1399 defensor,
873 1319 963 1378 curet
977 1332 1031 1378 eas
1044 1333 1064 1378 a
1077 1310 1244 1402 judicibus
1256 1309 1418 1400 legitimis

277 1422 404 1506 dirimi,
420 1441 486 1487 non
500 1417 657 1508 exprimit
676 1414 838 1508 synodus3
855 1426 887 1485 et
908 1417 991 1485 nibil
1009 1417 1148 1508 impedit
1162 1418 1244 1510 quin
1258 1418 1292 1486 in
1308 1429 1417 1508 poste-

204 1557 207 1568 *
276 1529 357 1597 riori
373 1548 469 1594 sensu
485 1523 584 1592 verba
606 1523 739 1592 canonis
761 1523 996 1613 intelligantur.
1016 1525 1208 1616 Respondeo
1225 1525 1319 1592 tertio
1336 1551 1346 1590 .·
1361 1547 1417 1591 ca-

277 1657 398 1704 nonem
422 1654 520 1725 supra
539 1631 672 1699 citatum
698 1631 858 1714 Qualiter,
876 1654 1027 1722 expresse
1048 1629 1219 1701 decernere
1247 1655 1287 1701 ne
1308 1631 1419 1700 clato·

277 1744 455 1810 traduntur
470 1764 491 1808 a
507 1739 598 1808 luicis
612 1738 837 1828 adjudicium
852 1741 1016 1808 seculare.
1032 1739 1127 1808 Unde
1146 1741 1173 1807 si
1193 1738 1417 1808 admittendus

276 1858 358 1917 esset
372 1848 552 1916 contrarius
564 1845 599 1913 in
613 1846 684 1935 lege
698 1845 852 1914 Toletano
877 1869 1004 1935 sensus,
1021 1847 1074 1915 lex
1093 1847 1149 1915 illa
1167 1847 1291 1916 censeri
1314 1844 1417 1916 debe-

277 1962 325 2022 ret
340 1954 447 2045 quoad
461 1953 522 2021 boc
536 1976 593 2043 per
606 1952 713 2043 legem
730 1953 927 2044 pontificiam
947 1953 1096 2036 Occulitcr
1110 1963 1264 2023 correcta.

324 2061 463 2151 Objicies
479 2067 522 2128 5⁰.
541 2061 646 2149 Caput
659 2060 700 2127 Si
719 2060 790 2151 quis
809 2059 907 2150 (ade
922 2061 1204 2152 uapulauerant,
1222 2061 1298 2130 libri
1314 2064 1332 2156 3
1349 2061 1418 2132 De.

276 2170 475 2259 cretalium),
492 2168 526 2234 in
553 2190 619 2258 quo
644 2168 840 2260 supponitur
862 2168 895 2234 in
920 2191 1017 2236 causa
1040 2168 1180 2260 quadam
1205 2168 1419 2238 ecclesiastiea

277 2277 445 2370 provocari
460 2297 552 2366 posse
563 2273 609 2341 ad
617 2274 812 2365 pmndpem,
827 2288 887 2342 aut
894 2276 1070 2366 proprium
1084 2277 1295 2368 Episcopum,
1309 2277 1361 2344 ccl
1372 2275 1421 2342 ad

277 2386 412 2454 murum
427 2381 637 2450 domincum.
654 2419 698 2432 -
714 2379 899 2472 Respondet
916 2383 1041 2470 Glossa,
1057 2392 1089 2452 et
1110 2391 1180 2474 post
1197 2385 1303 2474 ipsam
1317 2406 1418 2452 cano-

277 2494 381 2577 nistae,
394 2490 440 2558 ibi
454 2511 511 2579 per
522 2488 707 2580 principem
722 2488 859 2578 intelligi
874 2489 1010 2580 Papam.
1028 2489 1090 2558 Sed
1106 2491 1234 2560 etiamsi
1249 2491 1418 2582 perpriu-

276 2604 379 2692 cipcm
395 2595 605 2686 intelligenda
619 2605 702 2663 esset
717 2597 881 2664 saecularis
895 2606 1046 2687 potestas,
1062 2607 1094 2666 et
1109 2621 1166 2690 per
1180 2599 1293 2668 mneos
1306 2599 1418 2668 domi-

275 2709 361 2776 nicos
389 2704 485 2794 legati
514 2703 610 2792 regii,
641 2701 761 2770 rediret
794 2704 855 2771 sub
884 2703 1061 2793 objectione
1095 2705 1290 2796 praecedenti
1318 2706 1418 2774 allata

276 2813 463 2907 responsi03
475 2810 633 2878 nimirum
647 2817 723 2877 tunc
733 2810 888 2900 temporis
899 2831 972 2879 eam
984 2812 1129 2882 extitisse
1138 2813 1315 2882 Ecclesiam
1329 2815 1417 2882 inter

276 2933 306 2989 at
329 2921 506 3012 imperium
533 2914 755 3002 concordiam,
776 2925 812 2984 ut
837 2939 879 2985 ex
906 2919 1001 2986 tacita
1023 2927 1055 2987 et
1078 2942 1140 2987 usu
1165 2918 1297 2988 inducta
1321 2919 1418 2990 Sedis

277 3033 304 3094 A
308 3025 471 3116 postolicae
488 3021 699 3111 delegatione,
714 3021 873 3090 nonnulla
887 3023 927 3092 de
943 3024 1026 3092 lecto
1039 3033 1237 3117 competeret
1249 3026 1416 3094 saeculari-

275 3134 338 3200 bus
348 3129 549 3223 principibus
558 3126 742 3218 jurisdictio
754 3129 981 3218 ecclesiastica,
993 3143 1104 3200 atvero
1116 3155 1323 3224 nequequam
1338 3156 1417 3224 pro-

278 3239 341 3328 prii
356 3247 387 3304 et
398 3235 557 3305 ordinarii
569 3236 717 3326 ipsorum
727 3237 812 3327 juris
825 3235 857 3302 id
873 3236 983 3324 luisse,
994 3238 1050 3306 sed
1065 3241 1208 3310 concessi
1220 3249 1250 3308 et
1261 3239 1413 3329 delegati.

324 3346 403 3412 ltem
420 3343 515 3434 objici
529 3342 609 3409 solet
628 3341 780 3432 quaedam
802 3343 855 3411 lex
874 3344 892 3412 J
896 3346 1068 3434 ustiniani;
1086 3347 1142 3416 sed
1157 3348 1361 3416 lastinianus
1378 3350 1414 3414 in

234 3471 238 3480 ’
279 3453 337 3519 bac
355 3473 390 3519 re
404 3449 529 3518 nullam
544 3448 768 3516 anctoritatem
782 3448 898 3530 babet3
915 3474 1058 3543 eumque
1072 3453 1133 3521 sibi
1149 3453 1294 3521 indebita
1308 3475 1416 3544 quen·

278 3559 384 3649 doque
398 3556 548 3626 tribuisse
564 3555 641 3623 satis
658 3563 773 3623 notum
787 3566 844 3624 est.

322 3664 403 3731 ltem
417 3661 569 3752 objicitur
579 3659 691 3751 praxis
703 3659 830 3747 Gallia,
842 3663 1018 3753 Hispaniae,
1033 3673 1108 3752 etc,
1120 3665 1152 3732 vi
1164 3665 1257 3755 cnjus
1270 3687 1363 3754 rages
1374 3665 1416 3732 de

277 3771 385 3838 causis
399 3767 619 3838 ecclesiasticis
634 3776 853 3855 cognoscunt:
870 3770 926 3836 sed
942 3769 1013 3838 bac
1027 3772 1153 3861 praxis,
1171 3773 1221 3841 vel
1240 3773 1418 3864 privilegio

278 3877 370 3944 Sedis
385 3875 579 3967 Apostolicce
596 3874 725 3959 nititur,
742 3875 793 3944 vel
808 3874 928 3966 injusta
941 3888 973 3944 et
985 3877 1121 3946 abusiva
1136 3878 1272 3948 dicenda
1286 3889 1345 3948 est.
