3056 4972
280 446 344 512 246
650 467 826 514 ruscrsrns
848 469 887 514 ns
907 467 1040 516 moreris.

278 588 408 657 dicitur.
424 587 511 680 Ergo
526 610 593 657 non
611 589 709 656 datur
723 588 937 680 competentia
954 589 1087 681 proprie
1108 587 1194 658 dicta
1211 589 1274 658 nisi
1288 590 1323 658 in
1340 613 1418 682 per-

278 719 373 764 sonas
386 696 483 765 simul
498 705 530 765 et
544 697 689 789 ipsarum
704 718 847 765 causam.

320 804 364 872 Ut
389 811 496 872 antem
524 801 681 870 habeatur
701 801 915 894 competentia
939 801 1048 894 quoad
1073 825 1240 895 personas,
1262 804 1338 872 satis
1363 812 1417 872 est

276 909 389 978 heberi
402 907 508 1000 quoad
523 908 646 988 Reum3
662 915 710 976 est
731 909 818 976 enim
842 909 1003 998 generalis
1017 916 1049 976 ct
1068 909 1204 978 omnino
1222 917 1307 977 certa
1326 909 1416 1001 juris

274 1017 400 1107 regula,
416 1017 566 1084 actorem
579 1015 671 1106 sequi
686 1016 795 1084 forum
816 1016 887 1084 Rei.

316 1125 374 1192 ΠΙ.
400 1123 625 1216 Competerrtic
651 1135 696 1192 cst
720 1145 856 1215 semper,
874 1125 926 1192 oet
946 1123 1129 1207 ordinaria,
1151 1126 1204 1193 oet
1226 1125 1414 1193 ccmoordi-

274 1233 372 1300 ncrr'c
381 1231 583 1323 jurisdictio.
600 1231 741 1300 —Nam
756 1253 796 1298 ex
813 1230 906 1298 dictis
919 1233 1133 1324 competentia
1147 1231 1233 1301 idem
1247 1239 1294 1300 est
1305 1253 1343 1300 ac
1354 1231 1415 1323 jn-

275 1339 433 1425 risdicti03
452 1339 507 1407 sed
518 1339 701 1430 jurisdictio
713 1337 880 1431 adaequate
895 1338 998 1408 dividi
1018 1349 1122 1432 potest
1140 1341 1175 1409 in
1190 1341 1411 1422 ordinariam,

273 1469 372 1539 quam
384 1467 499 1538 nempe
510 1445 606 1514 habet
617 1445 719 1537 judex
729 1468 771 1514 ex
783 1447 853 1538 ipso
869 1446 1013 1516 muneris
1024 1448 1077 1516 sui
1091 1448 1196 1534 titulo,
1205 1456 1236 1517 et
1250 1448 1285 1516 in
1297 1461 1413 1516 estra-

275 1553 489 1634 ordinarium,
506 1577 581 1646 quae
597 1552 728 1622 aliunde
744 1553 807 1645 ipsi
829 1554 995 1622 confertur
1013 1581 1020 1621 ε
1038 1577 1117 1644 ergo
1133 1555 1349 1647 competentia
1363 1563 1413 1624 est

319 1769 358 1837 Et
381 1768 455 1836 hinc
471 1775 556 1860 patet
576 1767 801 1860 quaestionem,
819 1790 865 1836 arr
880 1769 952 1859 quis
966 1768 1008 1836 sit
1021 1781 1214 1860 competens,
1231 1767 1350 1836 resolvi
1373 1768 1411 1836 iu

275 1877 381 1961 istam,
398 1898 438 1942 en
459 1875 532 1966 quis
556 1874 816 1966 jurisdictionem
840 1874 910 1943 sive
930 1875 1129 1944 ordinariam
1142 1873 1213 1943 sive
1227 1875 1411 1944 extraordi-

277 1981 399 2049 nariam
414 1981 530 2048 haheat
542 1980 577 2047 in
591 1980 689 2052 talem
702 1981 818 2048 talium
837 2003 1051 2072 personarum
1066 2004 1208 2050 cansam.

319 2090 423 2172 Quam
446 2089 486 2156 de
512 2087 724 2179 competentia
747 2088 912 2157 notionem
938 2088 999 2156 hoc
1025 2089 1121 2158 modo
1145 2090 1182 2157 in
1208 2097 1412 2158 antecessum

276 2196 489 2266 determinare
503 2194 610 2282 libuit,
621 2201 658 2263 ut
668 2195 793 2263 facilior
807 2203 1005 2264 sterneretur
1014 2195 1068 2265 via
1078 2195 1120 2265 ad
1136 2197 1408 2288 dignoscendum,

275 2304 425 2396 quisnam
439 2303 474 2370 in
489 2324 682 2393 unaquaque
696 2325 794 2371 cansa
819 2303 861 2370 sit
880 2302 983 2393 judex
999 2311 1195 2397 competens.
1211 2304 1306 2373 Nunc
1321 2305 1409 2372 eninr

275 2419 378 2505 potest
404 2409 575 2478 difficultas
595 2409 637 2477 ad
663 2409 782 2502 duplex
806 2409 867 2478 hoe
892 2410 1064 2502 quaesitum
1094 2411 1205 2480 reduci
1233 2439 1242 2479 z
1270 2415 1302 2478 1ο
1326 2435 1411 2504 quo-

276 2519 372 2587 modo
386 2517 530 2608 dignosci
542 2515 640 2608 possit
654 2524 764 2585 utrum
779 2517 855 2609 quis
868 2519 1113 2609 competentiam
1130 2519 1245 2588 haheat
1257 2519 1292 2586 vi
1305 2519 1411 2610 juris-

275 2625 424 2695 dictionis
446 2623 730 2710 cxtraordinariae3
750 2627 782 2691 2·
796 2623 960 2716 quomodo
985 2635 1130 2694 constare
1151 2626 1227 2696 item
1250 2627 1350 2716 possit
1365 2649 1410 2694 en

272 2735 347 2828 quis
372 2739 555 2825 competens
576 2730 616 2798 sit
636 2753 676 2797 ex
691 2730 725 2796 vi
742 2729 916 2799 ordinaries
937 2730 1183 2822 jurisdictionis.
1213 2734 1260 2801 De
1285 2756 1353 2825 quo
1373 2733 1410 2802 in

273 2841 480 2934 sequentibus
492 2837 663 2930 capitibus.

727 3152 871 3224 CAPUT
893 3155 948 3224 111.

272 3351 416 3408 QUOMODO
438 3351 573 3398 planesel
605 3353 704 3398 Possm
738 3355 842 3401 maun
869 3356 937 3411 oms
968 3359 1199 3407 conversurum
1229 3364 1350 3410 nunna
1374 3367 1409 3411 Vl

569 3457 845 3509 mausolaeum
867 3465 1107 3513 suamnlcmorus

313 3689 357 3758 Ut
370 3686 579 3778 dignoscatur
591 3708 634 3754 an
657 3687 733 3778 quis
745 3709 787 3756 ex
800 3688 1027 3780 jurisdictione
1043 3696 1300 3766 extraordinaria
1313 3721 1407 3767 oom-

268 3803 380 3887 petcns
393 3793 495 3884 judex
511 3793 563 3874 sit,
580 3791 815 3884 explorandum
830 3805 890 3884 est,
908 3821 950 3866 an
966 3799 1030 3892 ipsi
1047 3811 1207 3893 competat
1231 3804 1349 3896 aliquis
1363 3829 1408 3875 ex
1521 3801 1522 3808 '

268 3899 370 3968 titulis
383 3899 506 3992 quibus
518 3898 679 3990 ejusmodi
692 3899 876 3991 jurisdictio
891 3906 1083 3996 acquiritur,
1101 3918 1132 3976 ct
1146 3908 1279 4002 insuper
1293 3934 1336 3980 an
1359 3914 1408 3981 sic

266 4005 420 4098 acquisita
439 4005 622 4097 jurisdictio
642 4029 797 4100 suspensa
816 4031 916 4080 necne
938 4013 1047 4102 tuerit,
1065 4023 1121 4083 aut
1141 4017 1238 4084 etiam
1263 4018 1404 4089 sublata.

266 4112 380 4184 Omnis
406 4121 513 4184 autem
535 4111 718 4203 jurisdictio
740 4117 997 4187 extraordinarie
1020 4121 1210 4213 acquiritur,
1237 4125 1288 4194 vel
1314 4125 1406 4195 dele-

266 4219 407 4313 gatione,
430 4219 481 4288 vel
509 4219 750 4309 prorogatione,
772 4222 823 4292 vel
849 4245 955 4294 causes
979 4228 1193 4318 connexione,
1211 4231 1263 4300 vel
1287 4255 1407 4304 recon-
