3032 4976
574 406 648 453 ries
671 403 775 452 enini.
1182 391 1243 456 269

107 521 409 616 Scbmalzgrueber,
427 525 461 594 in
476 526 608 595 titulum
627 531 659 612 2,
677 526 752 595 libri
768 531 787 594 2
801 525 1028 618 Decretalium,
1046 550 1078 596 u.
1097 530 1166 620 20).
1189 531 1246 600 llle

107 641 216 700 antem
244 632 412 724 multiplex
435 633 553 703 modus
570 633 707 724 originis
731 629 936 702 domicilium
964 636 1187 722 contrahendi,
1211 637 1246 705 in

100 739 176 829 jure
191 739 340 808 Romano
363 740 610 827 determinatus,
627 740 733 808 valere
748 749 779 807 et
797 739 918 831 injure
936 741 1090 811 canonico
1112 765 1245 811 censen-

105 846 168 915 dus
182 857 248 928 est;
263 869 338 916 oum
362 847 396 917 in
414 849 474 917 ista
497 871 533 918 re
556 849 596 918 ab
616 847 756 916 Ecclesia
773 869 839 915 non
862 847 960 918 luerit
975 848 1175 918 lustinianea
1193 851 1245 919 le-

104 953 234 1042 gislatio
250 963 403 1024 correcta.
430 955 540 1024 «Non
562 963 682 1043 tamen,
704 954 749 1022 ait
769 952 926 1044 Pirrhing
951 955 996 1045 (in
1021 956 1069 1024 tit.
1093 960 1126 1042 2,
1148 956 1204 1026 lib.
1224 961 1243 1026 2

110 1085 127 1124 e
149 1061 377 1146 Decretalium‚
396 1085 429 1130 n.
449 1060 517 1152 10),
536 1061 682 1156 sequitur
697 1061 770 1152 quis
788 1059 951 1148 originem
970 1061 1113 1130 aliorum
1133 1085 1246 1134 ascen-

109 1192 127 1230 α
150 1165 297 1238 dentium
320 1191 377 1237 seu
399 1177 570 1261 parentum
593 1167 754 1259 majorum
776 1175 808 1234 et
835 1167 1076 1259 antiquiorum3
1100 1169 1245 1261 alioquin

109 1299 128 1338 a
150 1273 257 1365 quivis
272 1283 354 1344 esset
368 1276 449 1344 civis
470 1275 667 1366 originarius
687 1273 777 1342 illius
798 1273 860 1342 loci
882 1274 917 1341 in
938 1275 1126 1366 quoddam
1150 1286 1244 1346 natus

107 1405 126 1444 a
149 1387 208 1466 est,
224 1380 310 1472 qnod
327 1390 408 1450 esset
421 1382 612 1452 absurdum.
630 1381 742 1472 Neque
756 1380 852 1448 etiam
872 1383 1019 1475 sequitur
1036 1382 1110 1473 quis
1125 1392 1242 1452 mater-

107 1512 125 1550 a
149 1509 226 1554 nam
249 1487 423 1579 originem,
447 1489 499 1557 vel
521 1511 659 1558 avorum
685 1495 927 1556 maternorum:
949 1514 966 1552 n
986 1488 1050 1556 nisi
1072 1497 1180 1558 tamen
1202 1491 1243 1560 sit

103 1594 249 1684 spurius,
267 1604 299 1662 et
320 1604 444 1687 patrem
461 1595 632 1664 nominare
648 1617 712 1663 non
732 1595 832 1685 possit
854 1595 905 1662 vel
928 1617 993 1663 uon
1013 1594 1145 1683 audeat3
1166 1598 1244 1689 quia

103 1700 133 1767 is
157 1700 358 1770 domicilium
385 1701 602 1792 originarium
628 1700 740 1770 matris
765 1699 922 1792 sequitur.
955 1701 1050 1791 (Vide
1078 1700 1243 1772 Sobmalz-

102 1808 258 1896 grueber,
276 1809 310 1876 in
328 1809 376 1878 tit.
394 1813 428 1896 2,
446 1808 522 1877 libri
539 1813 558 1876 2
574 1809 713 1896 Deerat,
731 1830 765 1874 n.
784 1807 852 1897 22.)

149 1915 311 1998 Secundo,
328 1939 370 1984 an
385 1917 462 2008 quis
476 1915 679 1985 domicilium
698 1913 835 2004 originis
855 1914 890 1982 in
906 1937 944 1983 eo
964 1915 1034 1986 loco
1060 1916 1186 2006 babeat,
1208 1921 1242 1988 in

101 2043 170 2112 qno
189 2045 231 2090 ex
252 2030 353 2092 matre
375 2024 454 2092 istac
478 2029 666 2092 transeunte
688 2030 781 2090 natus
804 2030 865 2108 est,
889 2021 973 2090 inter
996 2023 1142 2093 doctores
1163 2049 1243 2094 cori-

103 2129 305 2199 trovertilur.
326 2130 439 2199 Prima
457 2131 624 2217 sententia,
647 2151 721 2220 quae
743 2136 791 2197 est
809 2128 959 2218 nubatis,
983 2131 1150 2221 llarbosae,
1170 2134 1244 2201 Pir-

102 2236 215 2330 rbiug,
238 2259 313 2305 cum
335 2237 445 2306 multia
458 2237 543 2325 aliis,
561 2245 681 2326 neget3
706 2235 904 2304 contendens
926 2259 1042 2329 nempe
1063 2241 1186 2331 requiri
1208 2251 1244 2310 ut

102 2342 137 2408 in
158 2343 231 2412 loco
250 2343 284 2411 in
303 2366 368 2435 quo
383 2344 457 2436 quis
477 2351 572 2413 natus
594 2351 652 2431 est,
669 2351 818 2435 parentes
838 2341 921 2434 ejus,
944 2366 1010 2411 non
1029 2347 1240 2434 transeundo,

100 2450 159 2518 sed
180 2450 412 2520 commorando
437 2451 614 2521 extiterint.
639 2449 789 2520 Secunda
810 2473 888 2520 vero
909 2453 1066 2519 sententia
1087 2451 1239 2540 affirmat,
1279 2445 1280 2448 '

101 2557 279 2626 nonnullos
291 2558 376 2649 juris
391 2558 531 2628 Romani
550 2566 658 2627 textus
675 2557 832 2648 allegans,
849 2565 880 2626 et
900 2556 984 2625 hanc
999 2557 1121 2628 addens
1141 2561 1242 2629 ratio·

102 2687 192 2753 nem,
207 2665 295 2757 quod
314 2665 472 2758 alioquin,
488 2667 544 2758 qui
563 2666 679 2735 Romae
697 2688 739 2733 ex
759 2666 1012 2754 transeuntibus,
1032 2674 1063 2734 et
1078 2666 1241 2738 Viennam

101 2771 143 2839 ad
164 2770 367 2842 domicilium
386 2772 430 2841 ibi
448 2771 617 2863 figendum
638 2773 846 2864 pergentibus
862 2771 1051 2864 perentibus
1067 2780 1163 2842 uatus
1180 2785 1239 2864 est,

100 2877 186 2945 civis
200 2878 397 2968 originarius
415 2877 553 2946 Viennae
575 2877 657 2946 foret
677 2875 849 2964 dicendus,
869 2877 956 2970 quod
976 2876 1157 2946 absurdum
1176 2894 1234 2948 est.

101 2983 215 3052 Tertia
237 3008 313 3054 cum
341 2984 642 3075 Scbmalzgrueber‚
672 2985 718 3053 sic
742 2982 915 3074 distinguit
940 3011 947 3052 :
974 2985 1033 3076 qui
1061 2986 1097 3053 in
1124 2987 1240 3055 itinere

101 3101 200 3160 natus
219 3101 278 3179 cst,
298 3091 414 3162 velita
433 3101 528 3161 natus
548 3101 596 3160 est
615 3091 694 3161 dum
715 3099 862 3184 parentes
887 3092 957 3184 ejus
976 3093 1018 3160 ad
1039 3093 1241 3164 domicilium

104 3197 133 3288 (a
160 3200 291 3290 quoad
316 3209 443 3292 tempus
468 3201 646 3290 exiverant)
675 3199 837 3285 redibant,
863 3199 916 3267 vel
938 3208 1051 3268 contra
1075 3209 1170 3270 natus
1194 3211 1242 3270 est

103 3305 183 3374 dum
205 3316 352 3397 parentes
374 3308 455 3398 ejus,
475 3307 638 3376 domicilio
659 3307 767 3398 priore
786 3305 924 3393 deserto,
940 3307 1017 3376 alibi
1040 3307 1241 3378 domicilium

101 3413 309 3484 constituturi
324 3415 508 3506 migrabant
525 3444 534 3483 ;
551 3415 580 3484 si
595 3415 698 3505 prins,
716 3415 764 3482 sic
779 3421 874 3482 natus
889 3415 1088 3504 originarius
1108 3439 1174 3484 non
1194 3427 1241 3486 cst

102 3520 164 3590 loci
182 3522 238 3590 ubi
263 3529 358 3590 natus
380 3531 443 3601 est;
465 3522 521 3590 sed
542 3522 603 3590 loci
623 3522 679 3590 ubi
701 3520 901 3590 domicilium
926 3530 1073 3612 parentes
1095 3523 1238 3592 bahent:

103 3631 129 3694 si
152 3629 325 3719 posterius,
350 3629 548 3698 domicilium
574 3628 712 3719 originis
736 3628 797 3718 ipsi
823 3635 871 3696 est
890 3627 981 3696 locus
1001 3629 1058 3698 ubi
1080 3629 1186 3698 editus
1206 3632 1240 3700 in

104 3734 208 3802 lucem
222 3744 280 3804 est.

146 3847 180 3909 2·
199 3843 253 3911 An
273 3853 305 3912 et
323 3842 459 3934 qualiter
480 3865 522 3911 ex
542 3843 679 3934 originis
701 3842 864 3912 domicilio
882 3843 1006 3911 oriatur
1027 3855 1241 3938 competentia

104 3947 188 4016 lori?
212 3949 450 4019 «Domicilium
477 3951 614 4040 originis
634 3950 691 4041 (ait
717 3949 821 4035 Huth,
839 3950 873 4016 in
895 3949 944 4016 tit.
972 3953 1005 4035 2,
1033 3950 1107 4021 libri
1135 3961 1154 4024 2
1178 3961 1243 4028 De-

109 4082 124 4118 «
145 4066 241 4144 oret,
257 4066 372 4149 quaest.
401 4057 446 4147 3),
464 4056 558 4126 hodie
579 4057 636 4125 vix
660 4057 772 4144 servit,
795 4056 856 4123 nisi
878 4054 1009 4146 dejure
1032 4067 1184 4134 canonico
1200 4073 1238 4136 ud

110 4189 125 4226 a
147 4165 382 4255 susceptionem
393 4164 546 4234 ordinum
560 4166 680 4256 (capt,
696 4163 735 4232 de
749 4166 902 4254 Tempore
914 4163 1104 4251 ordinauit„
1117 4171 1150 4238 in
1167 4177 1237 4264 6).»
