3030 4980
625 501 730 552 senex.
1185 487 1246 554 529

199 635 277 692 prens
289 626 412 677 nelliistls
435 631 549 688 actuum,
567 639 673 692 cogere,
689 632 716 676 ut
736 627 777 676 vel
798 627 986 680 contentiosum
1008 631 1116 692 tentum,
1132 629 1174 680 vel

199 706 369 758 voluntarium
381 711 479 758 tentum
489 707 697 772 jurisdictionem
711 712 831 758 exercent
833 745 1171 760 ..........
1207 713 1250 760 333

169 789 313 852 Propoeilio
333 789 374 838 vs,
387 787 532 839 Discrimen
550 787 692 839 Ollioistem
709 787 779 837 inter
791 793 817 838 et
827 788 962 840 vicarium
976 791 1134 856 generalem,
1148 791 1175 840 in

198 867 230 918 iis
240 868 390 934 regionibus
399 867 426 919 in
436 867 529 934 quibus
541 868 592 918 duo
607 867 663 918 hnc
678 866 764 918 olficis
778 867 982 934 distinguuntur,
992 882 1045 920 non
1056 871 1176 934 provenit

200 963 233 1000 ex
247 949 349 1000 diverse
363 963 453 1000 eorum
463 949 655 1013 jurisdictione,
667 949 713 998 scd
733 963 765 998 ex
779 953 911 1014 praeeepto
924 950 1055 1015 Episcopi,
1068 955 1096 1002 ut
1109 964 1175 1000 unus

200 1029 381 1090 voluntarium,
395 1031 460 1082 ulter
474 1029 662 1080 contentiosum
677 1029 810 1080 dumtaxat
823 1029 1030 1094 jurisdictionem
1046 1035 1173 1081 exercent.
1207 1033 1251 1080 383

169 1112 314 1175 Proporiiio
326 1111 381 1160 Vl¹.
391 1112 421 1161 ln
433 1110 545 1161 lormule
558 1110 734 1175 deputationis
742 1111 840 1162 Vicerii
854 1111 982 1177 generetis
990 1113 1031 1162 rel
1044 1111 1175 1175 officietis,

201 1191 280 1243 debet
292 1205 413 1256 expresse
423 1191 465 1241 rel
479 1190 662 1256 equivalenter
676 1191 729 1241 dici
742 1205 801 1241 eum
820 1191 939 1256 deputari
956 1191 989 1242 ed
1003 1191 1175 1243 exercendem

199 1269 573 1333 generaliterjmtsdicuonem
593 1269 718 1335 Episcopi
754 1307 1175 1320 ...........
1209 1273 1252 1318 ³87

107 1377 175 1426 etr.
189 1377 234 1428 ill.
247 1375 283 1426 lle
299 1376 481 1428 constituendo
494 1376 598 1428 Vicerio
612 1376 729 1442 genereli
749 1413 1174 1428 ...........
1209 1381 1252 1426 llil

138 1467 154 1529 ς
171 1466 190 1516 l.
203 1467 266 1525 Quis
284 1468 368 1518 relect
380 1467 497 1518 Vlourius
511 1467 639 1532 generetis
653 1467 786 1530 constitui,
798 1481 845 1519 seu
859 1468 891 1518 de
912 1467 1043 1532 requisitis
1059 1467 1091 1518 sd
1111 1469 1177 1532 ejus-

170 1547 241 1596 modi
254 1546 368 1597 officium
388 1546 553 1611 quulitsiibue
585 1583 1174 1598 ...............
1209 1551 1255 1596 333

171 1627 280 1689 (iunctio
294 1632 329 1676 ln.
340 1629 379 1678 An
394 1632 420 1678 et
430 1633 554 1692 quotenus
566 1627 711 1692 requiretur
722 1633 751 1680 ui
761 1628 794 1679 sit
807 1627 918 1679 clericus
920 1665 1174 1680 .......
1210 1633 1254 1676 333

171 1708 279 1770 Quaeslr'o
292 1713 328 1757 33.
342 1707 464 1768 Quoenem
476 1708 504 1757 in
519 1708 621 1759 Viosrio
633 1709 749 1772 generali
763 1709 908 1774 requiretur
921 1715 983 1760 tetes
1001 1743 1174 1759 .....
1209 1713 1254 1778 333

172 1788 281 1849 Quaerlio
296 1793 331 1837 33.
345 1793 385 1840 ,tn
400 1787 482 1852 possit
501 1801 557 1838 esse
572 1788 690 1839 vicarius
709 1789 839 1853 generalis
858 1789 903 1853 qui
923 1794 995 1841 ortus
1015 1803 1067 1840 non
1086 1794 1124 1840 est
1145 1805 1176 1840 ex

202 1867 366 1918 matrimonio
388 1867 502 1931 legitimo
506 1904 1174 1920 .................
1210 1873 1254 1919 333

172 1949 280 2012 Quaerlio
295 1949 330 1998 t¹.
347 1947 434 1999 Utrum
449 1947 565 1999 Vioerius
583 1949 711 2013 generetis
732 1949 826 2000 debest
845 1963 900 2000 esse
922 1951 1025 2014 doctor,
1039 1956 1067 2000 et
1087 1951 1113 2000 in
1127 1965 1178 2015 quc

200 2029 319 2080 lecultste
339 2064 1175 2081 .....................
1210 2035 1254 2080 333

172 2111 282 2173 Quaeetio
294 2115 330 2160 ⁵⁸.
345 2112 384 2161 An
398 2109 513 2176 religiosi
528 2109 628 2176 possint
644 2123 699 2160 esse
715 2110 810 2161 vicerit
822 2112 958 2175 generales
971 2111 1094 2176 Episcopi
1128 2149 1133 2160 .
1169 2149 1174 2162 .
1210 2116 1252 2162 333

171 2192 280 2253 (insertio
294 2191 523 2256 sumptuosius
537 2191 618 2256 possit
632 2205 688 2241 esse
703 2191 779 2242 simul
793 2192 1052 2256 Viceriusgcnerelis
1085 2230 1090 2241 .
1127 2231 1132 2242 .
1168 2229 1173 2241 .
1209 2196 1254 2242 333

171 2272 281 2333 (laertio
301 2275 336 2320 ln.
359 2274 399 2324 An
418 2272 562 2337 Episcopus
587 2285 644 2322 3333
671 2271 752 2336 possit
774 2273 879 2323 ulterius
904 2273 1025 2338 Episcopi
1047 2273 1177 2338 generalis

202 2352 318 2406 Vicerius
335 2387 1174 2404 .....................
1209 2357 1254 2403 333

171 2435 281 2496 Quarto
292 2439 328 2484 33.
341 2437 380 2486 ln
394 2434 505 2485 vicarius
516 2433 644 2498 generetis
657 2447 714 2484 esse
734 2435 814 2498 possit
832 2447 914 2499 nepos
928 2435 1052 2500 Episcopi
1066 2435 1108 2485 rcl
1122 2434 1177 2498 ejus

200 2514 278 2566 lruier
296 2548 1175 2564 .....................
1208 2518 1253 2564 333

172 2596 282 2657 Quertio
299 2595 337 2645 9¹.
352 2598 391 2647 An
404 2595 558 2660 originarius
576 2594 696 2646 discessis
709 2595 752 2645 rel
768 2595 882 2646 ciriietis
894 2594 976 2659 possit
989 2608 1046 2646 esse
1061 2593 1176 2644 Vicsrius

202 2675 330 2740 generetis
332 2709 1175 2725 .....................
1208 2677 1254 2724 333

139 2784 155 2847 ς
173 2783 202 2833 ll.
218 2786 239 2833 ll
252 2797 304 2848 quo
317 2783 398 2848 possit
410 2782 526 2834 Vicerius
538 2783 670 2847 generetis
683 2781 803 2833 constitui
838 2818 1174 2832 .........
1209 2787 1253 2833 333

173 2863 280 2925 Querela
300 2867 336 2912 le.
349 2866 389 2914 An
410 2856 519 2927 quilibet
538 2863 565 2913 in
586 2877 632 2914 sue
653 2863 761 2914 dioecesi
783 2861 927 2927 Episcopus
946 2862 1028 2926 possit
1045 2862 1175 2912 licerium

201 2943 520 3007 generalemlconstituere
544 2977 1174 2994 ................
1209 2945 1252 2992 333

173 3024 281 3085 Quaestio
303 3027 339 3073 le.
363 3027 403 3094 An
422 3023 565 3090 Episcopus
588 3023 717 3073 vicarium
739 3023 886 3087 generalem
915 3023 1072 3073 constituere
1094 3023 1176 3086 possit

203 3104 299 3169 ubsque
312 3118 441 3154 consensu
455 3108 480 3154 ct
494 3104 604 3154 consilio
616 3103 726 3168 Capituli
754 3139 1175 3153 ...........
1207 3107 1252 3152 itti

173 3185 281 3247 Quaestio
293 3189 328 3234 3².
342 3185 380 3236 An
390 3185 521 3235 Vlcerium
534 3185 682 3248 generulem
693 3184 742 3234 sibi
753 3183 908 3234 constituere
924 3183 1005 3248 possit
1016 3183 1176 3233 administru-

203 3269 245 3316 tor
258 3265 377 3316 dioecssis
388 3265 472 3315 vidue
482 3280 489 3314 :
501 3269 527 3315 et
539 3279 573 3314 cn
586 3264 778 3316 sdministretor
792 3262 911 3314 dioecesis
926 3277 983 3328 quse
997 3264 1085 3313 vivum
1098 3263 1176 3312 hebet

203 3347 338 3411 proprium
352 3346 509 3410 Episcopum
543 3379 1173 3395 ................
1209 3346 1253 3392 tii

173 3431 283 3491 033333ιό
298 3427 334 3478 3“.
347 3429 387 3478 ,tn
399 3427 467 3492 Pupe
480 3428 561 3478 soleat
574 3425 730 3491 quandoque
744 3425 876 3479 Vicerium
891 3427 1038 3489 generulem
1053 3425 1175 3489 Episcopi

204 3507 361 3560 constituere
380 3543 1173 3558 ....................
1208 3509 1253 3554 toi

174 3592 286 3652 Quoslio
300 3591 337 3640 δ’.
351 3591 390 3640 An
399 3589 542 3653 Episcopus
555 3587 683 3638 uicarium
698 3588 845 3652 generalem
857 3587 1014 3638 constituere
1026 3586 1107 3650 possit
1115 3589 1174 3636 ente

203 3675 324 3739 adeptum
337 3675 537 3740 possessionem,
548 3675 590 3724 rel
604 3678 663 3724 ente
677 3673 900 3724 consecrationem
920 3709 1174 3723 .......
1209 3674 1253 3721 333

175 3757 286 3818 Quoerlro
297 3757 334 3805 6⁰.
347 3759 386 3806 An
401 3755 612 3820 Metropolitanus
625 3753 780 3818 quandoque
791 3753 872 3817 possit
881 3753 1012 3803 'Vicerium
1026 3753 1175 3816 generalem

204 3837 357 3901 sulirsgenei
370 3835 526 3887 constituere
546 3870 1172 3885 ................
1209 3835 1252 3882 333

142 3947 159 4009 g
174 3946 217 3994 lll.
231 3948 271 3995 An
282 3944 429 3996 necessario
443 3944 470 3994 in
483 3957 636 4008 unaqueque
653 3943 761 3994 dioeeesi
780 3941 975 3993 constituendus
995 3940 1027 3991 nb
1045 3941 1176 4005 Episcopo

174 4028 207 4076 sit
218 4025 335 4075 Vicerius
349 4025 476 4088 generalis
509 4058 1174 4076 .................
1209 4024 1253 4070 ltu

144 4135 216 4198 §til¹
231 4134 377 4198 Quotuplex
391 4133 662 4196 constituipcssiteut
676 4131 770 4181 debeat
784 4127 1050 4194 vicerinsgenerelie.
1085 4167 1091 4178 .
1128 4167 1132 4177 .
1169 4167 1174 4178 .
1208 4131 1253 4177 tltl

176 4213 285 4277 Quaestio
306 4219 342 4264 1¹¹.
359 4217 399 4264 Αιι
417 4215 498 4276 possit
518 4215 661 4278 Episcopus
681 4211 768 4276 plures
789 4211 904 4262 Vicerios
924 4211 1059 4275 generales
1080 4211 1106 4260 in
1126 4225 1177 4260 unc

209 4295 316 4346 dloecesi
334 4293 488 4344 constituere
507 4327 1173 4344 .................
1209 4293 1253 4340 333

272 4399 291 4446 1.
1056 4380 1094 4438 et
