3030 4980
541 481 615 526 runs
641 479 788 526 sacuam.¹
1166 463 1227 527 497

92 599 199 690 quoad
215 600 356 692 partium
366 601 605 689 conscientiam,
620 611 656 670 ut
673 601 819 686 videtur3
838 599 882 668 ito
894 598 1014 669 scilicet
1026 602 1149 692 utipsis
1163 626 1228 672 non

92 707 204 776 liceret
219 707 295 778 talia
308 709 524 778 instrumenta
534 731 593 800 pro
609 707 724 778 validis
736 707 866 795 habere,
882 718 939 776 ant
953 708 1032 801 ipsis
1046 711 1106 778 uti.

618 994 705 1085 §u

456 1163 477 1213 A
491 1173 542 1227 quo
554 1161 637 1213 creari
651 1161 750 1226 possint
760 1160 863 1214 notarii.

137 1350 162 1417 1.
177 1348 328 1418 Notarios
343 1369 452 1417 creare
465 1350 578 1442 nequit
593 1349 718 1440 eujurc
729 1349 792 1417 u'bi
799 1349 949 1441 proprio,
964 1351 1028 1418 nisi
1042 1351 1100 1443 qui
1111 1360 1159 1420 est
1174 1376 1230 1421 su·

90 1479 224 1547 premus
237 1456 399 1549 princeps,
427 1456 523 1525 idest
549 1458 749 1549 superiorem
773 1456 808 1524 in
831 1456 1056 1547 jurisdictione
1083 1483 1142 1528 sue
1163 1483 1229 1528 non

90 1563 224 1634 habeus.
235 1563 400 1634 Undehoc
412 1586 510 1633 sensu
524 1564 612 1633 solus
624 1564 712 1656 Papa
726 1564 869 1633 notarios
884 1587 993 1634 creare
1006 1573 1109 1656 potest
1121 1567 1228 1658 quoad

91 1669 200 1738 fortun
215 1670 480 1759 ecclesiasticum
498 1681 529 1740 et
549 1672 637 1740 solus
654 1671 842 1762 imperator,
866 1671 919 1740 vel
938 1693 1009 1759 rex,
1038 1673 1088 1740 vel
1101 1684 1230 1742 senatus

90 1778 200 1869 quoad
223 1777 332 1848 iorum
355 1779 522 1866 saeculare,
547 1777 725 1846 inditione
749 1799 820 1865 sue,
836 1777 919 1847 nulli
945 1779 1103 1868 superiori
1120 1788 1231 1871 potes-

91 1884 150 1952 tati
166 1884 315 1954 saeculari
329 1885 481 1954 obnoxia.
495 1911 512 1950 a
524 1885 620 1954 Ratio
632 1893 690 1971 est,
707 1884 784 1976 qnia
796 1884 884 1952 solus
893 1883 1048 1976 Princeps
1059 1909 1231 1977 supremus

94 2016 113 2054 a
136 1998 241 2081 potest
260 1990 443 2083 quidpiam,
460 1991 566 2084 ajnrc
585 1991 752 2060 communi
767 1990 913 2059 omnium
931 1991 1080 2080 gentium
1096 1993 1232 2061 exorbi-

93 2121 112 2161 «
136 2105 219 2185 taus,
245 2098 347 2166 veluti
374 2098 590 2190 dispensando
613 2098 817 2180 constituere,
847 2121 905 2166 seu
928 2097 1134 2168 introducere
1164 2127 1171 2166 :
1197 2101 1230 2167 id

92 2230 110 2269 a
135 2213 243 2272 antem
259 2203 355 2273 valde
367 2205 555 2274 exorbitans
567 2205 817 2274 estacommuni
824 2204 898 2295 jure
911 2205 1070 2294 gentium,
1085 2214 1121 2273 ut
1133 2206 1231 2275 unius

92 2337 112 2374 a
135 2310 471 2404 homiuisscripturae,
498 2335 573 2404 quas
598 2320 646 2381 est
671 2311 757 2379 testis
785 2321 934 2380 mortuus
961 2319 993 2380 et
1020 2312 1229 2402 inanimatus,

92 2443 112 2483 u
135 2418 205 2487 sine
220 2417 306 2488 vivae
319 2419 408 2488 vocis
422 2420 651 2488 contestatione
673 2417 783 2487 etalio
799 2417 1010 2503 adminiculo,
1029 2418 1125 2510 plena
1152 2418 1232 2488 fides

91 2551 112 2590 ι(
134 2525 309 2612 habeatur5
332 2549 406 2594 cum
427 2525 618 2616 hujusmodi
641 2523 736 2612 fides,
762 2545 820 2592 nec
841 2524 1011 2615 scripturae
1039 2533 1095 2593 aut
1122 2526 1229 2614 sigillo

90 2660 110 2698 α
134 2631 270 2723 alicujus
285 2633 493 2722 magistratus
508 2633 543 2699 in
557 2631 691 2700 alterius
705 2630 935 2722 prejudicium
952 2630 1066 2700 haberi
1081 2632 1192 2702 soleat.
1210 2660 1226 2698 u

85 2738 272 2830 (Pirrhing,
290 2739 325 2806 iu
339 2739 470 2807 titulum
487 2741 544 2825 22,
558 2737 666 2807 libri2
683 2738 912 2826 Decretnlium,
924 2761 958 2806 n.
978 2742 1017 2825 8;
1035 2746 1066 2806 et
1077 2751 1231 2808 consonat

83 2847 273 2915 communis
297 2845 466 2915 doctorum
493 2843 676 2934 sententia.)
707 2843 823 2912 Asolo
846 2843 935 2935 Papa
961 2851 992 2912 et
1018 2844 1228 2937 Imperatore,

83 2953 200 3022 stricto
228 2953 370 3046 quodam
398 2975 507 3035 sensu,
537 2974 630 3044 posse
653 2951 757 3019 creari
784 2951 939 3037 notarios,
967 2950 1079 3020 ecdem
1105 2954 1229 3023 ratione

83 3059 198 3129 firmat
212 3059 407 3149 Fagnanus:
424 3059 523 3142 Ouia,
540 3058 659 3148 inquit,
674 3070 713 3126 ut
724 3055 877 3126 credatur
880 3056 963 3148 pelli
974 3057 1129 3125 animulis
1139 3081 1227 3128 mor-

82 3166 150 3250 tui,
169 3179 216 3235 est
228 3181 342 3235 contro
351 3167 412 3258 jus
421 3190 434 3250 ,·
443 3165 497 3234 cui
507 3166 593 3234 solus
601 3165 755 3255 Princeps
762 3185 935 3255 supremus
940 3175 1048 3255 potest
1057 3163 1223 3257 derepere.

84 3276 139 3364 (ln
155 3283 251 3367 caput
274 3275 369 3343 Sicut
384 3285 425 3355 tc,
444 3273 495 3342 tit.
513 3275 563 3344 Nc
576 3271 683 3340 clerici
699 3272 752 3340 uel
764 3270 927 3352 monachi,
944 3271 1053 3339 libris
1073 3271 1227 3343 Decreta-

78 3383 184 3471 lium,
201 3405 234 3450 n.
254 3383 322 3472 tt.)

131 3489 175 3558 11.
190 3491 323 3560 Certum
338 3497 386 3556 est
408 3489 442 3556 vi
467 3486 709 3556 consuetudinis
723 3488 826 3554 creari
848 3507 941 3576 posse
956 3487 1098 3556 notarios
1120 3511 1139 3556 a
1156 3511 1227 3558 ma-

76 3606 275 3699 gistratibus
300 3625 453 3696 supremo
483 3604 628 3694 Principi
659 3603 887 3687 inferioribus3
920 3611 951 3670 ct
976 3603 1010 3670 in
1037 3605 1224 3694 particulari

75 3723 212 3785 certum
227 3722 287 3802 est,
311 3714 372 3782 hoc
395 3710 638 3781 consuetudinis
661 3710 769 3798 titulo,
794 3731 887 3801 posse
915 3710 1056 3778 notarios
1079 3712 1121 3779 ab
1143 3713 1226 3805 Epi-

74 3845 183 3913 scopo
209 3821 323 3889 crcari.
337 3819 385 3888 -Id
407 3820 503 3888 etiam
530 3818 727 3886 unanimiter
751 3825 859 3886 tenent
881 3817 1039 3904 doctores,
1063 3826 1094 3885 et
1117 3819 1225 3909 palam

72 3930 162 4000 facit
178 3936 331 4020 perpetua
347 3927 470 4020 praxis.
493 3925 587 3994 Retio
607 3932 715 3992 eutem
736 3923 993 4014 curEpiscopns
1015 3922 1050 3990 id
1068 3926 1169 4014 possit
1185 3929 1226 3998 ob

71 4035 353 4107 consuetudinem
369 4033 547 4120 inductam,
566 4054 641 4100 cum
659 4031 739 4099 alias
760 4054 799 4100 ex
818 4031 949 4122 proprio
969 4030 1044 4121 jure
1063 4053 1130 4100 non
1151 4055 1226 4125 pos-

70 4151 144 4232 set,
163 4141 307 4233 estquis
329 4142 370 4209 ad
386 4140 603 4209 inducendam
624 4147 736 4208 contra
758 4138 812 4230 jus
829 4136 1095 4207 consuetudinem
1119 4140 1228 4232 legiti-

73 4273 187 4338 rnam,
213 4248 392 4341 requiritur
405 4256 443 4318 ut
458 4247 653 4317 interveniat
668 4267 843 4316 consensus
858 4245 1015 4338 principis
1036 4269 1223 4345 expressus,

246 4374 267 4422 ι.
1029 4359 1068 4422 32
