3030 4980
529 511 605 560 runs
631 507 778 562 sscunnn
1155 489 1217 558 103

85 631 139 700 vel
154 632 196 702 ob
212 632 393 702 redintem
414 633 628 726 episcopatus,
650 643 682 703 et
704 637 869 725 ingentem
888 652 1061 704 causarum
1084 633 1219 722 molem,

84 749 143 810 cut
158 741 256 810 aliem
271 743 314 811 ob
333 765 477 828 oausam,
500 763 566 810 non
586 753 668 810 esset
683 742 847 812 sufficiens
861 764 920 833 per
936 765 969 811 so
989 742 1099 832 ipsum
1113 741 1221 810 solum

83 849 128 915 ud
149 851 260 917 omnia
278 848 451 918 commode
471 849 691 940 expediendu3
708 849 786 940 quie
805 855 883 917 tunc
903 850 950 937 (ut
968 849 1066 917 dictat
1085 848 1223 940 ipsamet

84 955 169 1024 ratio
191 957 373 1048 naturalis),
398 967 526 1025 tenetur
549 956 719 1025 Vicarium
743 955 928 1046 generalem
955 956 1166 1042 constituere3
1192 964 1223 1024 et

83 1064 152 1130 nisi
174 1065 357 1148 constituat,
379 1090 396 1128 a
418 1064 559 1131 mittitur
581 1063 628 1129 illi
649 1062 690 1129 ab
709 1062 809 1144 Urbe,
834 1062 886 1129 vel
908 1060 1050 1148 aliunde,
1073 1061 1224 1130 Viocrius

88 1196 106 1234 a
130 1193 190 1261 pro
203 1171 259 1240 teli
274 1171 383 1239 oficio
397 1171 591 1253 exercendo,
607 1170 661 1238 vel
672 1191 750 1236 cum
763 1169 856 1236 brevi
876 1167 1062 1260 apostolico,
1080 1169 1133 1235 vel
1147 1190 1222 1235 cum

88 1303 107 1340 a
129 1277 245 1345 litteris
266 1275 374 1347 Sacra
389 1275 671 1366 Congregationis,
689 1275 741 1343 vel
756 1296 833 1342 cum
849 1281 974 1365 putente
996 1274 1145 1365 Episcopi
1167 1275 1224 1365 qui

88 1409 106 1448 u
129 1383 246 1452 suited
262 1383 323 1451 hoc
336 1383 537 1474 compulsus,
556 1391 591 1452 ut
604 1381 751 1450 referunt
770 1379 928 1464 Nicolius‚
944 1381 1146 1469 Pellcgriuus
1165 1408 1223 1466 ...;

87 1515 107 1554 a
129 1489 187 1580 qui
202 1490 337 1581 iusuper
351 1499 476 1575 notant,
499 1489 587 1580 quod
608 1489 680 1557 telis
694 1488 846 1557 Vicarius
867 1489 987 1556 missus
1006 1487 1047 1556 ab
1067 1488 1153 1556 Urbe
1168 1510 1226 1557 su-

88 1623 106 1659 a
129 1595 281 1686 predictis
311 1596 432 1680 modis,
459 1604 508 1664 est
535 1595 689 1663 Vicsrius
718 1594 936 1684 apostolicus,
966 1602 997 1661 et
1025 1593 1225 1683 jurisdictio-

87 1727 106 1765 a
129 1723 206 1770 nem
243 1701 339 1770 habet
376 1701 539 1793 privative
575 1701 682 1792 quoad
718 1701 928 1790 Episcopum,
961 1721 1019 1766 uec
1047 1698 1225 1789 Episcopus

88 1835 106 1872 a
129 1809 225 1876 illum
256 1829 428 1878 removere
456 1815 571 1899 potest.
604 1807 718 1898 (Sucro
745 1807 962 1896 Congregetio
989 1807 1223 1899 Episcoporum

88 1941 106 1980 a
129 1924 161 1982 et
187 1915 387 2004 regularium
413 1916 448 1982 iu
471 1937 538 1983 uua
558 1915 697 1982 civitatis
720 1913 924 1997 Castellum,
947 1917 967 1980 2
986 1913 1098 2004 aprilis
1120 1917 1222 2000 totu

87 2048 106 2088 u
129 2023 164 2090 in
176 2021 421 2105 Mediolanensi,
439 2025 457 2088 8
475 2021 631 2089 februarii
649 2023 750 2106 15943
767 2020 1004 2104 lateranensi,
1023 2023 1063 2086 17
1078 2029 1224 2111 septem-

86 2154 105 2193 «
128 2128 197 2196 bris
222 2132 324 2215 tooo;
344 2128 379 2196 in
400 2127 631 2212 Bismisnensi,
660 2129 699 2194 18
722 2128 832 2195 martii
856 2129 959 2213 tuum
982 2128 1016 2194 iu
1037 2127 1223 2214 Motulensi‚

86 2261 104 2298 u
131 2237 460 2326 congessisset»

128 2342 271 2424 Qasrsrm
291 2348 337 2410 5¹.
362 2379 407 2398 ··-
427 2345 477 2412 An
499 2343 679 2434 Episcopum
708 2343 872 2411 Vicat-ium
897 2342 1080 2433 pecoralem
1103 2344 1224 2411 comti-

82 2460 175 2517 tuere
192 2451 298 2540 possit
317 2463 394 2519 onte
413 2449 570 2542 adeptam
580 2450 824 2542 possessiouem,
842 2449 895 2517 nel
914 2462 991 2518 ante
1005 2451 1217 2518 consecratio-

81 2579 170 2625 nem.
188 2592 232 2610 -
252 2561 284 2624 l·
299 2557 418 2649 Nequit
440 2559 619 2650 Episcopus
639 2557 809 2626 vicarium
825 2557 1010 2646 generalem
1029 2557 1223 2625 constituere

81 2672 158 2730 ente
172 2672 300 2753 ceptam
317 2663 410 2734 Sedis
426 2666 674 2755 possessionem,
689 2663 819 2732 etiamsi
835 2663 933 2732 luerit
944 2662 1014 2753 jam
1030 2664 1150 2755 aPapc
1164 2686 1221 2730 re-

81 2771 250 2838 nuntiatus
263 2770 454 2862 Episcopus.
471 2780 502 2838 et
522 2769 627 2840 bullus
646 2771 858 2840 institutionis
871 2770 1037 2861 receperit.
1057 2771 1113 2838 Est
1128 2792 1222 2838 oom-

82 2876 194 2942 munis
213 2886 245 2944 et
258 2877 394 2944 omnino
408 2889 496 2944 certo
510 2876 681 2945 doctorum
700 2878 859 2945 sententie
873 2877 960 2967 (vide
976 2877 1164 2944 Ferrarium
1179 2879 1220 2944 ed

80 3003 195 3049 vocem
217 2983 362 3050 Vicat-ius
376 2983 544 3073 qmcrolis,
561 2991 623 3051 ert.
638 2986 670 3069 1,
684 3007 717 3050 n.
735 2986 792 3070 173
807 2983 1019 3069 Leurenium,
1035 2982 1074 3051 de
1087 2985 1222 3054 Vicat-iis

80 3088 206 3178 Epioe,
223 3110 292 3180 cap.
314 3092 344 3172 1,
361 3113 394 3181 q.
413 3093 453 3157 29
467 3116 475 3164 ς
490 3099 523 3157 et
534 3089 615 3156 aiios
630 3089 671 3158 ab
686 3089 756 3158 istis
770 3089 898 3158 duobus
911 3091 1049 3180 citatos).
1067 3091 1221 3183 Sequitur

79 3215 122 3261 ex
140 3217 178 3261 eo
197 3195 283 3285 quod
305 3195 484 3285 Episcopus
503 3195 571 3284 ipse
586 3193 846 3284 jurisdictionem
867 3194 973 3264 relide
993 3217 1144 3264 exercere
1159 3218 1219 3265 ue-

78 3310 189 3390 queat,
203 3302 265 3369 nisi
275 3301 345 3392 jum
357 3310 449 3392 capta
460 3301 673 3392 possessione,
685 3300 718 3368 id
730 3309 791 3386 est,
805 3303 868 3368 nisi
882 3303 1056 3370 actualiter
1067 3303 1219 3372 exhibitis

78 3405 221 3497 capitulo
236 3407 493 3476 confirmationis
508 3414 541 3476 ct
559 3407 772 3476 iustitutionis
787 3406 962 3496 pontiliciae
983 3407 1108 3476 litteris.
1131 3409 1218 3478 Vide

78 3511 113 3578 id
131 3512 303 3602 probatum
320 3514 506 3582 intractato
522 3534 596 3580 meo
611 3511 838 3602 decapitatis,
855 3514 974 3602 pagiua
990 3517 1072 3600 6533
1092 3515 1147 3583 ubi
1163 3539 1218 3583 os-

78 3617 246 3686 tendimus
259 3617 453 3688 decretalem
469 3619 631 3710 lnjanctsc
645 3618 802 3688 Bouifccii
818 3618 906 3706 Vlll,
922 3620 957 3686 in
970 3641 1037 3710 quo
1051 3620 1219 3711 dispositio

77 3722 150 3790 haec
165 3724 325 3813 expressis
339 3725 488 3792 terminis
501 3724 695 3808 decernitur,
713 3725 785 3792 vim
797 3722 883 3814 juris
900 3727 1087 3793 communis
1102 3726 1217 3796 hodie-

78 3829 161 3898 dum
177 3829 306 3900 habere.

124 3940 158 4002 2ο
175 3937 384 4006 Contrarium
403 3937 581 4008 dicendum
594 3945 643 4006 est
653 3938 760 4028 quoad
772 3939 1059 4006 consecrationem.
1077 3941 1113 4008 Si
1126 3943 1216 4012 euim

77 4043 258 4134 Episcopus
277 4044 426 4112 noudum
443 4051 645 4112 consecratus
664 4045 899 4134 possessionem
919 4044 1092 4114 dioecaseos
1111 4071 1216 4140 coepe-

77 4151 135 4236 rit‚
151 4151 234 4218 sicut
254 4151 413 4241 reliquom
429 4159 532 4241 potest
545 4150 759 4240 episcopalem
772 4149 1032 4242 jurisdictionem
1053 4177 1217 4244 exercere,

78 4260 122 4326 ite
136 4267 169 4326 et
183 4257 351 4326 Vicerium
363 4255 546 4346 generalem
564 4255 625 4326 sibi
641 4257 844 4324 constituere.
863 4258 944 4337 Ques
959 4259 1123 4329 conclusio
1139 4264 1221 4332 nulli
