<?xml version="1.0" encoding="UTF-8"?>
<!DOCTYPE html PUBLIC "-//W3C//DTD XHTML 1.0 Transitional//EN"
    "http://www.w3.org/TR/xhtml1/DTD/xhtml1-transitional.dtd">
<html xmlns="http://www.w3.org/1999/xhtml" xml:lang="en" lang="en">
 <head>
  <title>
</title>
<meta http-equiv="Content-Type" content="text/html;charset=utf-8" />
  <meta name='ocr-system' content='tesseract 3.04.00' />
  <meta name='ocr-capabilities' content='ocr_page ocr_carea ocr_par ocr_line ocrx_word'/>
</head>
<body>
  <div class='ocr_page' id='page_1' title='image "./tractatusdejudi01goog_0021.png"; bbox 0 0 3046 4962; ppageno 0'>
   <div class='ocr_carea' id='block_1_1' title="bbox 288 407 1055 484">
    <p class='ocr_par' dir='ltr' id='par_1_1' title="bbox 288 407 1055 484">
     <span class='ocr_line' id='line_1_1' title="bbox 288 407 1055 484; baseline 0.007 -8"><span class='ocrx_word' id='word_1_1' title='bbox 288 407 325 476; x_wconf 91' lang='lat' dir='ltr'>to</span> <span class='ocrx_word' id='word_1_2' title='bbox 661 435 838 482; x_wconf 74' lang='lat' dir='ltr'>canusinus</span> <span class='ocrx_word' id='word_1_3' title='bbox 861 437 900 484; x_wconf 88' lang='lat' dir='ltr'>na</span> <span class='ocrx_word' id='word_1_4' title='bbox 922 437 1055 484; x_wconf 81' lang='lat' dir='ltr'>runicus.</span> 
     </span>
    </p>
   </div>
   <div class='ocr_carea' id='block_1_2' title="bbox 244 552 1511 4288">
    <p class='ocr_par' dir='ltr' id='par_1_2' title="bbox 284 552 1429 1078">
     <span class='ocr_line' id='line_1_2' title="bbox 287 552 1428 649; baseline 0.011 -33"><span class='ocrx_word' id='word_1_5' title='bbox 287 579 303 616; x_wconf 79' lang='lat' dir='ltr'>n</span> <span class='ocrx_word' id='word_1_6' title='bbox 326 552 500 644; x_wconf 80' lang='lat' dir='ltr'>aliquando</span> <span class='ocrx_word' id='word_1_7' title='bbox 513 554 698 646; x_wconf 76' lang='lat' dir='ltr'><strong>proceditur</strong></span> <span class='ocrx_word' id='word_1_8' title='bbox 709 578 766 647; x_wconf 90' lang='lat' dir='ltr'>per</span> <span class='ocrx_word' id='word_1_9' title='bbox 777 557 864 626; x_wconf 86' lang='lat' dir='ltr'>viam</span> <span class='ocrx_word' id='word_1_10' title='bbox 877 557 1096 649; x_wconf 83' lang='lat' dir='ltr'>inquisitionis</span> <span class='ocrx_word' id='word_1_11' title='bbox 1107 559 1268 648; x_wconf 80' lang='lat' dir='ltr'>generalis</span> <span class='ocrx_word' id='word_1_12' title='bbox 1279 559 1320 630; x_wconf 87' lang='lat' dir='ltr'>ad</span> <span class='ocrx_word' id='word_1_13' title='bbox 1333 560 1428 630; x_wconf 89' lang='lat' dir='ltr'>inve-</span> 
     </span>
     <span class='ocr_line' id='line_1_3' title="bbox 286 661 1429 758; baseline 0.01 -32"><span class='ocrx_word' id='word_1_14' title='bbox 286 685 302 726; x_wconf 77' lang='grc' dir='ltr'>ι(</span> <span class='ocrx_word' id='word_1_15' title='bbox 326 661 480 730; x_wconf 88' lang='lat' dir='ltr'>niendum</span> <span class='ocrx_word' id='word_1_16' title='bbox 500 663 750 749; x_wconf 78' lang='lat' dir='ltr'><strong>malefactorem,</strong></span> <span class='ocrx_word' id='word_1_17' title='bbox 768 665 823 733; x_wconf 93' lang='lat' dir='ltr'>ubi</span> <span class='ocrx_word' id='word_1_18' title='bbox 844 673 909 736; x_wconf 87' lang='lat' dir='ltr'>tnm</span> <span class='ocrx_word' id='word_1_19' title='bbox 927 675 1016 736; x_wconf 87' lang='lat' dir='ltr'>actor</span> <span class='ocrx_word' id='word_1_20' title='bbox 1037 689 1135 758; x_wconf 88' lang='lat' dir='ltr'>quam</span> <span class='ocrx_word' id='word_1_21' title='bbox 1154 689 1228 736; x_wconf 86' lang='lat' dir='ltr'>reus</span> <span class='ocrx_word' id='word_1_22' title='bbox 1248 665 1367 736; x_wconf 77' lang='lat' dir='ltr'>deficit.</span> <span class='ocrx_word' id='word_1_23' title='bbox 1383 707 1429 720; x_wconf 94' lang='lat'><em>-</em></span> 
     </span>
     <span class='ocr_line' id='line_1_4' title="bbox 285 767 1428 864; baseline 0.011 -33"><span class='ocrx_word' id='word_1_24' title='bbox 285 794 301 831; x_wconf 81' lang='lat' dir='ltr'>n</span> <span class='ocrx_word' id='word_1_25' title='bbox 325 767 389 838; x_wconf 88' lang='lat' dir='ltr'>Sed</span> <span class='ocrx_word' id='word_1_26' title='bbox 404 767 511 838; x_wconf 87' lang='lat' dir='ltr'>adhuc</span> <span class='ocrx_word' id='word_1_27' title='bbox 524 768 710 856; x_wconf 89' lang='lat' dir='ltr'>dicendum,</span> <span class='ocrx_word' id='word_1_28' title='bbox 727 778 790 838; x_wconf 91' lang='lat' dir='ltr'>tres</span> <span class='ocrx_word' id='word_1_29' title='bbox 803 771 879 840; x_wconf 89' lang='lat' dir='ltr'>istas</span> <span class='ocrx_word' id='word_1_30' title='bbox 895 795 1049 864; x_wconf 84' lang='lat' dir='ltr'><strong>personas</strong></span> <span class='ocrx_word' id='word_1_31' title='bbox 1061 795 1137 842; x_wconf 90' lang='lat' dir='ltr'>vere</span> <span class='ocrx_word' id='word_1_32' title='bbox 1149 782 1206 844; x_wconf 91' lang='lat' dir='ltr'>aut</span> <span class='ocrx_word' id='word_1_33' title='bbox 1224 776 1296 844; x_wconf 86' lang='lat' dir='ltr'>ficte</span> <span class='ocrx_word' id='word_1_34' title='bbox 1312 774 1428 844; x_wconf 89' lang='lat' dir='ltr'>saltem</span> 
     </span>
     <span class='ocr_line' id='line_1_5' title="bbox 284 875 1429 970; baseline 0.008 -29"><span class='ocrx_word' id='word_1_35' title='bbox 284 901 302 940; x_wconf 78' lang='lat' dir='ltr'>a</span> <span class='ocrx_word' id='word_1_36' title='bbox 325 876 520 944; x_wconf 88' lang='lat' dir='ltr'>intervenire</span> <span class='ocrx_word' id='word_1_37' title='bbox 536 875 571 943; x_wconf 95' lang='lat' dir='ltr'>in</span> <span class='ocrx_word' id='word_1_38' title='bbox 593 878 685 945; x_wconf 92' lang='lat' dir='ltr'>omni</span> <span class='ocrx_word' id='word_1_39' title='bbox 702 877 825 969; x_wconf 88' lang='lat' dir='ltr'>judicio</span> <span class='ocrx_word' id='word_1_40' title='bbox 843 879 975 970; x_wconf 81' lang='lat' dir='ltr'>proprie</span> <span class='ocrx_word' id='word_1_41' title='bbox 994 879 1103 948; x_wconf 88' lang='lat' dir='ltr'>dicto:</span> <span class='ocrx_word' id='word_1_42' title='bbox 1125 889 1158 950; x_wconf 87' lang='lat' dir='ltr'>et</span> <span class='ocrx_word' id='word_1_43' title='bbox 1175 881 1358 950; x_wconf 77' lang='lat' dir='ltr'>ostenditur</span> <span class='ocrx_word' id='word_1_44' title='bbox 1373 905 1429 950; x_wconf 91' lang='lat' dir='ltr'>so-</span> 
     </span>
     <span class='ocr_line' id='line_1_6' title="bbox 285 981 1428 1078; baseline 0.007 -31"><span class='ocrx_word' id='word_1_45' title='bbox 285 1005 302 1046; x_wconf 78' lang='lat' dir='ltr'>u</span> <span class='ocrx_word' id='word_1_46' title='bbox 325 981 446 1050; x_wconf 86' lang='lat' dir='ltr'>lotione</span> <span class='ocrx_word' id='word_1_47' title='bbox 464 981 627 1050; x_wconf 89' lang='lat' dir='ltr'>rationum</span> <span class='ocrx_word' id='word_1_48' title='bbox 653 982 687 1050; x_wconf 94' lang='lat' dir='ltr'>in</span> <span class='ocrx_word' id='word_1_49' title='bbox 708 983 906 1052; x_wconf 85' lang='lat' dir='ltr'>contrarium</span> <span class='ocrx_word' id='word_1_50' title='bbox 927 985 1164 1076; x_wconf 83' lang='lat' dir='ltr'>oppositarum.</span> <span class='ocrx_word' id='word_1_51' title='bbox 1186 984 1238 1054; x_wconf 77' lang='lat' dir='ltr'>Ad</span> <span class='ocrx_word' id='word_1_52' title='bbox 1247 987 1428 1078; x_wconf 84' lang='lat' dir='ltr'>primum:</span> 
     </span>
    </p>

    <p class='ocr_par' dir='ltr' id='par_1_3' title="bbox 244 1089 1430 2038">
     <span class='ocr_line' id='line_1_7' title="bbox 244 1089 1428 1184; baseline 0.007 -30"><span class='ocrx_word' id='word_1_53' title='bbox 244 1137 246 1142; x_wconf 83' lang='lat'>-</span> <span class='ocrx_word' id='word_1_54' title='bbox 285 1112 362 1157; x_wconf 81' lang='lat' dir='ltr'>«eo</span> <span class='ocrx_word' id='word_1_55' title='bbox 386 1112 462 1158; x_wconf 88' lang='lat' dir='ltr'>casu</span> <span class='ocrx_word' id='word_1_56' title='bbox 488 1089 590 1158; x_wconf 86' lang='lat' dir='ltr'>vicem</span> <span class='ocrx_word' id='word_1_57' title='bbox 615 1091 811 1159; x_wconf 85' lang='lat' dir='ltr'>accusatoris</span> <span class='ocrx_word' id='word_1_58' title='bbox 838 1091 965 1184; x_wconf 80' lang='lat' dir='ltr'>supplet</span> <span class='ocrx_word' id='word_1_59' title='bbox 991 1093 1166 1161; x_wconf 89' lang='lat' dir='ltr'>notorietns</span> <span class='ocrx_word' id='word_1_60' title='bbox 1188 1094 1350 1180; x_wconf 88' lang='lat' dir='ltr'>criminis,</span> <span class='ocrx_word' id='word_1_61' title='bbox 1373 1095 1428 1164; x_wconf 81' lang='lat' dir='ltr'>vel</span> 
     </span>
     <span class='ocr_line' id='line_1_8' title="bbox 283 1195 1430 1288; baseline 0.007 -26"><span class='ocrx_word' id='word_1_62' title='bbox 283 1223 299 1262; x_wconf 79' lang='lat' dir='ltr'>o</span> <span class='ocrx_word' id='word_1_63' title='bbox 324 1195 510 1288; x_wconf 81' lang='lat' dir='ltr'>prmoedens</span> <span class='ocrx_word' id='word_1_64' title='bbox 524 1196 612 1266; x_wconf 85' lang='lat' dir='ltr'>lama</span> <span class='ocrx_word' id='word_1_65' title='bbox 626 1198 719 1288; x_wconf 88' lang='lat' dir='ltr'>eique</span> <span class='ocrx_word' id='word_1_66' title='bbox 735 1199 932 1267; x_wconf 87' lang='lat' dir='ltr'>succedanea</span> <span class='ocrx_word' id='word_1_67' title='bbox 945 1199 1094 1270; x_wconf 86' lang='lat' dir='ltr'>criminis</span> <span class='ocrx_word' id='word_1_68' title='bbox 1107 1200 1237 1270; x_wconf 88' lang='lat' dir='ltr'>indicia.</span> <span class='ocrx_word' id='word_1_69' title='bbox 1254 1201 1306 1271; x_wconf 74' lang='lat' dir='ltr'>Aa</span> <span class='ocrx_word' id='word_1_70' title='bbox 1315 1223 1430 1270; x_wconf 83' lang='lat' dir='ltr'>secun-</span> 
     </span>
     <span class='ocr_line' id='line_1_9' title="bbox 285 1303 1430 1398; baseline 0.007 -29"><span class='ocrx_word' id='word_1_71' title='bbox 285 1330 302 1369; x_wconf 73' lang='grc' dir='ltr'>α</span> <span class='ocrx_word' id='word_1_72' title='bbox 325 1303 403 1372; x_wconf 79' lang='lat' dir='ltr'>dum</span> <span class='ocrx_word' id='word_1_73' title='bbox 423 1303 595 1396; x_wconf 86' lang='lat' dir='ltr'>:quandiu</span> <span class='ocrx_word' id='word_1_74' title='bbox 614 1303 806 1394; x_wconf 78' lang='lat' dir='ltr'>generaliter</span> <span class='ocrx_word' id='word_1_75' title='bbox 826 1313 951 1374; x_wconf 88' lang='lat' dir='ltr'>tantum</span> <span class='ocrx_word' id='word_1_76' title='bbox 967 1307 1165 1398; x_wconf 87' lang='lat' dir='ltr'>proceditur,</span> <span class='ocrx_word' id='word_1_77' title='bbox 1180 1317 1213 1376; x_wconf 91' lang='lat' dir='ltr'>et</span> <span class='ocrx_word' id='word_1_78' title='bbox 1231 1308 1270 1376; x_wconf 89' lang='lat' dir='ltr'>de</span> <span class='ocrx_word' id='word_1_79' title='bbox 1288 1308 1430 1378; x_wconf 86' lang='lat' dir='ltr'>crimine</span> 
     </span>
     <span class='ocr_line' id='line_1_10' title="bbox 285 1411 1428 1506; baseline 0.005 -28"><span class='ocrx_word' id='word_1_80' title='bbox 285 1439 301 1478; x_wconf 80' lang='lat' dir='ltr'>a</span> <span class='ocrx_word' id='word_1_81' title='bbox 326 1411 360 1478; x_wconf 92' lang='lat' dir='ltr'>iu</span> <span class='ocrx_word' id='word_1_82' title='bbox 376 1419 495 1480; x_wconf 80' lang='lat' dir='ltr'>centnm</span> <span class='ocrx_word' id='word_1_83' title='bbox 511 1434 681 1503; x_wconf 80' lang='lat' dir='ltr'>porsonam</span> <span class='ocrx_word' id='word_1_84' title='bbox 698 1435 764 1482; x_wconf 90' lang='lat' dir='ltr'>non</span> <span class='ocrx_word' id='word_1_85' title='bbox 779 1412 968 1503; x_wconf 84' lang='lat' dir='ltr'>inquiritur,</span> <span class='ocrx_word' id='word_1_86' title='bbox 983 1414 1144 1506; x_wconf 85' lang='lat' dir='ltr'>judicium</span> <span class='ocrx_word' id='word_1_87' title='bbox 1160 1437 1236 1486; x_wconf 79' lang='lat' dir='ltr'>vere</span> <span class='ocrx_word' id='word_1_88' title='bbox 1250 1438 1316 1485; x_wconf 93' lang='lat' dir='ltr'>non</span> <span class='ocrx_word' id='word_1_89' title='bbox 1330 1416 1428 1484; x_wconf 84' lang='lat' dir='ltr'>datur</span> 
     </span>
     <span class='ocr_line' id='line_1_11' title="bbox 286 1519 1429 1614; baseline 0.001 -25"><span class='ocrx_word' id='word_1_90' title='bbox 286 1545 303 1589; x_wconf 75' lang='lat' dir='ltr'>a</span> <span class='ocrx_word' id='word_1_91' title='bbox 328 1521 376 1608; x_wconf 81' lang='lat' dir='ltr'>(ut</span> <span class='ocrx_word' id='word_1_92' title='bbox 389 1541 463 1588; x_wconf 90' lang='lat' dir='ltr'>cum</span> <span class='ocrx_word' id='word_1_93' title='bbox 484 1519 631 1588; x_wconf 84' lang='lat' dir='ltr'>Maranta</span> <span class='ocrx_word' id='word_1_94' title='bbox 650 1519 789 1588; x_wconf 88' lang='lat' dir='ltr'>advertit</span> <span class='ocrx_word' id='word_1_95' title='bbox 804 1520 955 1610; x_wconf 80' lang='lat' dir='ltr'>Pirhing,</span> <span class='ocrx_word' id='word_1_96' title='bbox 972 1520 1026 1590; x_wconf 91' lang='lat' dir='ltr'>hic</span> <span class='ocrx_word' id='word_1_97' title='bbox 1040 1545 1073 1590; x_wconf 92' lang='lat' dir='ltr'>n.</span> <span class='ocrx_word' id='word_1_98' title='bbox 1094 1525 1142 1613; x_wconf 81' lang='lat'>2);</span> <span class='ocrx_word' id='word_1_99' title='bbox 1163 1522 1214 1592; x_wconf 85' lang='lat' dir='ltr'>vel</span> <span class='ocrx_word' id='word_1_100' title='bbox 1236 1521 1302 1590; x_wconf 93' lang='lat' dir='ltr'>dici</span> <span class='ocrx_word' id='word_1_101' title='bbox 1322 1531 1429 1614; x_wconf 88' lang='lat' dir='ltr'>potest</span> 
     </span>
     <span class='ocr_line' id='line_1_12' title="bbox 285 1625 1428 1719; baseline 0.005 -27"><span class='ocrx_word' id='word_1_102' title='bbox 285 1653 302 1692; x_wconf 75' lang='lat' dir='ltr'>a</span> <span class='ocrx_word' id='word_1_103' title='bbox 325 1651 401 1696; x_wconf 87' lang='lat' dir='ltr'>cnm</span> <span class='ocrx_word' id='word_1_104' title='bbox 423 1627 537 1696; x_wconf 86' lang='lat' dir='ltr'>eodem</span> <span class='ocrx_word' id='word_1_105' title='bbox 561 1627 715 1716; x_wconf 80' lang='lat' dir='ltr'>Pirhiug,</span> <span class='ocrx_word' id='word_1_106' title='bbox 741 1625 852 1696; x_wconf 85' lang='lat' dir='ltr'>adesse</span> <span class='ocrx_word' id='word_1_107' title='bbox 875 1628 1007 1719; x_wconf 89' lang='lat' dir='ltr'>quidem</span> <span class='ocrx_word' id='word_1_108' title='bbox 1029 1629 1125 1698; x_wconf 90' lang='lat' dir='ltr'>etiam</span> <span class='ocrx_word' id='word_1_109' title='bbox 1149 1628 1211 1698; x_wconf 92' lang='lat' dir='ltr'>hoc</span> <span class='ocrx_word' id='word_1_110' title='bbox 1232 1652 1309 1698; x_wconf 91' lang='lat' dir='ltr'>casu</span> <span class='ocrx_word' id='word_1_111' title='bbox 1331 1651 1428 1698; x_wconf 87' lang='lat' dir='ltr'>reum</span> 
     </span>
     <span class='ocr_line' id='line_1_13' title="bbox 285 1735 1429 1828; baseline 0.005 -30"><span class='ocrx_word' id='word_1_112' title='bbox 285 1761 302 1798; x_wconf 77' lang='lat' dir='ltr'>n</span> <span class='ocrx_word' id='word_1_113' title='bbox 325 1735 480 1827; x_wconf 80' lang='lat' dir='ltr'>aliquem,</span> <span class='ocrx_word' id='word_1_114' title='bbox 502 1757 567 1803; x_wconf 91' lang='lat' dir='ltr'>non</span> <span class='ocrx_word' id='word_1_115' title='bbox 590 1743 698 1802; x_wconf 66' lang='lat' dir='ltr'>umen</span> <span class='ocrx_word' id='word_1_116' title='bbox 716 1743 854 1822; x_wconf 90' lang='lat' dir='ltr'>certum,</span> <span class='ocrx_word' id='word_1_117' title='bbox 876 1735 932 1804; x_wconf 88' lang='lat' dir='ltr'>sed</span> <span class='ocrx_word' id='word_1_118' title='bbox 952 1737 1009 1828; x_wconf 92' lang='lat' dir='ltr'>qui</span> <span class='ocrx_word' id='word_1_119' title='bbox 1027 1759 1068 1804; x_wconf 84' lang='lat' dir='ltr'>ex</span> <span class='ocrx_word' id='word_1_120' title='bbox 1090 1735 1202 1805; x_wconf 82' lang='lat' dir='ltr'>futuro</span> <span class='ocrx_word' id='word_1_121' title='bbox 1223 1745 1342 1804; x_wconf 85' lang='lat' dir='ltr'>eventu</span> <span class='ocrx_word' id='word_1_122' title='bbox 1364 1737 1429 1804; x_wconf 85' lang='lat' dir='ltr'>ali-</span> 
     </span>
     <span class='ocr_line' id='line_1_14' title="bbox 285 1841 1425 1934; baseline 0.006 -26"><span class='ocrx_word' id='word_1_123' title='bbox 285 1868 302 1908; x_wconf 78' lang='lat'>«</span> <span class='ocrx_word' id='word_1_124' title='bbox 325 1842 457 1934; x_wconf 87' lang='lat' dir='ltr'>quando</span> <span class='ocrx_word' id='word_1_125' title='bbox 471 1843 581 1910; x_wconf 84' lang='lat' dir='ltr'>veniat</span> <span class='ocrx_word' id='word_1_126' title='bbox 595 1841 834 1910; x_wconf 86' lang='lat' dir='ltr'>certificandus.</span> <span class='ocrx_word' id='word_1_127' title='bbox 849 1867 865 1907; x_wconf 82' lang='lat' dir='ltr'>u</span> <span class='ocrx_word' id='word_1_128' title='bbox 878 1841 944 1933; x_wconf 85' lang='lat' dir='ltr'>(Ad</span> <span class='ocrx_word' id='word_1_129' title='bbox 960 1843 1091 1911; x_wconf 90' lang='lat' dir='ltr'>titulum</span> <span class='ocrx_word' id='word_1_130' title='bbox 1107 1841 1305 1926; x_wconf 80' lang='lat' dir='ltr'>deludiciis,</span> <span class='ocrx_word' id='word_1_131' title='bbox 1317 1843 1425 1914; x_wconf 81' lang='lat' dir='ltr'>titrit</span> 
     </span>
     <span class='ocr_line' id='line_1_15' title="bbox 281 1950 1375 2038; baseline -0.005 -20"><span class='ocrx_word' id='word_1_132' title='bbox 281 1950 422 2036; x_wconf 80' lang='lat' dir='ltr'>Deerat,</span> <span class='ocrx_word' id='word_1_133' title='bbox 445 1972 478 2017; x_wconf 91' lang='lat' dir='ltr'>n.</span> <span class='ocrx_word' id='word_1_134' title='bbox 501 1951 567 2038; x_wconf 88' lang='grc'><strong>16.)</strong></span> <span class='ocrx_word' id='word_1_135' title='bbox 1372 1961 1375 1970; x_wconf 94' lang='grc'><em>·</em></span> 
     </span>
    </p>

    <p class='ocr_par' dir='ltr' id='par_1_4' title="bbox 327 2057 1427 2149">
     <span class='ocr_line' id='line_1_16' title="bbox 327 2057 1427 2149; baseline 0.001 -24"><span class='ocrx_word' id='word_1_136' title='bbox 327 2061 357 2125; x_wconf 84' lang='grc'>6.</span> <span class='ocrx_word' id='word_1_137' title='bbox 374 2057 565 2148; x_wconf 86' lang='lat' dir='ltr'>Requiritur</span> <span class='ocrx_word' id='word_1_138' title='bbox 581 2077 719 2146; x_wconf 89' lang='lat' dir='ltr'>persona</span> <span class='ocrx_word' id='word_1_139' title='bbox 731 2079 807 2148; x_wconf 82' lang='lat' dir='ltr'>quae</span> <span class='ocrx_word' id='word_1_140' title='bbox 820 2057 1002 2148; x_wconf 86' lang='lat' dir='ltr'>postuletur</span> <span class='ocrx_word' id='word_1_141' title='bbox 1016 2057 1068 2124; x_wconf 88' lang='lat' dir='ltr'>vel</span> <span class='ocrx_word' id='word_1_142' title='bbox 1083 2079 1179 2149; x_wconf 83' lang='lat' dir='ltr'>poena</span> <span class='ocrx_word' id='word_1_143' title='bbox 1192 2057 1302 2148; x_wconf 90' lang='lat' dir='ltr'>plecti,</span> <span class='ocrx_word' id='word_1_144' title='bbox 1318 2057 1368 2127; x_wconf 87' lang='lat' dir='ltr'>vel</span> <span class='ocrx_word' id='word_1_145' title='bbox 1383 2059 1427 2126; x_wconf 89' lang='lat' dir='ltr'>ad</span> 
     </span>
    </p>

    <p class='ocr_par' dir='ltr' id='par_1_5' title="bbox 278 2162 1511 3860">
     <span class='ocr_line' id='line_1_17' title="bbox 281 2162 1429 2255; baseline 0.003 -24"><span class='ocrx_word' id='word_1_146' title='bbox 281 2163 457 2232; x_wconf 87' lang='lat' dir='ltr'>cedendam</span> <span class='ocrx_word' id='word_1_147' title='bbox 476 2163 570 2232; x_wconf 89' lang='lat' dir='ltr'>alteri</span> <span class='ocrx_word' id='word_1_148' title='bbox 585 2185 654 2232; x_wconf 86' lang='lat' dir='ltr'>rem</span> <span class='ocrx_word' id='word_1_149' title='bbox 673 2162 817 2254; x_wconf 89' lang='lat' dir='ltr'>aliquam</span> <span class='ocrx_word' id='word_1_150' title='bbox 833 2163 917 2252; x_wconf 74' lang='lat' dir='ltr'>cogi.</span> <span class='ocrx_word' id='word_1_151' title='bbox 935 2164 1091 2255; x_wconf 82' lang='lat' dir='ltr'>Alioquin</span> <span class='ocrx_word' id='word_1_152' title='bbox 1112 2165 1198 2232; x_wconf 89' lang='lat' dir='ltr'>anim</span> <span class='ocrx_word' id='word_1_153' title='bbox 1213 2163 1324 2233; x_wconf 79' lang='lat' dir='ltr'>nudus</span> <span class='ocrx_word' id='word_1_154' title='bbox 1342 2174 1429 2234; x_wconf 89' lang='lat' dir='ltr'>esset</span> 
     </span>
     <span class='ocr_line' id='line_1_18' title="bbox 281 2271 1427 2364; baseline 0.001 -23"><span class='ocrx_word' id='word_1_155' title='bbox 281 2273 316 2341; x_wconf 90' lang='lat' dir='ltr'>io</span> <span class='ocrx_word' id='word_1_156' title='bbox 334 2271 457 2364; x_wconf 84' lang='lat' dir='ltr'>judicio</span> <span class='ocrx_word' id='word_1_157' title='bbox 476 2279 578 2357; x_wconf 78' lang='lat' dir='ltr'>actm,</span> <span class='ocrx_word' id='word_1_158' title='bbox 599 2294 636 2340; x_wconf 89' lang='lat' dir='ltr'>ac</span> <span class='ocrx_word' id='word_1_159' title='bbox 651 2271 790 2363; x_wconf 81' lang='lat' dir='ltr'>proinde</span> <span class='ocrx_word' id='word_1_160' title='bbox 808 2272 936 2341; x_wconf 89' lang='lat' dir='ltr'>nullum</span> <span class='ocrx_word' id='word_1_161' title='bbox 952 2281 1077 2342; x_wconf 86' lang='lat' dir='ltr'>extaret</span> <span class='ocrx_word' id='word_1_162' title='bbox 1090 2273 1272 2364; x_wconf 84' lang='lat' dir='ltr'>judicium:</span> <span class='ocrx_word' id='word_1_163' title='bbox 1294 2295 1370 2342; x_wconf 88' lang='lat' dir='ltr'>unm</span> <span class='ocrx_word' id='word_1_164' title='bbox 1390 2273 1427 2342; x_wconf 93' lang='lat' dir='ltr'>in</span> 
     </span>
     <span class='ocr_line' id='line_1_19' title="bbox 280 2378 1511 2472; baseline -0.002 -23"><span class='ocrx_word' id='word_1_165' title='bbox 280 2379 429 2450; x_wconf 88' lang='lat' dir='ltr'>civilibus</span> <span class='ocrx_word' id='word_1_166' title='bbox 443 2378 575 2471; x_wconf 85' lang='lat' dir='ltr'>judiciis</span> <span class='ocrx_word' id='word_1_167' title='bbox 596 2379 707 2448; x_wconf 91' lang='lat' dir='ltr'>nullus</span> <span class='ocrx_word' id='word_1_168' title='bbox 727 2387 816 2448; x_wconf 88' lang='lat' dir='ltr'>actor</span> <span class='ocrx_word' id='word_1_169' title='bbox 834 2402 903 2448; x_wconf 88' lang='lat' dir='ltr'>esse</span> <span class='ocrx_word' id='word_1_170' title='bbox 924 2389 1028 2472; x_wconf 88' lang='lat' dir='ltr'>potest</span> <span class='ocrx_word' id='word_1_171' title='bbox 1045 2381 1108 2448; x_wconf 90' lang='lat' dir='ltr'>nisi</span> <span class='ocrx_word' id='word_1_172' title='bbox 1127 2379 1265 2472; x_wconf 88' lang='lat' dir='ltr'>petendo</span> <span class='ocrx_word' id='word_1_173' title='bbox 1283 2379 1427 2471; x_wconf 85' lang='lat' dir='ltr'>aliquam</span> <span class='ocrx_word' id='word_1_174' title='bbox 1510 2399 1511 2447; x_wconf 68' lang='lat' dir='ltr'>t</span> 
     </span>
     <span class='ocr_line' id='line_1_20' title="bbox 279 2485 1426 2580; baseline 0.001 -25"><span class='ocrx_word' id='word_1_175' title='bbox 279 2509 366 2573; x_wconf 90' lang='lat' dir='ltr'>rem,</span> <span class='ocrx_word' id='word_1_176' title='bbox 391 2485 522 2580; x_wconf 83' lang='lat' dir='ltr'>aliquod</span> <span class='ocrx_word' id='word_1_177' title='bbox 553 2486 673 2555; x_wconf 89' lang='lat' dir='ltr'>scilicet</span> <span class='ocrx_word' id='word_1_178' title='bbox 700 2485 911 2555; x_wconf 89' lang='lat' dir='ltr'>commodum</span> <span class='ocrx_word' id='word_1_179' title='bbox 934 2487 1002 2556; x_wconf 88' lang='lat' dir='ltr'>sive</span> <span class='ocrx_word' id='word_1_180' title='bbox 1025 2487 1147 2556; x_wconf 88' lang='lat' dir='ltr'>bonum</span> <span class='ocrx_word' id='word_1_181' title='bbox 1179 2513 1187 2554; x_wconf 75' lang='grc' dir='ltr'><strong>ι</strong></span> <span class='ocrx_word' id='word_1_182' title='bbox 1212 2485 1292 2555; x_wconf 92' lang='lat' dir='ltr'>illud</span> <span class='ocrx_word' id='word_1_183' title='bbox 1316 2495 1426 2556; x_wconf 86' lang='lat' dir='ltr'>autem</span> 
     </span>
     <span class='ocr_line' id='line_1_21' title="bbox 279 2591 1427 2684; baseline 0.002 -22"><span class='ocrx_word' id='word_1_184' title='bbox 279 2595 487 2662; x_wconf 83' lang='lat' dir='ltr'>commodum</span> <span class='ocrx_word' id='word_1_185' title='bbox 502 2614 568 2662; x_wconf 89' lang='lat' dir='ltr'>uon</span> <span class='ocrx_word' id='word_1_186' title='bbox 583 2591 760 2684; x_wconf 88' lang='lat' dir='ltr'>postularet</span> <span class='ocrx_word' id='word_1_187' title='bbox 778 2591 988 2684; x_wconf 89' lang='lat' dir='ltr'>judicialiter,</span> <span class='ocrx_word' id='word_1_188' title='bbox 1007 2593 1073 2661; x_wconf 90' lang='lat' dir='ltr'>nisi</span> <span class='ocrx_word' id='word_1_189' title='bbox 1093 2594 1123 2661; x_wconf 86' lang='lat' dir='ltr'>ei</span> <span class='ocrx_word' id='word_1_190' title='bbox 1138 2593 1179 2662; x_wconf 87' lang='lat' dir='ltr'>nb</span> <span class='ocrx_word' id='word_1_191' title='bbox 1197 2593 1308 2684; x_wconf 88' lang='lat' dir='ltr'>aliquo</span> <span class='ocrx_word' id='word_1_192' title='bbox 1324 2592 1427 2664; x_wconf 85' lang='lat' dir='ltr'>deuc-</span> 
     </span>
     <span class='ocr_line' id='line_1_22' title="bbox 280 2699 1423 2792; baseline 0 -24"><span class='ocrx_word' id='word_1_193' title='bbox 280 2709 413 2790; x_wconf 76' lang='lat' dir='ltr'>garetur</span> <span class='ocrx_word' id='word_1_194' title='bbox 428 2727 435 2767; x_wconf 92' lang='lat'>:</span> <span class='ocrx_word' id='word_1_195' title='bbox 450 2700 478 2768; x_wconf 89' lang='lat' dir='ltr'>si</span> <span class='ocrx_word' id='word_1_196' title='bbox 489 2701 577 2769; x_wconf 88' lang='lat' dir='ltr'>enim</span> <span class='ocrx_word' id='word_1_197' title='bbox 589 2699 699 2768; x_wconf 90' lang='lat' dir='ltr'>nullus</span> <span class='ocrx_word' id='word_1_198' title='bbox 715 2700 744 2767; x_wconf 90' lang='lat' dir='ltr'>ei</span> <span class='ocrx_word' id='word_1_199' title='bbox 760 2699 935 2790; x_wconf 78' lang='lat' dir='ltr'>denegaret</span> <span class='ocrx_word' id='word_1_200' title='bbox 945 2699 1032 2791; x_wconf 94' lang='lat' dir='ltr'>quod</span> <span class='ocrx_word' id='word_1_201' title='bbox 1046 2701 1188 2792; x_wconf 84' lang='lat' dir='ltr'>postulat</span> <span class='ocrx_word' id='word_1_202' title='bbox 1200 2701 1423 2789; x_wconf 87' lang='lat' dir='ltr'>commodum,</span> 
     </span>
     <span class='ocr_line' id='line_1_23' title="bbox 279 2805 1510 2899; baseline -0.005 -23"><span class='ocrx_word' id='word_1_203' title='bbox 279 2830 317 2876; x_wconf 90' lang='lat' dir='ltr'>eo</span> <span class='ocrx_word' id='word_1_204' title='bbox 335 2806 467 2899; x_wconf 83' lang='lat' dir='ltr'>pacifice</span> <span class='ocrx_word' id='word_1_205' title='bbox 488 2807 554 2874; x_wconf 87' lang='lat' dir='ltr'>frui</span> <span class='ocrx_word' id='word_1_206' title='bbox 574 2815 692 2897; x_wconf 90' lang='lat' dir='ltr'>posset,</span> <span class='ocrx_word' id='word_1_207' title='bbox 715 2829 773 2875; x_wconf 88' lang='lat' dir='ltr'>nec</span> <span class='ocrx_word' id='word_1_208' title='bbox 793 2805 835 2874; x_wconf 87' lang='lat' dir='ltr'>nd</span> <span class='ocrx_word' id='word_1_209' title='bbox 855 2807 937 2876; x_wconf 92' lang='lat' dir='ltr'>illud</span> <span class='ocrx_word' id='word_1_210' title='bbox 957 2806 1198 2898; x_wconf 86' lang='lat' dir='ltr'>impetrandum</span> <span class='ocrx_word' id='word_1_211' title='bbox 1221 2807 1262 2875; x_wconf 93' lang='lat' dir='ltr'>nd</span> <span class='ocrx_word' id='word_1_212' title='bbox 1280 2807 1425 2898; x_wconf 85' lang='lat' dir='ltr'>judicem</span> <span class='ocrx_word' id='word_1_213' title='bbox 1509 2829 1510 2870; x_wconf 83' lang='lat' dir='ltr'>t</span> 
     </span>
     <span class='ocr_line' id='line_1_24' title="bbox 278 2913 1426 3007; baseline 0 -23"><span class='ocrx_word' id='word_1_214' title='bbox 278 2923 467 2984; x_wconf 86' lang='lat' dir='ltr'>recurreret.</span> <span class='ocrx_word' id='word_1_215' title='bbox 493 2914 579 3004; x_wconf 78' lang='lat' dir='ltr'>Ergo</span> <span class='ocrx_word' id='word_1_216' title='bbox 604 2913 732 2982; x_wconf 91' lang='lat' dir='ltr'>nullum</span> <span class='ocrx_word' id='word_1_217' title='bbox 752 2921 863 2984; x_wconf 84' lang='lat' dir='ltr'>extare</span> <span class='ocrx_word' id='word_1_218' title='bbox 883 2922 987 3007; x_wconf 83' lang='lat' dir='ltr'>potest</span> <span class='ocrx_word' id='word_1_219' title='bbox 1004 2913 1167 3005; x_wconf 77' lang='lat' dir='ltr'>judicium</span> <span class='ocrx_word' id='word_1_220' title='bbox 1187 2913 1281 2984; x_wconf 85' lang='lat' dir='ltr'>civile</span> <span class='ocrx_word' id='word_1_221' title='bbox 1302 2916 1426 3007; x_wconf 87' lang='lat' dir='ltr'>absque</span> 
     </span>
     <span class='ocr_line' id='line_1_25' title="bbox 278 3020 1425 3114; baseline 0.001 -24"><span class='ocrx_word' id='word_1_222' title='bbox 278 3045 415 3114; x_wconf 87' lang='lat' dir='ltr'>persona</span> <span class='ocrx_word' id='word_1_223' title='bbox 435 3043 508 3114; x_wconf 81' lang='lat' dir='ltr'>quae</span> <span class='ocrx_word' id='word_1_224' title='bbox 528 3020 738 3090; x_wconf 87' lang='lat' dir='ltr'>denuntietur</span> <span class='ocrx_word' id='word_1_225' title='bbox 760 3030 914 3112; x_wconf 82' lang='lat' dir='ltr'>tanquam</span> <span class='ocrx_word' id='word_1_226' title='bbox 937 3021 1079 3112; x_wconf 90' lang='lat' dir='ltr'>aliquam</span> <span class='ocrx_word' id='word_1_227' title='bbox 1100 3044 1170 3090; x_wconf 86' lang='lat' dir='ltr'>rem</span> <span class='ocrx_word' id='word_1_228' title='bbox 1191 3021 1284 3089; x_wconf 90' lang='lat' dir='ltr'>alteri</span> <span class='ocrx_word' id='word_1_229' title='bbox 1306 3021 1425 3112; x_wconf 87' lang='lat' dir='ltr'>injuste</span> 
     </span>
     <span class='ocr_line' id='line_1_26' title="bbox 279 3127 1509 3219; baseline -0.001 -24"><span class='ocrx_word' id='word_1_230' title='bbox 279 3129 454 3218; x_wconf 79' lang='lat' dir='ltr'>denegans.</span> <span class='ocrx_word' id='word_1_231' title='bbox 472 3129 598 3198; x_wconf 84' lang='lat' dir='ltr'>Pariter</span> <span class='ocrx_word' id='word_1_232' title='bbox 613 3127 785 3219; x_wconf 84' lang='lat' dir='ltr'>injudicio</span> <span class='ocrx_word' id='word_1_233' title='bbox 800 3128 961 3196; x_wconf 88' lang='lat' dir='ltr'>criminali</span> <span class='ocrx_word' id='word_1_234' title='bbox 981 3128 1093 3196; x_wconf 89' lang='lat' dir='ltr'>nullus</span> <span class='ocrx_word' id='word_1_235' title='bbox 1113 3137 1201 3196; x_wconf 88' lang='lat' dir='ltr'>actor</span> <span class='ocrx_word' id='word_1_236' title='bbox 1222 3149 1290 3195; x_wconf 88' lang='lat' dir='ltr'>esse</span> <span class='ocrx_word' id='word_1_237' title='bbox 1307 3136 1423 3218; x_wconf 87' lang='lat' dir='ltr'>potest,</span> <span class='ocrx_word' id='word_1_238' title='bbox 1508 3175 1509 3208; x_wconf 44' lang='lat'>1</span> 
     </span>
     <span class='ocr_line' id='line_1_27' title="bbox 281 3223 1509 3327; baseline 0.002 -25"><span class='ocrx_word' id='word_1_239' title='bbox 281 3235 343 3302; x_wconf 92' lang='lat' dir='ltr'>nisi</span> <span class='ocrx_word' id='word_1_240' title='bbox 358 3235 498 3327; x_wconf 87' lang='lat' dir='ltr'>aliquem</span> <span class='ocrx_word' id='word_1_241' title='bbox 518 3233 739 3304; x_wconf 87' lang='lat' dir='ltr'>denuntiando</span> <span class='ocrx_word' id='word_1_242' title='bbox 756 3243 911 3327; x_wconf 83' lang='lat' dir='ltr'>tanquam</span> <span class='ocrx_word' id='word_1_243' title='bbox 932 3234 1079 3303; x_wconf 88' lang='lat' dir='ltr'>criminis</span> <span class='ocrx_word' id='word_1_244' title='bbox 1099 3257 1210 3320; x_wconf 89' lang='lat' dir='ltr'>reum;</span> <span class='ocrx_word' id='word_1_245' title='bbox 1233 3257 1271 3302; x_wconf 89' lang='lat' dir='ltr'>ac</span> <span class='ocrx_word' id='word_1_246' title='bbox 1286 3234 1426 3325; x_wconf 89' lang='lat' dir='ltr'>proinde</span> <span class='ocrx_word' id='word_1_247' title='bbox 1508 3223 1509 3311; x_wconf 76' lang='lat' dir='ltr'>i</span> 
     </span>
     <span class='ocr_line' id='line_1_28' title="bbox 279 3341 1424 3433; baseline 0 -23"><span class='ocrx_word' id='word_1_248' title='bbox 279 3341 407 3414; x_wconf 89' lang='lat' dir='ltr'>nullum</span> <span class='ocrx_word' id='word_1_249' title='bbox 428 3343 539 3432; x_wconf 82' lang='lat' dir='ltr'>peragi</span> <span class='ocrx_word' id='word_1_250' title='bbox 559 3350 662 3433; x_wconf 89' lang='lat' dir='ltr'>potest</span> <span class='ocrx_word' id='word_1_251' title='bbox 682 3341 848 3410; x_wconf 88' lang='lat' dir='ltr'>criminale</span> <span class='ocrx_word' id='word_1_252' title='bbox 865 3341 1044 3433; x_wconf 87' lang='lat' dir='ltr'>judicium,</span> <span class='ocrx_word' id='word_1_253' title='bbox 1067 3342 1130 3409; x_wconf 90' lang='lat' dir='ltr'>uisi</span> <span class='ocrx_word' id='word_1_254' title='bbox 1146 3341 1231 3409; x_wconf 87' lang='lat' dir='ltr'>circa</span> <span class='ocrx_word' id='word_1_255' title='bbox 1249 3363 1424 3433; x_wconf 83' lang='lat' dir='ltr'>personam</span> 
     </span>
     <span class='ocr_line' id='line_1_29' title="bbox 279 3447 1508 3539; baseline 0.001 -23"><span class='ocrx_word' id='word_1_256' title='bbox 279 3448 425 3516; x_wconf 89' lang='lat' dir='ltr'>criminis</span> <span class='ocrx_word' id='word_1_257' title='bbox 449 3456 641 3516; x_wconf 83' lang='lat' dir='ltr'>accusatam.</span> <span class='ocrx_word' id='word_1_258' title='bbox 662 3449 806 3517; x_wconf 87' lang='lat' dir='ltr'>Persona</span> <span class='ocrx_word' id='word_1_259' title='bbox 827 3457 934 3517; x_wconf 92' lang='lat' dir='ltr'>autem</span> <span class='ocrx_word' id='word_1_260' title='bbox 953 3471 1052 3539; x_wconf 88' lang='lat' dir='ltr'>quam</span> <span class='ocrx_word' id='word_1_261' title='bbox 1076 3456 1164 3516; x_wconf 91' lang='lat' dir='ltr'>actor</span> <span class='ocrx_word' id='word_1_262' title='bbox 1185 3447 1350 3516; x_wconf 84' lang='lat' dir='ltr'>contendit</span> <span class='ocrx_word' id='word_1_263' title='bbox 1372 3449 1425 3518; x_wconf 82' lang='lat' dir='ltr'>vel</span> <span class='ocrx_word' id='word_1_264' title='bbox 1507 3501 1508 3532; x_wconf 75' lang='lat'>,</span> 
     </span>
     <span class='ocr_line' id='line_1_30' title="bbox 280 3549 1508 3647; baseline -0.001 -24"><span class='ocrx_word' id='word_1_265' title='bbox 280 3556 404 3624; x_wconf 90' lang='lat' dir='ltr'>crimen</span> <span class='ocrx_word' id='word_1_266' title='bbox 417 3562 572 3646; x_wconf 86' lang='lat' dir='ltr'>patrasse,</span> <span class='ocrx_word' id='word_1_267' title='bbox 585 3554 637 3623; x_wconf 86' lang='lat' dir='ltr'>vel</span> <span class='ocrx_word' id='word_1_268' title='bbox 648 3554 772 3647; x_wconf 91' lang='lat' dir='ltr'>aliquid</span> <span class='ocrx_word' id='word_1_269' title='bbox 789 3555 907 3646; x_wconf 85' lang='lat' dir='ltr'>injuste</span> <span class='ocrx_word' id='word_1_270' title='bbox 922 3554 1097 3646; x_wconf 81' lang='lat' dir='ltr'>denegare,</span> <span class='ocrx_word' id='word_1_271' title='bbox 1111 3577 1184 3622; x_wconf 83' lang='lat' dir='ltr'>reus</span> <span class='ocrx_word' id='word_1_272' title='bbox 1196 3555 1305 3623; x_wconf 89' lang='lat' dir='ltr'>vocari</span> <span class='ocrx_word' id='word_1_273' title='bbox 1318 3554 1398 3623; x_wconf 90' lang='lat' dir='ltr'>solet</span> <span class='ocrx_word' id='word_1_274' title='bbox 1414 3583 1423 3622; x_wconf 75' lang='grc' dir='ltr'>ε</span> <span class='ocrx_word' id='word_1_275' title='bbox 1507 3549 1508 3642; x_wconf 64' lang='lat' dir='ltr'>l</span> 
     </span>
     <span class='ocr_line' id='line_1_31' title="bbox 281 3649 1508 3753; baseline 0 -23"><span class='ocrx_word' id='word_1_276' title='bbox 281 3683 346 3753; x_wconf 93' lang='lat' dir='ltr'>quo</span> <span class='ocrx_word' id='word_1_277' title='bbox 362 3661 493 3731; x_wconf 90' lang='lat' dir='ltr'>nomine</span> <span class='ocrx_word' id='word_1_278' title='bbox 508 3659 697 3750; x_wconf 80' lang='lat' dir='ltr'>designatur</span> <span class='ocrx_word' id='word_1_279' title='bbox 710 3683 748 3729; x_wconf 90' lang='lat' dir='ltr'>eo</span> <span class='ocrx_word' id='word_1_280' title='bbox 762 3660 850 3753; x_wconf 90' lang='lat' dir='ltr'>quod</span> <span class='ocrx_word' id='word_1_281' title='bbox 862 3661 903 3730; x_wconf 86' lang='lat' dir='ltr'>ab</span> <span class='ocrx_word' id='word_1_282' title='bbox 916 3661 986 3753; x_wconf 92' lang='lat' dir='ltr'>ipsa</span> <span class='ocrx_word' id='word_1_283' title='bbox 997 3670 1053 3730; x_wconf 77' lang='lat' dir='ltr'>arat</span> <span class='ocrx_word' id='word_1_284' title='bbox 1064 3671 1177 3730; x_wconf 91' lang='lat' dir='ltr'>contra</span> <span class='ocrx_word' id='word_1_285' title='bbox 1190 3661 1294 3752; x_wconf 90' lang='lat' dir='ltr'>ipsam</span> <span class='ocrx_word' id='word_1_286' title='bbox 1309 3683 1369 3744; x_wconf 87' lang='lat' dir='ltr'>res,</span> <span class='ocrx_word' id='word_1_287' title='bbox 1384 3660 1426 3730; x_wconf 88' lang='lat' dir='ltr'>de</span> <span class='ocrx_word' id='word_1_288' title='bbox 1507 3649 1508 3743; x_wconf 77' lang='lat' dir='ltr'>l</span> 
     </span>
     <span class='ocr_line' id='line_1_32' title="bbox 281 3768 987 3860; baseline 0 -23"><span class='ocrx_word' id='word_1_289' title='bbox 281 3791 347 3860; x_wconf 93' lang='lat' dir='ltr'>qua</span> <span class='ocrx_word' id='word_1_290' title='bbox 361 3768 549 3860; x_wconf 89' lang='lat' dir='ltr'>disceptatio</span> <span class='ocrx_word' id='word_1_291' title='bbox 562 3777 621 3855; x_wconf 90' lang='lat' dir='ltr'>est,</span> <span class='ocrx_word' id='word_1_292' title='bbox 639 3790 659 3834; x_wconf 93' lang='lat' dir='ltr'>a</span> <span class='ocrx_word' id='word_1_293' title='bbox 670 3768 779 3859; x_wconf 86' lang='lat' dir='ltr'>judice</span> <span class='ocrx_word' id='word_1_294' title='bbox 795 3769 987 3860; x_wconf 86' lang='lat' dir='ltr'>postulatur.</span> 
     </span>
    </p>

    <p class='ocr_par' dir='ltr' id='par_1_6' title="bbox 283 3874 1507 4288">
     <span class='ocr_line' id='line_1_33' title="bbox 328 3874 1507 3968; baseline 0.006 -27"><span class='ocrx_word' id='word_1_295' title='bbox 328 3880 360 3944; x_wconf 85' lang='lat'>7.</span> <span class='ocrx_word' id='word_1_296' title='bbox 384 3875 574 3967; x_wconf 85' lang='lat' dir='ltr'>Requiritur</span> <span class='ocrx_word' id='word_1_297' title='bbox 595 3874 725 3942; x_wconf 89' lang='lat' dir='ltr'>tandem</span> <span class='ocrx_word' id='word_1_298' title='bbox 745 3874 785 3943; x_wconf 88' lang='lat' dir='ltr'>ad</span> <span class='ocrx_word' id='word_1_299' title='bbox 803 3876 933 3968; x_wconf 86' lang='lat' dir='ltr'>proprie</span> <span class='ocrx_word' id='word_1_300' title='bbox 945 3876 1066 3945; x_wconf 93' lang='lat' dir='ltr'>dictum</span> <span class='ocrx_word' id='word_1_301' title='bbox 1085 3875 1347 3946; x_wconf 87' lang='lat' dir='ltr'>constituendum</span> <span class='ocrx_word' id='word_1_302' title='bbox 1365 3876 1427 3968; x_wconf 84' lang='lat' dir='ltr'>ju·</span> <span class='ocrx_word' id='word_1_303' title='bbox 1506 3921 1507 3948; x_wconf 54' lang='lat' dir='ltr'>t</span> 
     </span>
     <span class='ocr_line' id='line_1_34' title="bbox 283 3961 1507 4075; baseline 0.002 -24"><span class='ocrx_word' id='word_1_304' title='bbox 283 3982 418 4068; x_wconf 90' lang='lat' dir='ltr'>dicium,</span> <span class='ocrx_word' id='word_1_305' title='bbox 442 4003 548 4050; x_wconf 73' lang='lat' dir='ltr'>causae</span> <span class='ocrx_word' id='word_1_306' title='bbox 567 3979 769 4073; x_wconf 83' lang='lat' dir='ltr'>disceptatio,</span> <span class='ocrx_word' id='word_1_307' title='bbox 795 3982 828 4049; x_wconf 93' lang='lat' dir='ltr'>id</span> <span class='ocrx_word' id='word_1_308' title='bbox 851 3993 911 4069; x_wconf 87' lang='lat' dir='ltr'>est,</span> <span class='ocrx_word' id='word_1_309' title='bbox 930 3993 966 4051; x_wconf 92' lang='lat' dir='ltr'>ut</span> <span class='ocrx_word' id='word_1_310' title='bbox 983 3984 1191 4075; x_wconf 84' lang='lat' dir='ltr'>proferantur</span> <span class='ocrx_word' id='word_1_311' title='bbox 1206 3984 1347 4054; x_wconf 88' lang='lat' dir='ltr'>rationes</span> <span class='ocrx_word' id='word_1_312' title='bbox 1370 4007 1428 4053; x_wconf 89' lang='lat' dir='ltr'>ac·</span> <span class='ocrx_word' id='word_1_313' title='bbox 1506 3961 1507 4010; x_wconf 53' lang='lat'>¹</span> 
     </span>
     <span class='ocr_line' id='line_1_35' title="bbox 284 4088 1426 4182; baseline 0.001 -24"><span class='ocrx_word' id='word_1_314' title='bbox 284 4090 365 4158; x_wconf 88' lang='lat' dir='ltr'>toris</span> <span class='ocrx_word' id='word_1_315' title='bbox 380 4090 420 4158; x_wconf 85' lang='lat' dir='ltr'>ad</span> <span class='ocrx_word' id='word_1_316' title='bbox 438 4089 638 4182; x_wconf 85' lang='lat' dir='ltr'>probandam</span> <span class='ocrx_word' id='word_1_317' title='bbox 657 4088 882 4180; x_wconf 89' lang='lat' dir='ltr'>postulationis</span> <span class='ocrx_word' id='word_1_318' title='bbox 900 4113 968 4159; x_wconf 74' lang='lat' dir='ltr'>sune</span> <span class='ocrx_word' id='word_1_319' title='bbox 979 4089 1151 4180; x_wconf 85' lang='lat' dir='ltr'>justitiam,</span> <span class='ocrx_word' id='word_1_320' title='bbox 1172 4098 1203 4161; x_wconf 90' lang='lat' dir='ltr'>et</span> <span class='ocrx_word' id='word_1_321' title='bbox 1224 4091 1280 4160; x_wconf 85' lang='lat' dir='ltr'>fiat</span> <span class='ocrx_word' id='word_1_322' title='bbox 1300 4113 1355 4160; x_wconf 90' lang='lat' dir='ltr'>reo</span> <span class='ocrx_word' id='word_1_323' title='bbox 1377 4093 1426 4159; x_wconf 89' lang='lat' dir='ltr'>eis</span> 
     </span>
     <span class='ocr_line' id='line_1_36' title="bbox 283 4193 1426 4288; baseline 0.002 -24"><span class='ocrx_word' id='word_1_324' title='bbox 283 4195 499 4288; x_wconf 85' lang='lat' dir='ltr'>respondendi</span> <span class='ocrx_word' id='word_1_325' title='bbox 518 4203 549 4264; x_wconf 86' lang='lat' dir='ltr'>et</span> <span class='ocrx_word' id='word_1_326' title='bbox 571 4217 638 4266; x_wconf 86' lang='lat' dir='ltr'>sese</span> <span class='ocrx_word' id='word_1_327' title='bbox 656 4193 849 4265; x_wconf 86' lang='lat' dir='ltr'>defendendi</span> <span class='ocrx_word' id='word_1_328' title='bbox 870 4196 1014 4266; x_wconf 82' lang='lat' dir='ltr'>incultos.</span> <span class='ocrx_word' id='word_1_329' title='bbox 1041 4195 1076 4264; x_wconf 90' lang='lat' dir='ltr'>Si</span> <span class='ocrx_word' id='word_1_330' title='bbox 1098 4198 1185 4268; x_wconf 89' lang='lat' dir='ltr'>enim</span> <span class='ocrx_word' id='word_1_331' title='bbox 1205 4207 1294 4268; x_wconf 83' lang='lat' dir='ltr'>ector</span> <span class='ocrx_word' id='word_1_332' title='bbox 1312 4206 1426 4268; x_wconf 87' lang='lat' dir='ltr'>contra</span> 
     </span>
    </p>
   </div>
   <div class='ocr_carea' id='block_1_3' title="bbox 0 0 1528 4962">
    <p class='ocr_par' dir='ltr' id='par_1_7' title="bbox 0 0 1528 4962">
     <span class='ocr_line' id='line_1_37' title="bbox 0 0 1528 4962; baseline 0 1"><span class='ocrx_word' id='word_1_333' title='bbox 0 0 1528 4962; x_wconf 95' lang='lat' dir='ltr'> </span> 
     </span>
    </p>
   </div>
  </div>
 </body>
</html>
