3046 4968
294 465 354 527 lll
664 479 838 526 mncrnrus
860 479 899 526 oa
921 479 1054 528 monens.

290 602 488 670 restrictione
502 601 542 670 ad
559 611 683 670 certum
700 611 840 692 tempus,
856 601 975 687 locum,
991 603 1218 693 quantitatem,
1230 607 1289 670 etc.
1306 628 1312 670 :
1329 601 1431 688 unde,

290 710 519 799 verbigratia,
541 709 697 798 delegatis
721 709 960 778 universalibus
981 708 1245 778 annumerandus
1265 710 1355 776 venit
1376 709 1431 777 ille

289 818 341 884 cui
357 817 439 886 lacta
460 817 522 884 luit
539 816 696 906 delegatio
715 816 754 884 ad
779 839 892 884 omnes
914 839 1026 884 causas
1048 815 1300 884 matrimoniales
1321 817 1355 884 iu
1374 815 1432 882 tali

289 925 454 992 territorio
475 946 532 1015 per
553 929 619 992 tres
639 946 753 992 annos.
780 924 977 992 Posteriores
999 945 1076 990 vero
1096 922 1298 1012 delegantur,
1316 922 1368 990 vel
1389 922 1431 990 ad

290 1053 388 1099 unam
410 1039 536 1098 tantum
560 1053 708 1115 causam
727 1030 778 1096 vel
799 1029 839 1097 ad
857 1030 968 1120 plures
990 1030 1135 1122 quidem,
1162 1030 1217 1098 sed
1240 1038 1342 1098 cartas
1367 1053 1432 1098 uu-

290 1161 392 1223 mero,
418 1150 474 1205 aut
496 1138 581 1206 inter
601 1147 705 1206 certas
727 1159 893 1228 personas.
914 1142 947 1205 3⁰
964 1137 1030 1205 Alii
1051 1148 1127 1205 sunt
1149 1136 1287 1228 delegati
1306 1137 1433 1206 ratione

288 1243 471 1336 dipnitotis,
496 1254 533 1313 ut
551 1245 682 1336 quando
705 1245 741 1312 fit
764 1243 924 1332 delegatio
946 1245 1078 1330 Abbati,
1104 1244 1156 1312 vel
1184 1245 1358 1336 Episcopo,
1379 1244 1434 1312 vel

287 1349 424 1419 Primati
441 1349 514 1418 talis
534 1350 608 1435 loci,
632 1351 713 1442 quin
732 1351 803 1442 ejus
823 1352 1028 1442 exprimatur
1047 1372 1166 1420 nomen
1196 1379 1202 1418 :
1228 1351 1283 1419 alii
1305 1351 1432 1418 ratione

284 1479 442 1549 persona,
460 1457 590 1546 quando
604 1481 722 1549 nempe
738 1459 909 1550 proprium
925 1457 1061 1547 delegati
1079 1480 1198 1526 nomen
1220 1457 1429 1549 exprimitur.

289 1568 323 1630 4⁰
346 1564 412 1632 Alii
427 1573 503 1632 sunt
516 1563 654 1655 delegati
672 1563 868 1648 immediati,
886 1565 963 1655 quia
984 1587 1099 1656 nempe
1113 1566 1154 1632 ab
1168 1567 1238 1657 ipso
1254 1565 1434 1634 Ordinatio

288 1667 485 1755 immediate,
508 1691 575 1736 non
594 1678 702 1739 autem
726 1671 767 1739 ab
791 1670 855 1738 alio
877 1670 1036 1760 delegato,
1064 1672 1323 1740 commissionem
1346 1672 1433 1739 acci·

289 1775 383 1866 piunt
401 1802 408 1842 :
426 1775 483 1843 alii
504 1776 636 1845 mediati
656 1800 713 1845 seu
731 1776 941 1868 subdelepoti,
966 1781 1023 1868 qui
1040 1799 1156 1869 nempe
1179 1777 1220 1846 ab
1243 1778 1352 1869 aliquo
1372 1776 1435 1846 de-

160 1933 164 1944 .
289 1880 407 1970 legato,
423 1892 454 1950 et
470 1905 535 1952 non
552 1883 736 1951 immediate
749 1884 790 1952 ab
804 1883 990 1972 Ordinatio,
1006 1885 1257 1954 constituuntur.

844 2173 885 2240 ll.

370 2327 479 2388 Quium
492 2323 624 2374 ordr'norr'r'
635 2326 733 2387 possim
746 2323 875 2388 deleporu,
889 2329 914 2374 et
928 2323 1032 2388 quinum
1051 2323 1166 2388 delepoti
1179 2322 1353 2386 subdelopore.

339 2531 368 2592 l.
392 2525 524 2592 Certum
544 2531 592 2589 est
611 2520 813 2590 ordinarium
836 2522 980 2612 judicem
1002 2545 1205 2614 supremum,
1232 2542 1289 2589 sau
1312 2519 1437 2611 priuci-

291 2657 377 2728 pem,
395 2632 491 2700 idest
510 2628 645 2719 Papam,
662 2636 849 2720 potestatem
873 2651 965 2698 suam
987 2629 1137 2719 delegare
1160 2651 1264 2720 posse.
1282 2627 1352 2695 lmo
1372 2627 1437 2696 hoc
1518 2701 1519 2718 χ

290 2740 507 2810 necessarium
530 2743 590 2821 cst,
614 2737 655 2803 ob
679 2736 920 2804 multitudinem
943 2759 1130 2823 cerasorum,
1151 2737 1271 2829 quibus
1293 2756 1436 2824 cognos-
1518 2745 1519 2752 ³

290 2847 400 2917 condis
423 2854 455 2913 et
483 2841 670 2910 decidendis
702 2843 769 2933 ipse
795 2843 882 2910 solus
911 2841 1058 2912 sufficere
1085 2843 1209 2934 nequit.
1242 2843 1282 2910 Et
1307 2840 1347 2910 do
1373 2840 1438 2908 hoc

293 2955 384 3024 nulla
397 2961 445 3020 est
459 2949 643 3019 difficultas.

337 3067 368 3130 2.
384 3061 465 3128 Item
482 3066 616 3148 possunt
630 3054 788 3124 ordinarii
808 3057 945 3148 quilibet
963 3057 1103 3148 jndices,
1125 3058 1199 3124 licet
1217 3057 1363 3148 principe
1380 3057 1439 3124 in-
1517 3065 1518 3124 2

291 3172 439 3250 seriores,
465 3165 632 3254 delegare3
656 3186 721 3232 non
742 3175 847 3232 tamm
867 3186 998 3232 omnem
1020 3165 1055 3232 in
1078 3171 1271 3255 perpetuum
1294 3171 1439 3255 potesta-

294 3287 359 3344 tem
386 3295 479 3341 suam
509 3273 578 3339 sine
610 3292 768 3340 consensu
795 3271 961 3362 principis.
991 3271 1085 3352 Quod
1119 3270 1242 3362 possint
1271 3269 1438 3358 delegare,

292 3392 470 3452 constater
485 3379 588 3468 capite
604 3380 687 3445 Cum
701 3379 880 3469 Episcopus
895 3382 927 3461 7,
944 3377 983 3446 de
1000 3378 1112 3469 Officio
1122 3376 1248 3468 judicis
1272 3375 1442 3446 ordinarii
1516 3447 1517 3460 ,

295 3494 328 3558 in
347 3494 378 3573 6,
396 3489 452 3554 ubi
471 3485 515 3552 sic
531 3483 674 3552 decernit
696 3485 882 3552 Bonilacius
902 3484 1000 3553 Vlll:
1023 3487 1108 3552 Cum
1129 3485 1310 3575 Episcopus
1326 3484 1361 3550 in
1376 3507 1442 3551 sua
1516 3497 1517 3509 ¹

216 3651 218 3656 ,
296 3610 366 3665 toto
375 3593 503 3663 dimoesi
506 3590 773 3682 jurisdictionem
783 3591 989 3659 ordinariam
998 3603 1152 3658 noscatur
1160 3589 1289 3671 babere,
1300 3588 1443 3656 dubium

296 3727 363 3772 non
382 3700 503 3779 existit,
525 3698 604 3789 quin
623 3697 658 3764 in
679 3698 819 3787 quolibet
838 3700 905 3765 loco
922 3698 1023 3789 ipsius
1037 3697 1180 3764 diocesis
1193 3719 1259 3764 noo
1273 3710 1441 3786 exempto,

291 3834 353 3904 per
374 3832 406 3878 se
431 3807 483 3875 ool
501 3828 562 3897 per
581 3805 687 3872 olium
703 3805 806 3895 possit
824 3827 887 3895 pro
915 3805 1075 3872 tribunali
1095 3803 1202 3872 sedere
1213 3827 1225 3886 ;
1254 3825 1369 3871 causas
1396 3805 1450 3871 od
1515 3827 1516 3859 t

297 3917 543 3986 ecclesiasticum
561 3916 674 4002 sorum
695 3924 873 4003 spectantes
888 3911 1018 3994 audire·
1035 3933 1191 4004 personas
1213 3911 1448 3979 ecclesiasticos

301 4025 386 4115 (cum
408 4041 522 4091 eorum
541 4040 683 4087 accessus
702 4018 876 4109 coeperint)
899 4041 1023 4110 capere,
1044 4031 1104 4086 out
1119 4017 1242 4085 carceri
1262 4016 1423 4108 deputare
1430 4046 1448 4100 ,-

297 4153 420 4198 nccoon
431 4141 461 4196 et
474 4139 590 4195 catera
601 4146 673 4216 pua
687 4124 733 4193 od
746 4125 846 4215 ipsim
859 4137 1005 4215 spectant
1016 4125 1159 4216 officium
1172 4124 1268 4192 libere
1280 4145 1443 4194 eamcam.
1514 4145 1515 4207 ,

302 4238 346 4308 Ea
363 4237 462 4304 verba
477 4257 540 4326 per
551 4256 585 4302 se
600 4233 651 4300 vet
667 4254 730 4323 per
742 4233 858 4314 dium,
876 4231 1046 4322 delegandi
1060 4239 1247 4322 potestatem
1263 4240 1373 4322 aperte
1389 4231 1447 4300 in-
