3090 4964
280 427 320 492 ll
655 451 829 498 rnacrlrus
852 451 890 496 uu
912 449 1044 496 runicus.

324 572 530 640 Deceruimus
544 587 581 640 ut
595 571 673 640 laici
686 571 897 640 ecclesiastica
913 584 1055 639 tractare
1069 571 1200 660 rtepotio
1216 593 1281 638 non
1291 568 1417 662 praesu-'

280 691 387 744 mant.
405 678 474 746 Sed
487 679 653 770 Episcopi,
671 679 819 760 Abbates,
836 678 1074 769 Arclciepiscopi
1089 691 1121 745 et
1139 677 1201 745 alii
1214 677 1416 746 ecclesiarum

275 784 411 874 prelati
425 785 463 854 de
478 786 615 876 repotiis
631 784 858 866 ecclesiasticis,
875 785 1021 853 manime
1035 783 1074 852 de
1088 783 1153 852 illis
1170 807 1243 875 quae
1260 784 1417 876 spirituu-

280 891 326 958 lia
341 915 405 960 esse
417 907 602 975 noscuntur,
619 894 779 962 laicorum
796 892 926 984 judicio
946 915 1011 962 non
1026 891 1203 983 disponant
1220 919 1231 959 .·
1246 913 1301 960 ricc
1313 915 1417 983 prop-

280 1011 329 1066 ter
353 1023 466 1068 eorum
488 1000 759 1092 prohibitum,
785 1000 1031 1069 ecclesiasticam
1058 997 1228 1066 dimittunt
1248 999 1418 1089 justitiam

278 1127 422 1176 erucae
439 1108 477 1199 (c.
497 1108 704 1178 Decemimus
718 1111 751 1194 2,
770 1107 857 1176 tituli
875 1111 906 1194 l,
922 1106 961 1176 de
976 1104 1124 1188 iudiciis,
1141 1105 1217 1174 libri
1237 1105 1418 1176 nouren-

278 1212 388 1304 lium).

325 1323 435 1390 Causa
455 1345 529 1390 vcro
548 1323 638 1412 juris
658 1333 856 1413 patronatus
883 1321 931 1390 ito
955 1321 1131 1412 conjuncta
1154 1333 1200 1388 est
1221 1333 1252 1388 et
1273 1341 1418 1388 oannem

277 1428 502 1519 spiritualibus
525 1430 642 1510 camis,
668 1428 756 1520 quod
782 1428 910 1496 nonnisi
933 1427 1141 1496 ecclesiastico
1158 1425 1289 1518 judicio
1311 1428 1419 1496 ualeat

277 1535 407 1626 definiri
423 1537 461 1626 (u.
481 1540 610 1619 (trianto
627 1540 658 1624 3,
675 1537 759 1604 tituli
779 1539 808 1623 1,
825 1535 865 1603 de
877 1533 1024 1616 Iudiciis,
1040 1533 1117 1603 libri
1136 1538 1155 1600 2
1172 1533 1416 1622 Decretalium).

277 1643 315 1710 ln
341 1666 407 1732 quo
433 1651 525 1711 textu
553 1642 789 1734 equivalenter
816 1641 965 1730 edicitur,
996 1664 1108 1710 causas
1137 1641 1320 1731 spirituales
1352 1663 1418 1709 non

280 1771 372 1838 posse
386 1750 449 1818 nisi
463 1749 678 1818 ecclesiastico
689 1748 813 1840 judicio
828 1748 971 1817 defiuiri.

326 1859 429 1925 Tuom
452 1879 518 1924 non
540 1855 701 1924 credimus
727 1856 827 1924 lutere
841 1854 1069 1946 prudentiam,
1094 1876 1229 1922 causam
1251 1854 1419 1922 natalium

276 1965 395 2055 rupitne
412 1965 515 2054 Cypri
526 1962 573 2031 ad
586 1985 722 2031 eramen
736 1975 884 2030 nostrum
900 1961 1025 2052 (utpote
1040 1949 1112 2052 quae
1131 1959 1178 2028 ad
1195 1963 1307 2050 sorum
1322 1961 1420 2029 ecele-

275 2071 443 2139 siasticum
453 2071 605 2162 pertinet)
615 2093 679 2138 esse
691 2069 848 2138 delatam.
869 2069 957 2152 Ouia
970 2091 1044 2136 oero
1058 2080 1237 2159 antequam
1253 2068 1420 2136 natalium

279 2201 377 2246 causo
393 2180 570 2246 terminata
586 2191 673 2259 esset,
692 2176 922 2268 dependentem
936 2199 976 2244 er
990 2176 1049 2244 illa
1063 2175 1267 2244 successionis
1283 2198 1420 2244 causam

279 2285 417 2376 incipere
437 2285 524 2354 nibil
545 2284 640 2354 aliud
660 2298 737 2352 esset
760 2305 862 2376 quam
886 2281 1018 2350 diuersis
1038 2281 1240 2373 processibus
1265 2281 1421 2350 intricare

276 2392 442 2481 nepotium
457 2443 508 2473 ...,
522 2394 552 2460 si
562 2396 648 2483 sorte
661 2393 702 2460 ab
717 2392 788 2482 ipsa
803 2391 918 2480 rapina
928 2389 1031 2481 suetis
1045 2411 1143 2480 super
1156 2390 1217 2458 lioc
1232 2389 1417 2480 requisitus,

228 2545 229 2550 κ
278 2497 377 2566 donec
385 2499 466 2589 jam
481 2498 569 2566 dicta
586 2520 684 2566 causo
700 2496 865 2565 natalium
881 2495 1056 2587 apostolico
1066 2494 1194 2585 judicio
1210 2496 1310 2576 finem
1325 2517 1421 2564 occe-

270 2607 372 2697 perit,
387 2607 552 2696 patienter
567 2616 719 2696 espectes.
735 2604 783 2672 lta
798 2603 962 2672 Honorius
975 2603 1020 2670 Ill
1032 2601 1197 2670 Ludovico
1213 2602 1421 2671 Francorum

278 2713 349 2802 regi
363 2713 403 2804 (c.
423 2715 526 2780 Tuam
542 2715 574 2798 3,
590 2712 675 2780 tituli
697 2710 737 2779 de
762 2710 884 2779 Ordine
906 2710 1128 2801 coquinarum
1146 2713 1199 2795 10,
1215 2708 1291 2778 libri
1314 2715 1332 2777 2
1349 2711 1423 2778 De-

277 2818 470 2910 oretalium).
497 2821 599 2910 Cujus
623 2817 790 2886 decretalis
816 2839 930 2886 sensus
956 2824 992 2884 ut
1018 2816 1137 2884 melius
1163 2815 1421 2907 introspioialur‚

277 2949 370 2995 casus
383 2925 623 3018 expositionem
643 2947 684 2993 ex
705 2924 813 3014 glossa
833 2923 1094 3016 subjungimus:
1117 2949 1134 2986 a
1149 2922 1279 2992 Mortuo
1299 2923 1422 2992 comite

281 3058 297 3098 u
321 3034 509 3126 Campania
523 3033 592 3101 sine
606 3032 709 3123 prole,
728 3031 840 3121 regina
853 3031 954 3122 Cypri
970 3029 1095 3098 dicabat
1109 3029 1197 3121 quod
1217 3029 1356 3098 debebat
1370 3029 1421 3097 illi

282 3167 299 3205 r
321 3140 489 3209 succedere
501 3141 536 3208 iu
551 3139 706 3208 comitatu
720 3148 878 3229 tanquam
893 3137 1086 3228 proximior.
1099 3135 1242 3219 Quidam
1257 3136 1341 3206 alius
1357 3136 1423 3205 hoc

282 3273 299 3312 ι(
323 3247 505 3336 intelligens
527 3246 658 3315 accessit
680 3244 721 3314 ad
743 3245 916 3313 dominum
946 3245 1083 3335 Papam,
1108 3241 1290 3334 proponens
1314 3243 1420 3335 quod,

282 3379 300 3422 a
323 3377 399 3422 cum
416 3353 486 3445 ipsa
507 3353 620 3443 regina
639 3376 704 3422 uon
726 3351 838 3419 luisset
861 3350 902 3418 de
921 3351 1068 3439 legitimo
1092 3351 1304 3420 matrimonio
1328 3361 1420 3441 nala,

283 3488 300 3528 a
322 3461 407 3530 dicto
419 3461 585 3530 comitatui
597 3459 769 3529 succedere
781 3481 846 3528 non
857 3457 1005 3544 debebat,
1017 3456 1072 3526 sed
1083 3458 1152 3550 ipse
1165 3485 1172 3526 :
1186 3459 1273 3550 quod
1287 3469 1423 3551 paratus

282 3595 299 3636 a
322 3579 391 3638 erat
411 3569 548 3661 probare
569 3569 603 3636 in
624 3567 797 3659 prasentia
819 3566 944 3634 domini
964 3564 1078 3656 Papae3
1098 3576 1208 3657 petens
1229 3566 1270 3634 ab
1293 3566 1363 3659 ipso
1382 3577 1426 3636 ut

284 3703 301 3742 a
325 3675 494 3746 mandaret
509 3677 579 3766 regi
593 3675 751 3754 Francia,
768 3682 803 3742 ut
814 3672 841 3741 si
856 3672 992 3742 forsitan
1007 3673 1093 3741 dicta
1105 3673 1220 3762 regina
1232 3696 1330 3766 super
1343 3698 1425 3744 suc-

284 3811 300 3848 «
323 3785 465 3853 cessione
481 3783 653 3853 comitatus
668 3781 826 3873 predicti,
842 3803 951 3850 soram
969 3780 1040 3871 ipso
1054 3788 1247 3872 proponeret
1261 3782 1426 3872 quaestio-

283 3917 301 3956 α
324 3915 413 3979 nem,
431 3914 496 3961 non
519 3891 647 3960 audiret
673 3887 837 3974 eamdem,
854 3887 956 3957 donec
980 3911 1075 3956 eausa
1100 3887 1258 3957 natalium
1275 3889 1327 3979 (ex
1353 3912 1425 3981 qua

285 3999 380 4068 uilla
403 3999 612 4092 dependebat)
631 3998 729 4066 luerit
753 3996 952 4064 terminata:
976 3996 1063 4086 quod
1086 3994 1173 4086 Papa
1200 4017 1266 4063 non
1293 3997 1426 4065 distulit

285 4136 301 4174 a
325 4108 515 4199 adimplere.
535 4133 551 4172 u
575 4105 662 4195 Ergo
677 4105 834 4193 agebatur
850 4104 889 4172 da
915 4103 1106 4195 quastione,
1124 4110 1236 4170 utrum
1253 4101 1327 4171 talis
1342 4126 1426 4195 per-

281 4239 359 4287 sona
373 4239 413 4285 ex
436 4213 585 4304 legitimo
607 4211 820 4280 matrimonio
843 4219 916 4278 nata
932 4209 990 4296 sit3
1007 4218 1038 4277 et
1053 4209 1124 4277 hiso
1151 4231 1258 4296 causa,
1276 4211 1427 4300 eoquod
