3046 4968
545 521 620 568 rans
642 523 746 569 rarus.
1152 501 1211 564 roa

85 641 207 710 correilii
221 641 421 710 Turonensis
434 643 512 710 anni
530 647 612 710 1583
628 645 785 736 praeclara
796 645 915 712 verba:
934 643 1053 712 «Nulli
1065 641 1213 726 omniuo,

89 773 325 841 «quocumque
348 750 478 820 tauris
500 763 559 818 ocu
586 749 757 840 diguitatis
782 751 877 819 titulo
898 751 1036 841 fitlpeut,
1065 747 1217 838 regendis

91 883 105 920 a
127 856 244 924 scholis
259 856 401 947 aliquem
418 857 598 948 praeficere,
614 857 735 948 absque
750 857 979 948 approbatione
994 857 1157 949 Episcopi,
1174 855 1217 922 li-

92 989 106 1027 a
128 985 196 1032 cere
208 964 365 1032 volumus
382 990 389 1032 :
404 963 457 1032 cui
474 963 534 1032 hoc
557 965 726 1054 negotium
743 965 789 1032 ita
803 965 937 1056 provide
952 985 1067 1034 curam
1083 962 1219 1032 mandat

92 1097 106 1132 a
129 1071 197 1138 baeo
212 1070 369 1161 synodus,
384 1082 421 1138 ut
432 1071 569 1162 juvenes
584 1093 603 1138 a
619 1094 695 1139 vera
709 1071 865 1161 religione
880 1095 945 1140 non
962 1071 1142 1157 deflectant,
1160 1070 1215 1139 sed

93 1203 107 1242 a
127 1176 220 1244 bonis
236 1178 384 1246 moribus
398 1177 603 1270 honestisque
616 1177 798 1270 disciplinis
812 1187 843 1247 et
857 1178 975 1247 litteris
992 1179 1213 1246 instituantur.

92 1311 107 1346 a
126 1283 173 1352 Ne
189 1306 267 1352 vero
282 1283 353 1352 haec
368 1294 479 1353 nostra
499 1285 684 1354 constitutio
697 1285 834 1377 alicujus
850 1285 1056 1378 municipalis
1070 1285 1151 1376 legis
1166 1285 1219 1353 vel

93 1419 107 1454 a
125 1391 206 1482 juris
228 1400 388 1483 praetextu
408 1392 617 1484 impediatur,
633 1393 786 1462 volumus
808 1417 874 1482 eos,
895 1393 1129 1485 cujuscumque
1155 1392 1220 1460 sint

93 1527 107 1562 a
127 1507 228 1566 status
243 1499 295 1566 vel
309 1499 512 1586 conditionis,
528 1499 586 1590 qui
601 1500 718 1568 scholis
734 1501 930 1590 magistrum
953 1498 1151 1592 praeficiendi
1163 1500 1217 1590 jus

92 1629 158 1674 ase
185 1605 304 1674 habere
328 1604 546 1696 praetendunt,
563 1629 618 1674 cos
644 1629 726 1698 quos
748 1607 985 1698 praeponendos
1008 1607 1218 1675 existimave-

89 1737 104 1779 a
128 1714 206 1800 rint,
228 1713 386 1806 Episcopo
411 1714 582 1782 nominare
604 1722 636 1782 et
660 1723 872 1804 praesentare3
890 1725 927 1782 ut
952 1714 1100 1803 diligenti
1123 1735 1219 1804 super

92 1843 241 1890 «aarum
272 1821 348 1907 tide,
377 1820 545 1911 religione,
569 1820 748 1888 litteratura
772 1828 804 1888 et
832 1821 979 1890 moribus
1009 1821 1218 1913 inquisitione

93 1953 107 1990 o
129 1927 222 2014 laeta,
231 1949 362 2019 capaces
371 1937 402 1994 et
413 1926 523 1995 idonei
533 1927 652 2017 reperti
662 1925 847 1995 erudiendae
854 1927 1030 2017 juventuti,
1037 1949 1099 2018 per
1110 1926 1218 2018 ipsum

94 2061 106 2098 a
128 2035 329 2125 Episcopum
353 2033 584 2124 preficiantur,
604 2041 700 2123 atque
723 2033 767 2100 ita
792 2033 832 2102 de
855 2056 970 2102 eorum
994 2032 1219 2101 sufficientiae

93 2141 259 2208 «nemine
288 2140 428 2208 dubitari
457 2139 567 2230 possit.
598 2163 616 2202 r
649 2138 880 2228 (Consiliorum
909 2139 1018 2208 Labbe
1049 2147 1129 2207 tom.
1161 2143 1216 2224 15,

89 2273 117 2338 p.
134 2251 243 2338 1051.)
257 2247 359 2339 Cujus
370 2246 487 2337 synodi
503 2246 630 2315 decreta
642 2267 661 2313 a
672 2246 830 2335 Gregorio
843 2246 920 2314 XIII
932 2246 1098 2336 recognita
1111 2253 1142 2312 et
1156 2269 1218 2336 ap-

88 2355 219 2446 probata
235 2355 379 2423 fuerunt.
1226 2425 1228 2428 .

128 2461 209 2529 Item
240 2461 412 2528 concilium
442 2460 641 2529 Tolosanum
669 2461 747 2526 anni
776 2463 859 2527 1590
886 2488 893 2528 :
928 2461 1216 2528 «Academiarum

92 2597 107 2632 o
129 2569 325 2660 professores
337 2575 418 2636 stato
428 2567 479 2634 die
488 2566 672 2658 quotannis,
683 2589 724 2634 ex
735 2565 842 2634 PiiIV
853 2566 954 2653 bulla,
965 2567 1129 2658 publicam
1141 2565 1218 2633 fidei

16 2749 17 2758 χ
92 2677 363 2766 «professionem
388 2674 546 2742 facient...
572 2673 705 2744 Scholas
719 2681 842 2742 veteres
863 2674 1015 2765 Episcopi
1040 2674 1220 2741 instaurare

16 2779 17 2810 ³
92 2795 254 2869 «eurem,
271 2789 366 2872 atque
381 2781 416 2849 in
432 2804 487 2850 eos
502 2782 559 2873 qui
573 2803 688 2850 earum
713 2781 798 2848 bona
812 2781 930 2872 injuste
951 2781 1127 2871 possident,
1145 2805 1220 2850 cen·

95 2888 215 2956 «suris
238 2887 458 2956 ecclesiasticis
483 2895 621 2978 agant...
645 2886 766 2971 Nulla,
789 2908 829 2954 ne
856 2886 1062 2954 ministrandi
1087 2887 1221 2979 quidem

96 3021 110 3056 a
132 2991 392 3084 inserviendique
410 2993 526 3082 gratia,
542 2991 688 3061 foeminae
703 2991 738 3058 in
754 2992 897 3082 collegiis
914 2991 1076 3072 habitent;
1092 2993 1148 3062 sed
1163 3015 1222 3060 nec

97 3127 111 3162 a
134 3099 313 3190 puellarum
324 3097 657 3183 sobolisviri,atsolae
669 3106 795 3166 tantum
808 3098 850 3166 ob
861 3099 1022 3191 Episcopo
1033 3101 1224 3191 approbate

99 3233 113 3267 a
134 3206 280 3274 foeminae
293 3205 436 3297 praesint.
454 3205 569 3273 Nullos
584 3214 639 3274 aut
654 3205 815 3273 haeretica
832 3205 999 3296 pravitatis
1015 3227 1087 3273 reos
1099 3214 1156 3274 aut
1172 3207 1225 3274 la-

17 3361 18 3390 p
100 3339 114 3375 «
136 3313 308 3398 einorosos,
321 3321 377 3380 aut
392 3313 527 3381 demum
544 3335 563 3380 a
583 3312 696 3405 seipsis
717 3312 889 3404 praemisso
904 3312 1052 3401 diligenti
1074 3313 1226 3380 examine

17 3407 18 3412 ¹
101 3445 116 3483 a
137 3443 200 3489 nou
215 3421 409 3512 approbatos
423 3420 583 3503 homines,
596 3419 715 3488 sobolis
731 3419 879 3510 Episcopi
895 3441 1035 3509 praeesse
1050 3419 1222 3510 patiantur.

103 3553 116 3588 r
139 3527 261 3608 Quibus
276 3549 352 3594 vero
369 3526 517 3616 magistri
532 3524 730 3618 praeficiendi
744 3526 799 3617 jus
813 3533 873 3612 cst,
891 3526 977 3593 huno
990 3525 1038 3593 illi
1053 3526 1225 3617 Episcopo,

103 3659 117 3694 t
139 3641 283 3702 accurata
299 3633 374 3700 vitae
392 3653 588 3722 morumque
606 3630 814 3722 inquisitione
829 3630 1089 3719 cognoscendum
1103 3629 1228 3698 admit-

105 3765 119 3800 ι(
142 3740 334 3832 territumque
359 3738 505 3806 offerant.
530 3737 593 3818 Oui
618 3737 750 3804 libriin
777 3736 884 3804 lodice
911 3736 1004 3806 Sedis
1033 3736 1227 3827 Apostolicaa

106 3871 119 3906 a
141 3847 335 3933 auctoritate,
351 3869 392 3913 ex
408 3844 597 3912 Tridentino
612 3841 761 3929 concilio,
779 3842 905 3911 decreto
925 3843 1133 3934 confectoque
1148 3863 1230 3934 pro-

106 3977 120 4014 c
143 3951 303 4040 bibentur,
320 3953 344 4019 ii
359 3973 416 4020 nec
431 3952 592 4041 legantur,
610 3971 669 4018 nee
689 3949 791 4017 teneri
816 3949 949 4041 possint.
967 3949 1004 4017 Id
1019 3971 1097 4017 vero
1111 3950 1232 4041 impri-

105 4083 118 4118 α
144 4059 203 4126 mis
216 4059 388 4150 diligenter
403 4059 575 4144 curabunt,
596 4066 632 4125 ut
653 4057 835 4126 christiana
859 4057 1013 4124 doctrinae
1034 4056 1230 4126 rudimentis

105 4165 290 4255 «juventus
327 4167 387 4236 sibi
427 4166 549 4235 credita
587 4164 792 4233 informetur.
832 4191 848 4229 s
890 4163 1020 4254 (bobbo,
1052 4172 1132 4232 tom.
1175 4169 1228 4251 15,

104 4291 133 4356 p.
154 4273 261 4360 llos.)
