3056 4972
243 413 305 478 234
614 435 789 484 rnncrnrus
811 437 850 482 nn
871 435 1005 484 runicus.

245 583 262 620 n
286 561 355 640 tur;
374 555 407 622 iu
424 577 489 646 quo
506 555 619 624 ordine
633 555 714 625 duos
728 564 849 648 praetor
866 556 1005 626 removit
1021 583 1029 625 ε
1045 555 1086 624 ab
1100 563 1205 644 aetnte,
1221 557 1382 626 minorem

245 688 262 727 u
285 660 511 752 septemdecim
523 663 633 750 eunis;
647 685 667 731 e
682 663 762 734 vitio
776 665 933 756 corporis,
950 662 1098 732 surdum.
1118 662 1285 732 Secundus
1300 663 1384 732 urdo

245 795 262 834 c
285 789 399 836 eorum
421 769 546 860 estqui
571 792 630 860 pro
654 769 725 838 aliis
748 770 911 862 postulare
936 769 1165 862 prohibentur,
1182 792 1241 861 pro
1259 793 1293 837 se
1316 792 1383 839 nou

245 903 262 940 <r
286 875 510 966 probibentur.
529 876 567 944 ln
583 874 644 944 hoc
658 877 772 946 ordine
786 901 844 946 sex
859 877 997 969 excepti,
1015 876 1115 944 notati
1131 884 1196 946 tres
1216 875 1332 964 edicto,
1352 884 1385 944 et

247 1010 264 1048 c
288 982 418 1052 totidem
433 983 727 1052 constitutionibus.
745 983 858 1054 Edicto
873 983 908 1052 hi
926 1012 933 1051 :
948 1007 968 1052 o
982 1007 1063 1052 sexu
1085 983 1253 1070 loeminm;
1270 983 1386 1052 avitio

247 1115 263 1152 «
287 1091 432 1181 corporis
447 1111 570 1171 emcns;
589 1091 664 1160 item
689 1113 835 1183 persone
860 1089 1061 1181 turpitudine
1084 1088 1253 1177 notabiles,
1270 1089 1385 1180 quales

248 1220 265 1260 u
289 1204 367 1262 sunt
386 1196 419 1264 hi
435 1203 596 1287 quotuor:
615 1197 671 1288 qui
693 1197 865 1264 muliebrio
887 1219 1001 1288 pessus
1014 1205 1080 1283 est;
1096 1196 1155 1288 qui
1169 1193 1296 1287 mpitali
1316 1195 1386 1263 cri-

248 1328 265 1366 c
291 1302 376 1370 mine
390 1302 579 1382 damnatum
597 1304 653 1397 qui
669 1303 842 1372 damnatus
857 1303 1028 1372 calumnier
1045 1302 1167 1394 publici
1177 1301 1291 1393 judicii
1304 1331 1312 1382 ;
1327 1301 1386 1394 qui

250 1435 267 1476 u
290 1431 404 1501 operas
417 1409 534 1480 locavit
548 1410 583 1480 in
595 1411 667 1498 boe,
680 1420 715 1480 ut
729 1433 803 1480 cum
819 1410 929 1499 bestiis
942 1410 1153 1502 depugnaret.
1172 1410 1389 1480 Constitutio-

249 1543 266 1582 «
291 1516 387 1584 nibus
409 1518 548 1609 excepti,
564 1541 582 1585 n
600 1519 723 1588 vilitate
748 1517 941 1586 conditionis
964 1517 1195 1603 cohortalis3e
1215 1515 1387 1606 religione,

251 1649 268 1687 u
290 1645 402 1692 omnes
414 1637 623 1696 sacrosanctae
635 1626 800 1694 catholice
813 1625 983 1715 religionis
997 1623 1158 1714 mysteriis
1170 1645 1235 1693 non
1247 1623 1385 1710 imbuti3

252 1756 269 1794 «ι
291 1731 332 1798 ab
347 1731 520 1822 imperitia,
537 1733 594 1825 qui
612 1733 696 1825 juris
711 1743 743 1801 et
762 1734 872 1822 legum
888 1723 1038 1822 ignoti...
1057 1731 1182 1800 Tertius
1196 1729 1275 1799 ordo
1291 1729 1389 1799 babet

252 1863 268 1902 c
291 1860 347 1905 eos
362 1839 432 1930 qui,
446 1846 477 1908 et
489 1863 549 1930 pro
564 1863 598 1908 se
610 1849 642 1908 et
655 1863 714 1933 pro
729 1841 824 1908 certis
839 1838 1036 1931 quibusdem
1049 1837 1196 1930 personis
1211 1837 1295 1906 benc
1311 1860 1389 1931 ope-

253 1970 270 2010 n
293 1965 363 2012 ram
383 1967 503 2015 navare
522 1956 669 2039 possunt,
687 1969 747 2038 pro
762 1947 886 2016 ceteris
902 1945 1128 2037 prohibentur.
1144 1945 1180 2012 ln
1198 1944 1257 2013 hoe
1274 1943 1390 2013 ordine

254 2079 270 2117 u
293 2060 369 2120 sunt
383 2076 495 2123 omnes
506 2055 609 2125 edicto
623 2064 680 2123 eut
695 2053 979 2140 constitutionibus
992 2051 1127 2121 inlemia
1141 2052 1253 2136 noteti,
1270 2061 1393 2144 prseter

254 2183 270 2222 r
294 2159 477 2250 superiores
492 2161 564 2230 illos
579 2171 730 2254 quotuor,
741 2184 823 2253 quos
835 2161 868 2228 in
882 2159 1024 2229 secundo
1038 2159 1152 2228 ordine
1164 2165 1286 2250 praetor
1298 2167 1391 2226 note-

255 2291 272 2329 «
296 2265 353 2332 vit.
372 2267 524 2336 Personae
546 2290 606 2360 pro
625 2268 745 2359 quibus
758 2267 921 2360 postulare
935 2266 976 2334 iis
992 2265 1191 2356 permittitur
1207 2273 1297 2350 sunt,
1315 2287 1391 2356 quae

254 2399 271 2438 r
295 2394 348 2441 eos
362 2383 418 2443 eut
433 2376 592 2464 sanguine
607 2385 745 2466 tangunt
760 2383 816 2443 aut
829 2374 1001 2459 affinitate,
1019 2381 1075 2442 aut
1098 2394 1238 2464 quorum
1255 2369 1391 2439 tutelam

258 2508 275 2546 u
299 2504 450 2551 curamve
465 2492 594 2573 gerunt.

297 2617 312 2654 c
338 2591 451 2660 Consu
473 2613 634 2678 uxrsnnn,
650 2613 725 2682 qum
746 2588 868 2680 alioqui
895 2588 1028 2658 idoneos
1048 2610 1107 2679 pro
1123 2595 1268 2677 tempore
1284 2607 1395 2654 remo·
1520 2623 1521 2660 r

257 2726 274 2766 u
298 2708 385 2787 vent,
394 2711 471 2767 sunt
534 2726 541 2765 :
554 2696 719 2765 interdum
732 2698 905 2788 ipsacuusa
916 2696 968 2764 cui
978 2695 1242 2786 patrocinantem
1255 2715 1399 2784 persona
1520 2733 1521 2742 κ

256 2807 454 2874 «adversus
483 2826 581 2896 quum
611 2804 738 2894 egitur;
763 2802 852 2870 loeus
881 2801 1076 2892 postulandi.
1105 2798 1284 2890 Principio,
1312 2799 1400 2866 sicut
1520 2773 1521 2844 Ῐ

258 2941 275 2981 c
298 2937 394 2983 nemo
410 2913 545 2983 idoneus
562 2909 664 3002 judex
680 2911 776 2978 estin
799 2932 837 2978 ea
857 2932 955 2978 causa
973 2909 1066 2999 cnjus
1082 2907 1297 2999 patrocinium
1321 2928 1400 2975 sus-

259 3048 276 3088 c
298 3022 395 3113 cepit,
406 3020 531 3088 sicvice
547 3041 641 3088 verse
655 3017 711 3108 qui
723 3017 826 3107 judex
842 3016 875 3083 in
892 3016 1002 3108 aliqua
1017 3037 1114 3083 eausa
1129 3015 1321 3082 constitutus
1333 3022 1397 3100 est,

260 3155 277 3193 u
300 3150 366 3195 non
381 3135 484 3219 potest
506 3125 541 3193 in
561 3125 673 3193 eedem
697 3123 756 3190 uni
774 3146 815 3190 ex
833 3121 1051 3212 litigatoribus
1074 3121 1290 3211 patrocinium
1306 3139 1402 3210 prae-

261 3260 278 3300 u
302 3243 399 3301 stare.
414 3231 574 3313 Sccrmdo,
594 3252 659 3298 non
679 3229 784 3298 cuivis
807 3227 964 3296 adversus
988 3225 1121 3318 quosvis
1146 3247 1276 3294 causam
1300 3247 1402 3314 agere

262 3368 278 3406 u
302 3361 502 3424 concessum,
520 3337 670 3428 quamvis
696 3335 823 3404 cereris
845 3333 942 3402 rebus
966 3333 1093 3422 integro
1112 3359 1119 3398 :
1138 3330 1278 3422 excepti,
1294 3331 1402 3398 advo-

263 3473 280 3512 «
302 3455 392 3516 entus
407 3445 503 3530 Fisci,
519 3443 575 3535 qui
589 3443 745 3512 adversus
758 3441 888 3509 Fiscum
905 3440 1068 3531 postulare
1090 3436 1294 3530 prohibetur,
1310 3459 1404 3528 prer-

264 3582 281 3621 e
305 3566 452 3645 terquam
466 3553 493 3620 si
510 3574 570 3643 pro
585 3573 618 3618 sc
633 3557 690 3618 eut
701 3571 761 3638 pro
773 3570 872 3640 supra
885 3547 1013 3638 seriptis
1029 3544 1178 3638 personis
1192 3543 1331 3634 postulet
1342 3572 1400 3632 ...5

266 3689 282 3727 ι(
305 3670 337 3730 et
348 3659 495 3753 privatus
510 3657 630 3748 quivis,
640 3655 697 3747 qui
709 3655 850 3745 aliquem
864 3652 1101 3722 defendendum
1119 3652 1258 3742 suscepit
1274 3673 1407 3742 :neque

266 3767 393 3836 «enim
417 3766 480 3856 ipsi
503 3764 577 3832 licet
599 3761 755 3831 adversus
780 3783 856 3830 eum
881 3759 1085 3830 advocatiam
1111 3765 1311 3845 convertere,
1333 3757 1409 3826 nisi

270 3902 287 3940 e
310 3875 391 3943 forte
414 3873 487 3964 quis
508 3869 644 3963 pupillo,
660 3868 816 3937 adversus
837 3867 931 3959 cujus
956 3874 1081 3958 petrem
1103 3865 1297 3957 postulabat,
1315 3871 1411 3934 tutor

271 3981 406 4050 «datus
433 3979 542 4048 luerit.
563 3975 679 4057 Tertio,
701 3975 737 4042 in
756 3998 794 4044 eo
819 3974 890 4043 loco
914 3973 948 4042 in
976 3996 1041 4065 quo
1065 3979 1171 4042 certus
1194 3980 1226 4040 et
1249 3969 1412 4040 delinitus

270 4115 286 4154 r
309 4087 538 4156 advocatorum
563 4104 719 4151 numerus
741 4081 934 4151 constitutus
957 4087 1017 4166 est,
1039 4078 1284 4150 advocationem
1306 4099 1413 4146 exer-

268 4221 284 4260 c
307 4215 390 4279 cere,
408 4192 468 4260 nisi
484 4191 541 4282 qui
554 4191 640 4258 intre
654 4209 831 4258 numerum
843 4197 932 4276 sunt,
949 4207 1014 4256 non
1029 4193 1176 4277 possunt.
1194 4211 1211 4250 u
1231 4184 1410 4276 (Vinnins,
