3030 4980
536 544 611 594 rans
634 545 779 594 mensum
1163 531 1227 596 355

85 672 124 733 nt
137 664 352 735 constituatur
364 665 510 758 primum
523 666 674 737 Vicarins
687 667 882 760 peneraliter
897 667 1010 760 quoad
1022 682 1129 738 totam
1143 671 1228 740 dice-

84 773 194 856 cesim,
219 781 251 841 et
268 781 377 864 postea
395 775 577 866 excipiatur
596 797 683 844 unus
701 785 759 845 aut
775 776 857 845 alter
878 775 980 862 locus,
1005 799 1072 844 non
1097 777 1228 849 videtur

84 903 146 949 cur
159 904 179 948 a
192 881 316 949 ratione
335 881 458 951 Vicarii
478 883 638 971 generalis
657 882 831 952 excideret.
853 883 935 952 Nam
958 883 992 950 in
1016 883 1090 973 jure
1111 886 1229 955 nullibi

84 988 271 1057 decernitur
285 989 407 1057 uitalis
423 989 575 1059 Vicarius
591 1012 649 1080 pro
670 1011 748 1058 vero
763 990 896 1061 Vicario
914 990 1059 1078 generali
1077 991 1228 1084 Episcopi

84 1120 151 1165 non
165 1098 331 1166 habeatur.
346 1097 521 1183 Praeterea,
532 1097 612 1188 quin
622 1105 722 1165 cesset
731 1097 805 1188 quis
815 1119 883 1165 esse
894 1097 1045 1167 Vicarius
1054 1100 1225 1189 generalis,

84 1211 189 1295 potest
198 1203 380 1294 jurisdictio
395 1203 590 1293 generaliter
605 1203 670 1293 ipsi
685 1225 834 1272 concessa
848 1204 1003 1294 restringi
1022 1206 1131 1296 quoad
1146 1229 1227 1275 cau-

83 1333 136 1378 sas
154 1311 293 1402 aliquas,
315 1318 352 1378 nt
371 1332 471 1400 supra
488 1309 700 1400 probavimus
718 1337 725 1378 :
742 1333 820 1400 ergo
840 1309 997 1400 restringi
1016 1311 1116 1380 etiam
1137 1321 1227 1406 pote-

83 1418 127 1486 rit
143 1418 250 1509 quoad
263 1417 375 1508 aliqua
386 1416 468 1485 loca.
488 1416 526 1483 ln
541 1425 680 1508 utroque
693 1419 781 1486 enim
803 1439 879 1486 casu
896 1438 990 1508 aeque
1010 1429 1154 1487 remanet
1171 1441 1228 1510 ge-

83 1523 205 1590 neralis
218 1545 276 1592 seu
297 1522 490 1590 universalis
510 1522 583 1612 ejus
600 1531 752 1613 potestas,
770 1524 843 1590 licet
858 1523 1040 1606 moraliter,
1059 1533 1091 1592 et
1109 1549 1175 1594 non
1193 1529 1228 1593 in

83 1631 195 1698 stricto
211 1653 319 1699 sensu.
338 1629 373 1698 Si
395 1637 502 1697 tamen
522 1630 681 1698 restrictio
704 1631 812 1721 quoad
835 1630 906 1698 loca
923 1639 1007 1698 esset
1027 1633 1178 1700 notabilis
1196 1643 1228 1702 et

82 1736 124 1805 ad
143 1736 345 1806 medietatem
365 1736 538 1804 dioeceseos
557 1737 733 1823 accederet,
752 1737 821 1828 jam
840 1736 904 1804 dici
923 1759 988 1805 nou
1009 1747 1116 1829 posset
1139 1762 1227 1808 ccm-

82 1845 186 1912 missa
223 1843 355 1913 Vicaric
390 1841 624 1933 jurisdictionis
660 1843 890 1911 universalitas
926 1843 1025 1911 etiam
1062 1846 1228 1914 moraliter

81 1959 228 2041 sumpta3
241 1972 278 2018 ac
292 1949 428 2040 proinde
443 1949 518 2016 talis
536 1949 686 2018 Vicarius
700 1958 783 2018 esset
793 1948 964 2018 dumtaxat
974 1951 1125 2043 Episcopi
1137 1952 1229 2022 dele-

81 2066 192 2147 gatus,
207 2080 274 2126 nou
288 2065 397 2127 autem
413 2055 573 2146 generalis
590 2056 757 2125 Vicarius.

127 2174 313 2242 Pnorosrrro
328 2171 417 2242 Vlla.
435 2209 480 2224 -
502 2173 543 2238 ur
566 2171 640 2262 quis
662 2172 705 2239 sit
729 2171 878 2240 Vicarius
895 2175 1055 2263 peneralis
1074 2177 1230 2268 Episcopi

81 2281 297 2350 essentialiter
307 2278 486 2370 requiritur
497 2290 536 2345 ut
550 2278 592 2345 sit
612 2278 761 2346 Vicarius
775 2278 810 2346 in
825 2279 1062 2369 spiritualibus,
1080 2305 1147 2351 non
1162 2307 1229 2352 αιι-

82 2401 149 2457 tem
165 2389 201 2456 in
216 2385 460 2479 temporalibus.
476 2423 521 2437 -
535 2384 685 2454 Vicarius
699 2384 852 2477 Episcopi
863 2386 898 2452 in
912 2389 1147 2477 temporalibus
1161 2393 1228 2482 (qui

80 2495 193 2580 ctiam,
220 2503 252 2562 et
276 2492 406 2579 mebus,
433 2499 644 2583 nuncupatur
666 2493 878 2581 (economus),
905 2492 959 2560 ille
980 2502 1028 2560 est
1047 2514 1145 2586 quem
1167 2501 1229 2569 sibi

79 2603 251 2672 substituit
277 2600 457 2692 Episcopus
482 2599 523 2666 ad
549 2596 807 2666 administranda
832 2597 917 2666 bona
940 2621 1001 2666 sua
1025 2605 1227 2694 temporalia,

79 2731 119 2777 ca
138 2707 327 2799 praesertim
351 2729 426 2797 quae
451 2706 553 2797 ipsius
569 2703 778 2791 beneficium,
799 2726 869 2788 seu,
893 2713 930 2772 ut
947 2704 1026 2773 olim
1048 2709 1227 2802 dicebatur,

78 2815 151 2907 ejus
169 2835 312 2884 mensam
328 2820 483 2903 spectant.
505 2812 614 2882 Potest
634 2819 743 2880 autem
767 2811 945 2903 Episcopus
959 2813 1110 2884 eumdem
1131 2843 1228 2912 quem

78 2923 114 2990 in
130 2921 300 2992 Vicarium
327 2919 513 3009 generalem
540 2918 577 2986 in
599 2917 837 3010 spiritualibus,
861 2941 918 2986 seu
946 2922 1054 3010 quoad
1074 2946 1229 2998 exercen-

77 3028 157 3096 dam
179 3035 330 3095 caeteram
348 3025 609 3116 jurisdictionem
633 3024 879 3093 ecclesiasticam
899 3025 1008 3116 elegit,
1035 3032 1229 3106 constituere

77 3137 178 3202 etiam
199 3133 371 3202 Vicarium
395 3133 430 3199 in
456 3131 700 3222 temporalibus.
728 3132 798 3200 lmo
824 3140 978 3222 putarant
1001 3139 1152 3206 nonnulli
1170 3165 1229 3212 an-

77 3244 164 3333 tiqui
184 3241 358 3309 canonistoe
379 3237 413 3306 id
433 3239 571 3330 requiri,
594 3246 631 3307 ut
647 3238 721 3329 quis
740 3259 816 3306 vere
837 3247 869 3306 et
882 3239 916 3306 iu
933 3261 1029 3310 sensu
1047 3243 1132 3334 juris
1147 3247 1230 3318 foret

76 3349 233 3419 Vicarius
253 3347 413 3439 pencralis
435 3347 598 3437 Episcopi.
619 3345 683 3414 Sed
704 3367 741 3412 ea
764 3347 922 3414 sententia
939 3350 1054 3418 merito
1070 3353 1226 3448 rejicitur,

76 3465 109 3524 et
125 3463 255 3523 tenetur
275 3454 444 3524 Vicariunr
466 3454 500 3520 in
523 3452 745 3544 spiritualibus
766 3459 905 3538 tantum,
930 3476 998 3522 esse
1020 3479 1135 3527 verum
1163 3463 1228 3532 Vi·
1298 3501 1299 3506 κ

76 3564 205 3631 cauum
226 3561 411 3651 generalem
431 3561 465 3626 in
486 3581 584 3628 sensu
594 3561 682 3650 juris
701 3581 742 3625 :e
765 3565 878 3626 contra
899 3583 977 3628 vero
1000 3563 1169 3635 Vicarium
1193 3571 1228 3638 in

76 3669 313 3761 temporalibus
327 3675 465 3752 tantum,
483 3688 542 3756 pro
558 3665 701 3756 generali
715 3665 849 3734 Vicario
864 3689 930 3734 non
943 3690 1012 3736 esse
1026 3667 1225 3746 habendum.

80 3802 99 3842 a
123 3776 279 3843 Vicarius
296 3775 329 3841 in
351 3773 574 3865 spiritualibus
593 3780 720 3840 tantum
744 3771 801 3862 (ait
821 3773 1014 3864 Lenreuius)
1039 3777 1229 3870 simpliciter

79 3909 98 3948 u
123 3883 288 3968 Vicarius,
314 3881 366 3949 vel
391 3902 466 3948 cum
493 3879 603 3946 addito
626 3879 660 3945 in
680 3877 908 3967 spiritualibus
926 3885 1097 3971 peueralis,
1121 3894 1229 3960 vocari

78 4015 99 4056 a
123 3989 221 4074 solct;
238 3997 276 4056 ut
294 3997 381 4080 patet
400 4009 442 4054 ex
461 3984 653 4054 Tridentino
680 3987 770 4073 (sess.
791 3989 845 4072 13,
867 4009 895 4054 c.
916 3991 948 4073 1,
970 3993 1003 4075 2,
1025 3994 1056 4077 3,
1075 3993 1227 4084 ignea

80 4096 278 4164 «brevibus
304 4094 499 4186 apostolicis.
528 4095 612 4161 Cum
644 4093 753 4183 aliqua
783 4095 1029 4165 committuntur
1060 4101 1227 4197 Episcopis

79 4231 99 4271 u
123 4227 182 4272 seu
197 4225 311 4271 eorum
326 4202 480 4287 Vicariis,
494 4199 622 4268 Vicarii
635 4200 669 4267 in
682 4199 905 4289 spiritualibus
916 4204 1122 4292 appellantur
1134 4235 1227 4300 pene-

82 4338 102 4378 ιι
124 4311 222 4392 rates,
242 4308 391 4390 dicendo,
409 4307 500 4374 verbi
520 4306 651 4395 gratia:
675 4305 857 4373 Venerabili
874 4306 1033 4399 Episcopo
1062 4315 1228 4386 Mauorte.
