3030 4980
272 447 334 514 tto
646 471 820 516 rnncrsrus
843 471 882 516 on
903 471 1036 518 runrmrs.

313 591 347 656 l⁰
372 591 426 658 An
453 599 560 662 autent
585 591 617 660 id
633 590 796 684 expediet,
814 592 874 660 vix
889 590 1126 662 admittendum
1150 592 1280 662 videtur
1299 592 1405 685 quoad

267 718 379 766 causas
391 698 503 768 civiles
510 700 750 770 ecclesiasticas.
762 700 877 782 Quoad
891 700 1074 769 criminales
1084 721 1175 789 vero,
1191 723 1405 791 megumsuc-

268 803 405 874 toritntis
439 807 626 900 exemplum
651 807 827 889 hebemus3
854 807 1008 876 sancitum
1034 829 1150 900 nempe
1174 807 1406 876 recentioribus

227 985 229 989 ,
266 913 501 1004 temporibusa
525 914 609 984 Sede
624 915 809 1007 Apostolies
835 913 1092 1007 dispositionem,
1121 913 1228 1007 quoad
1253 913 1406 984 dioeceses

266 1018 327 1086 suh
356 1018 479 1091 ditione
505 1021 674 1114 pontificis
703 1022 965 1116 comprehensas.
996 1023 1033 1091 Si
1061 1022 1193 1114 quidem
1220 1021 1358 1090 articulo
1388 1025 1404 1089 3

264 1126 452 1218 appendicis
479 1129 520 1197 ad
550 1130 715 1199 decretum
744 1130 935 1220 organicum
961 1129 1026 1198 diei
1058 1135 1075 1196 s
1105 1129 1292 1198 novembris
1321 1132 1402 1197 1831

265 1235 432 1325 statuitur,
455 1243 493 1305 ut
511 1237 682 1330 cujuslibet
698 1237 849 1331 Episcopi
864 1237 1013 1308 tribunal
1026 1236 1207 1320 crimsisele,
1229 1236 1406 1306 Ordinatio

262 1355 294 1412 et
307 1353 450 1434 quatuor
461 1345 536 1412 eliis
542 1344 715 1436 jndicibus
723 1357 852 1414 constet.

305 1460 372 1530 Nec
394 1460 531 1530 dubium
546 1469 595 1530 est
610 1461 690 1553 quin
705 1461 804 1530 simili
819 1481 895 1530 cum
912 1461 1019 1530 torma
1032 1459 1134 1552 possit
1146 1459 1326 1551 Episcopus
1341 1459 1406 1528 cri-

261 1567 381 1636 minale
395 1591 492 1637 suum
508 1568 652 1637 tribuual
670 1569 876 1638 constituere.
900 1567 954 1636 An
976 1575 1085 1636 autem
1104 1567 1282 1659 prudenter
1302 1565 1336 1634 id
1352 1567 1403 1634 in·

259 1673 479 1764 duceretur,a
499 1675 672 1765 regionum
686 1683 718 1744 et
740 1683 925 1766 temporum
947 1673 1196 1744 circumstantiis
1221 1673 1402 1765 plurimum

261 1781 444 1875 dependere
459 1782 601 1852 videtur.

308 1903 339 1965 5ο
352 1899 427 1968 Non
450 1907 552 1990 potest
577 1900 755 1992 Episcopus
768 1897 942 1988 collegium
966 1896 1128 1989 judicum,
1145 1897 1317 1966 criminale
1345 1897 1403 1966 tri-

261 2007 362 2078 buual
376 2009 653 2098 componentium,
671 2007 715 2075 ita
729 2006 938 2091 constituere,
954 2014 990 2073 ut
1006 2004 1117 2072 sintin
1133 2003 1240 2073 officio
1254 2027 1315 2073 suo
1331 2027 1406 2096 per-

261 2113 354 2205 potui
369 2135 428 2182 seu
443 2113 681 2200 inemeribiles,
708 2114 778 2182 sive
793 2110 927 2180 relative
943 2110 985 2180 ad
1013 2110 1172 2201 seipsum,
1189 2111 1258 2180 sive
1274 2110 1406 2180 relative

262 2221 304 2288 ad
318 2242 518 2289 successores
531 2219 718 2312 Episcopus.
746 2219 830 2288 Nam
854 2216 1015 2310 ejusmodi
1030 2217 1227 2310 perpetuitas
1249 2239 1308 2286 sen
1323 2219 1405 2286 irre-

262 2327 450 2398 vocabilitas
464 2328 562 2395 statui
578 2327 702 2418 nequit,
718 2326 782 2394 nisi
796 2327 837 2394 eb
851 2325 1043 2394 auctoritate
1058 2325 1217 2416 Episcopo
1232 2324 1295 2416 ipsi
1309 2348 1404 2417 supe-

262 2435 360 2504 riore.
375 2434 470 2504 Unde
487 2433 549 2502 nisi
559 2433 676 2502 existet
689 2455 731 2501 ex
745 2433 819 2524 jure
835 2431 1014 2518 communi,
1031 2430 1083 2500 vel
1098 2453 1141 2499 ex
1150 2429 1278 2500 decreto
1294 2431 1405 2500 Ponti·

263 2542 345 2628 ficis,
362 2551 420 2608 eut
443 2539 595 2626 concilii,
623 2537 812 2607 nullatenus
826 2535 981 2628 impediri
997 2544 1101 2627 potest
1125 2537 1306 2629 Episcopus
1327 2541 1405 2631 quin

262 2647 422 2741 ejusmodi
436 2647 561 2739 judices
586 2645 758 2714 adnutum
773 2652 913 2712 revocet.
929 2643 965 2711 ld
983 2665 1099 2734 nempe
1114 2651 1161 2712 est
1175 2644 1255 2736 quid
1270 2645 1405 2713 ordiun-

264 2758 323 2826 riae
337 2756 488 2847 Episcopi
499 2753 718 2845 jurisdictioni
733 2751 910 2839 inhaerens,
928 2773 993 2842 qua
1008 2751 1122 2841 nequit
1136 2750 1331 2843 Episcopus,
1349 2775 1405 2820 uec

265 2863 421 2955 seipsum,
434 2884 492 2930 nec
504 2881 704 2930 successores
719 2881 796 2928 suos
809 2858 958 2950 spoliare.

308 2972 349 3040 Et
378 2970 454 3038 hinc
482 2968 558 3038 setis
587 2968 772 3036 contutatur
799 2965 1048 3046 deliramentum
1078 2963 1159 3034 illud
1187 2969 1404 3058 quorumdam

265 3078 529 3170 presbyterorum
554 3073 682 3160 Gallim,
713 3075 770 3164 qui
795 3093 900 3162 nuper
921 3071 1152 3142 officialitutcm
1178 3096 1235 3142 scu
1265 3075 1405 3145 tribunal

264 3185 416 3277 Episcopi
439 3182 644 3252 somniarunt
660 3180 811 3271 componi
827 3203 930 3271 posse,
949 3179 1015 3248 imo
1037 3188 1069 3248 et
1093 3179 1222 3268 debere,
1242 3181 1405 3273 judicibus

265 3295 300 3361 in
316 3292 378 3361 hoc
402 3289 509 3359 officio
533 3291 710 3382 perpetuis,
733 3297 764 3358 et
780 3309 986 3378 nequaquam
1012 3286 1055 3355 sd
1079 3295 1196 3356 nutum
1213 3290 1406 3360 revocabili-

265 3401 337 3470 bns.

707 3676 851 3747 CAPUT
873 3675 963 3745 xlv.

518 3875 556 3920 uu
578 3872 758 3920 PROMOTOEE
781 3871 819 3918 ET
842 3870 1003 3918 ADVOCATO
1026 3871 1151 3918 urscstn

310 4127 489 4201 Dicendum
518 4127 583 4216 hic,
613 4131 645 4196 1ο
672 4125 750 4218 quid
771 4126 812 4196 sit
833 4127 1005 4196 Promotor
1019 4126 1157 4216 lisanlis;
1176 4133 1244 4196 2⁰a
1271 4151 1350 4222 quo,
1377 4137 1405 4196 ct

268 4234 431 4330 quomodo
457 4234 497 4301 sit
512 4233 774 4321 constituendus;
795 4239 826 4302 3ο
843 4233 1008 4326 quodnam
1030 4235 1177 4326 ejusdem
1202 4235 1351 4306 alliciam
1376 4245 1406 4305 ct
