3030 4980
291 445 354 516 370
668 467 843 516 rnncrsrns
866 467 905 514 nr
927 467 1060 516 morans.

289 593 389 686 possit
413 589 590 682 Episcopus
610 611 670 682 pro
687 591 822 660 arbitrio
843 592 1024 660 restrictam
1038 590 1170 661 Vicario
1192 612 1252 658 suo
1273 588 1432 680 jurisdic-

287 701 410 768 tionem
432 697 619 782 concedere,
646 697 785 766 dubium
811 720 876 766 non
907 706 982 767 ast:
1009 699 1091 784 imo,
1123 706 1159 766 ut
1183 697 1310 765 dicetur
1332 695 1431 781 infra,

288 812 392 899 potest
420 804 545 874 nullam
575 802 761 890 concedere,
787 827 845 874 seu
869 805 999 874 nullum
1028 805 1090 873 sibi
1114 803 1309 874 constituere
1329 804 1433 872 Vica-

287 915 387 982 rium.
420 913 559 998 Alvero,
590 909 678 1003 qnod
713 911 825 1003 positis
862 912 1063 1004 quibuslibet
1098 909 1376 998 restrictionibuS,
1408 919 1434 978 et

287 1017 511 1113 quamtumvis
531 1017 595 1085 illac
613 1025 752 1108 pateant,
763 1018 916 1088 Vlcarins
930 1026 1095 1087 remaneat
1111 1041 1186 1087 vere
1201 1018 1378 1110 pancratis,
1394 1019 1434 1085 ita

286 1137 324 1197 ut
340 1128 401 1218 ipsi
422 1124 612 1218 applicanda
634 1125 697 1192 sint
710 1125 786 1216 jura
806 1149 880 1217 quae
899 1147 994 1194 veros
1008 1126 1158 1195 Vicarios
1182 1125 1348 1215 generales
1365 1147 1434 1194 res·

286 1235 421 1327 piciunt,
440 1233 573 1300 omnino
590 1232 776 1321 negandum
792 1241 851 1300 est.
870 1233 954 1301 Nam
973 1235 1019 1325 (ut
1036 1234 1197 1324 superiori
1213 1233 1432 1324 paragrapho,

286 1341 504 1434 propositione
528 1339 653 1430 quinta)
680 1339 905 1430 probavimus,
927 1340 1159 1409 anniversalitos
1181 1340 1432 1431 jurisdictionis,

287 1449 400 1516 saltem
417 1445 586 1514 moraliter
598 1459 743 1538 sumpto,
762 1454 810 1514 est
825 1447 865 1514 de
886 1447 956 1537 ipsa
981 1448 1121 1516 essentia
1137 1447 1311 1516 vicariatus
1333 1470 1434 1537 genc-

286 1555 375 1624 ralis.
394 1553 430 1622 Si
444 1575 522 1643 ergo
533 1552 751 1621 restrictiones
765 1553 805 1620 ab
817 1553 980 1645 Episcopo
994 1555 1151 1646 appositae
1165 1553 1247 1622 banc
1264 1555 1433 1622 universa-

286 1661 411 1730 litatem
428 1659 595 1728 moraliter
617 1668 781 1748 sumptam
798 1661 924 1746 tollant,
947 1661 1104 1729 valebunt
1124 1661 1279 1752 quidem;
1303 1660 1361 1728 sed
1377 1660 1434 1729 Υἱ-

287 1771 412 1838 carium
432 1767 628 1836 constituent
643 1768 678 1834 in
693 1767 803 1834 cilicio
825 1768 907 1836 meri
927 1767 1083 1856 delegati3
1100 1791 1166 1837 non
1185 1777 1293 1838 autern
1308 1767 1434 1836 Vicarii
1495 1819 1496 1824 ε

287 1875 459 1967 generalis.
475 1873 570 1957 Quod
590 1881 673 1942 certe
687 1873 843 1960 eveniret,
861 1875 954 1943 verbi
975 1876 1094 1965 gratia,
1110 1877 1137 1944 si
1157 1876 1340 1968 Episcopus
1362 1899 1434 1944 me-

287 1983 415 2051 dietatis
430 1979 603 2049 dioeceseos
618 2003 730 2048 causas
743 1981 803 2048 sibi
821 1989 1013 2050 reservaret.

333 2089 390 2157 Est
418 2095 526 2156 autem
557 2086 598 2154 ad
627 2086 789 2178 ejusmodi
815 2088 1032 2157 restrictiones
1058 2089 1152 2157 valde
1182 2089 1431 2174 attendendum,

288 2197 331 2266 ob
346 2195 540 2288 gravissima
554 2215 629 2285 quae
645 2215 687 2260 ex
700 2194 746 2261 eis
766 2195 846 2261 oriri
863 2205 1000 2285 possunt
1020 2195 1128 2287 quoad
1150 2197 1283 2287 praxim
1304 2220 1433 2264 consec·

288 2305 385 2373 teria.
403 2303 486 2372 Nam
508 2299 652 2391 exempli
672 2301 790 2390 gratia,
814 2302 843 2368 si
862 2303 937 2393 quis
955 2303 1134 2394 Episcopus
1156 2303 1280 2372 Vicarii
1301 2304 1353 2372 sui
1378 2329 1431 2396 po

288 2419 434 2480 testatem
455 2409 499 2478 ita
513 2407 698 2496 restringat,
716 2416 753 2474 ut
766 2407 834 2498 jam
852 2407 915 2476 dici
931 2417 1070 2500 nequeat
1092 2410 1257 2478 moraliter
1274 2411 1432 2500 generalis

288 2543 346 2589 sen
361 2517 569 2600 universalis,
585 2537 605 2583 a
620 2516 778 2582 sententia
797 2517 869 2584 talis
884 2517 1007 2585 Vicarii
1032 2540 1096 2585 non
1113 2517 1245 2586 dabitur
1263 2519 1432 2610 appellatio

288 2624 476 2695 immediate
494 2620 534 2690 ad
550 2621 852 2711 Arcbiepiseopum,
870 2622 926 2690 sed
945 2623 986 2691 ad
1002 2623 1218 2714 Episcopum3
1238 2647 1295 2692 nec
1319 2628 1432 2715 poterit

290 2731 562 2821 Arcbiepiscopus
583 2727 831 2819 appellationem
855 2729 1010 2820 recipere,
1028 2737 1137 2821 utpote
1158 2753 1233 2820 quae
1250 2753 1315 2799 non
1339 2733 1433 2800 erita
1496 2717 1497 2790 l

289 2837 447 2907 sententia
463 2834 532 2902 veri
547 2833 670 2901 Vicarii
686 2833 857 2921 generalis,
877 2833 933 2900 scd
950 2834 1032 2900 meri
1048 2833 1197 2924 delegati.
1217 2834 1264 2902 Ne
1279 2858 1359 2924 ergo
1372 2835 1432 2902 du·

290 2946 345 3014 bia
358 2953 390 3011 et
404 2940 608 3009 difficultates
628 2939 789 3025 oriantur,
811 2940 912 3007 satius
932 2949 979 3007 est
998 2948 1033 3006 ut
1056 2961 1172 3030 parcus
1195 2941 1236 3007 sit
1257 2941 1432 3033 Episcopus

291 3054 326 3119 in
347 3045 572 3138 restringenda
595 3069 653 3138 per
674 3045 806 3113 modurn
829 3047 1056 3114 reservationis
1077 3047 1201 3116 Vicarii
1221 3049 1272 3115 sui
1295 3071 1432 3136 genera-

290 3158 332 3226 lis
344 3155 587 3248 jurisdictione3
605 3153 656 3222 vel
672 3153 783 3219 saltem
800 3153 863 3243 ipsi
877 3153 996 3221 Vicarii
1011 3153 1179 3242 generales
1196 3163 1286 3222 caute
1299 3177 1431 3245 perpen-

293 3265 372 3332 dant
391 3261 606 3332 restrictiones
631 3259 806 3351 ejusmodi,
824 3269 854 3326 et
875 3258 1061 3328 discernant
1082 3281 1137 3346 an,
1155 3261 1194 3328 iis
1212 3262 1356 3345 attentiS,
1369 3262 1432 3328 siut

294 3373 364 3442 veri
380 3369 504 3439 Vicarii
521 3367 700 3458 generales,
719 3389 760 3434 an
781 3389 859 3435 vero
879 3366 1052 3435 dumtaxat
1071 3369 1153 3434 meri
1176 3367 1326 3456 delegati,
1348 3379 1379 3435 et
1393 3369 1431 3434 ad

295 3483 399 3549 instar
412 3475 619 3546 Vioariorum
636 3473 860 3552 foraneorum
879 3482 914 3540 ut
938 3495 1033 3541 suam
1050 3473 1125 3540 iude
1138 3474 1257 3563 agendi
1277 3475 1430 3542 rationem

295 3594 380 3655 recte
397 3583 523 3651 valeant
539 3579 719 3647 instituere.

338 3693 480 3775 Onasrro
498 3693 543 3755 lt.
559 3725 603 3739 -
621 3687 740 3752 Utrum
756 3685 981 3754 revocabilitas
995 3687 1039 3753 sit
1050 3686 1090 3754 de
1101 3687 1236 3756 essentia
1254 3687 1433 3756 Vicoriotus

297 3801 467 3893 qenerolr's.
483 3835 528 3849 -
548 3797 678 3864 Certum
696 3803 744 3860 cst
760 3794 907 3862 Vicarios
928 3795 1106 3883 generales,
1129 3817 1170 3864 ex
1191 3797 1308 3886 quoin
1327 3796 1431 3864 locum
1495 3821 1496 3830 ¹

297 3907 609 3978 Archidiaconorum
638 3922 817 3968 successere
851 3922 953 3991 usqne
983 3923 1085 3984 nunc,
1120 3903 1218 3970 luisse
1247 3902 1288 3970 ad
1317 3913 1430 3972 nutum
1495 3887 1496 3938 ³

297 4015 446 4108 Episcopi
469 4007 678 4094 revocabiles,
705 4016 736 4074 et
764 4030 839 4075 cnm
864 4015 966 4075 morte
986 4009 1136 4099 Episcopi
1157 4032 1271 4078 eorum
1293 4010 1430 4078 officium

297 4122 456 4214 expirare.
474 4119 520 4186 De
546 4139 611 4208 qua
633 4115 718 4206 juris
739 4117 924 4184 communis
946 4115 1155 4206 dispositione
1171 4117 1262 4186 nulla
1286 4126 1331 4186 est
1353 4139 1429 4184 con-

299 4226 464 4302 troversia.
485 4224 562 4292 llaec
577 4231 684 4291 tamen
701 4221 845 4290 conditio
857 4245 923 4289 non
939 4221 983 4290 ita
998 4223 1137 4292 inhaeret
1152 4225 1282 4315 ipsimet
1295 4225 1428 4294 vicaria·
