3032 4976
260 467 322 530 280
631 485 805 532 rnacrsrus
828 485 866 532 us
889 486 1022 532 tumens.

257 611 458 676 contractum
476 605 623 695 gesserit,
641 625 700 674 nec
715 604 839 675 ibidem
863 606 923 676 sita
945 606 986 675 sit
1007 626 1059 674 res
1084 605 1125 674 de
1147 627 1214 698 qua
1228 606 1269 674 lis
1284 627 1403 676 movs-

257 723 322 783 tur.
341 712 438 804 (Vide
458 711 627 802 Pirrhing,
643 711 677 780 in
703 712 752 780 tit.
779 717 812 800 2,
840 714 935 782 liba
958 714 1100 798 Decret,
1118 737 1152 780 n.
1177 717 1215 798 63
1239 713 1402 800 Formiis,

257 822 358 890 verbo
374 823 487 902 Ferus,
503 842 538 887 n.
558 819 625 910 tl.)
642 819 739 888 Ratio
761 842 820 890 cur
834 820 970 890 clericus
992 821 1109 889 llomae
1128 841 1273 912 presens
1301 819 1406 913 possit

257 929 303 998 ibi
328 937 485 1020 tanquam
511 949 622 995 coram
650 927 824 997 Ordinatio
850 926 1008 997 domicilii
1031 928 1213 1012 conveniri,
1239 935 1301 1014 cst,
1324 927 1406 1020 qnia

256 1037 357 1128 Papa,
372 1034 425 1103 cui
440 1041 529 1102 totus
544 1033 688 1102 mundus
704 1035 907 1104 territorium
923 1042 983 1120 cst,
999 1033 1260 1126 jurisdictionem
1275 1055 1318 1103 ex
1337 1033 1404 1104 do·

257 1142 382 1210 micilio
412 1148 518 1208 ortam
548 1140 645 1209 habet
670 1141 872 1209 cumulatius
899 1163 974 1212 cum
1003 1139 1141 1231 singulis
1169 1141 1338 1234 Episcopis
1369 1141 1405 1209 in

254 1248 415 1341 quoslibet
428 1247 577 1339 ipsorum
591 1246 749 1317 subditos.
762 1247 877 1316 Simile
891 1247 969 1341 quid
988 1248 1067 1317 olim
1080 1249 1188 1316 extitit
1201 1248 1235 1316 iu
1249 1248 1406 1317 Romana

256 1355 422 1448 republica
440 1381 447 1421 :
466 1375 580 1422 omnes
596 1353 715 1422 scilicet
729 1354 769 1422 ad
786 1356 974 1424 Romanum
992 1354 1168 1446 imperium
1190 1353 1405 1445 pertinentes,
1512 1373 1513 1376 ’

258 1464 285 1532 si
300 1463 415 1532 Romae
433 1469 607 1551 praesentes
623 1461 741 1549 forent,
755 1469 907 1553 poterant
921 1461 1042 1530 ibidem
1062 1461 1242 1547 conveniri,
1258 1483 1297 1529 eo
1311 1461 1406 1552 quod

258 1572 364 1639 Roma
389 1569 576 1636 communis
598 1568 746 1636 omnium
775 1569 879 1662 patria
907 1578 939 1637 ct
965 1569 1078 1638 civitas
1103 1574 1288 1638 censeretur
1318 1567 1407 1659 (lege

257 1681 362 1746 Romo
380 1680 433 1763 33,
450 1677 485 1744 ff.
503 1676 554 1745 Ad
567 1676 755 1767 municip).

300 1783 458 1860 Secundo.
477 1782 630 1875 quamvis
643 1771 780 1851 clericus
792 1783 910 1852 Romae
932 1806 1077 1875 praescns
1092 1791 1123 1852 et
1139 1783 1185 1851 ibi
1205 1791 1405 1872 conventus,
1513 1837 1514 1866 ,

257 1890 366 1962 Curiae
381 1890 540 1958 Romanae
556 1890 667 1958 lorum
683 1888 844 1959 declinere
860 1898 1012 1982 nequeat,
1026 1897 1131 1983 potest
1144 1898 1253 1958 temen
1268 1912 1406 1958 causam

258 2000 395 2069 domum
409 2021 545 2068 avocare
556 1999 598 2090 (id
611 2006 670 2083 cst,
684 1998 828 2068 obtinere
842 2009 877 2068 ut
890 1999 954 2068 sibi
970 1999 1061 2067 liceat
1075 2001 1111 2068 in
1123 2022 1215 2068 snam
1234 1997 1407 2068 dioecesim

259 2107 391 2192 reverti,
416 2115 448 2174 et
470 2105 515 2172 ibi
536 2104 732 2175 adversariis
757 2128 867 2174 coram
891 2105 1064 2175 Ordinatio
1092 2128 1151 2173 suo
1178 2105 1407 2199 respondere),

260 2215 288 2282 si
302 2213 444 2306 objiciet,
460 2235 493 2280 se
512 2212 603 2280 domi
624 2211 692 2281 lore
713 2213 818 2302 magis
839 2212 880 2281 ad
902 2213 1167 2306 respondendum
1191 2213 1406 2282 instructum.
1514 2299 1515 2302 Ἴ

259 2323 317 2390 Est
345 2320 443 2388 etiam
470 2319 657 2387 communis
686 2319 857 2389 doctorum
885 2321 1061 2401 centenum
1094 2343 1169 2412 quae
1203 2320 1409 2411 ceteroquin
1514 2311 1515 2316 ἵ

260 2436 368 2520 aperte
390 2426 591 2518 sequiturcx
607 2426 732 2494 ultimis
749 2427 858 2495 verbis
881 2449 980 2518 supra
1006 2428 1111 2496 citatae
1135 2426 1304 2496 decretalis
1319 2426 1410 2496 Gre-

261 2533 345 2626 gorii
366 2534 424 2602 lx.
441 2532 591 2601 Facultas
615 2540 725 2602 eutem
751 2555 883 2602 causam
910 2531 1048 2602 domam
1076 2532 1234 2604 avocandi
1259 2533 1411 2603 multum

261 2642 368 2711 differt
382 2665 401 2709 c
415 2639 564 2708 facultate
578 2639 688 2707 lorum
704 2639 888 2708 declinandi
909 2667 916 2708 :
933 2663 1011 2708 nam
1034 2641 1125 2732 prior
1140 2664 1160 2708 e
1177 2641 1249 2731 lege
1270 2641 1411 2709 concedi

260 2756 365 2842 potest
378 2748 467 2840 justa
482 2747 521 2814 de
534 2769 642 2834 causa,
659 2747 757 2815 ctiam
774 2748 878 2838 posito
894 2746 982 2839 quod
998 2747 1108 2816 lorum
1130 2748 1172 2816 sit
1187 2756 1378 2840 competens
1398 2777 1408 2817 :

261 2857 418 2948 posterior
435 2877 512 2924 vcro
527 2854 590 2922 lori
611 2855 896 2944 incompetentium
913 2855 1079 2946 supponit.

310 2963 426 3043 Tertio,
449 2970 485 3030 nt
507 2961 656 3049 clericus,
675 2961 866 3053 praedictam
893 2963 1053 3030 rationem
1081 2962 1288 3055 exponendo,
1305 2964 1413 3054 possit

262 3093 393 3139 causam
421 3069 558 3138 domum
583 3090 731 3154 avocere,
757 3091 885 3136 necesse
911 3077 960 3136 cst
987 3078 1023 3136 ut
1046 3070 1188 3138 Romam
1213 3069 1337 3138 venerit
1365 3092 1411 3138 ex

262 3201 363 3247 coroa
379 3175 575 3256 accesserim·
589 3175 681 3245 verbi
696 3175 802 3265 grstia
816 3184 853 3243 ut
870 3176 997 3244 venerit
1020 3183 1174 3268 tanquam
1200 3176 1336 3266 legatus,
1356 3179 1413 3248 vel

261 3311 299 3355 eo
312 3291 457 3371 vocatus,
475 3283 527 3351 vcl
540 3283 581 3350 ad
598 3281 770 3352 ferendum
786 3283 1023 3370 testimonium,
1035 3293 1095 3353 etc.
1109 3283 1204 3353 Unde
1218 3285 1246 3351 si
1261 3285 1409 3354 Romam

260 3393 386 3462 venerit
412 3391 605 3475 voluntarie,
627 3389 660 3458 id
682 3399 742 3476 est,
759 3391 881 3483 absque
908 3391 973 3459 ulle
1002 3392 1188 3460 necessitate
1215 3392 1266 3459 vel
1292 3394 1414 3482 quesi-

261 3498 463 3585 necessitate,
487 3497 643 3588 praedicta
667 3497 817 3566 facultate
842 3520 974 3566 causam
1002 3498 1140 3568 domum
1167 3499 1326 3568 avocandi
1353 3522 1413 3568 ca·

262 3609 373 3678 rebit:
399 3605 548 3697 sequitur
561 3627 601 3672 cx
628 3603 701 3696 ipso
723 3605 828 3674 citatas
853 3605 1023 3674 decretalis
1047 3614 1153 3692 textu,
1170 3607 1226 3675 ubi
1253 3607 1410 3695 habetur,

262 3717 326 3784 nisi
337 3737 400 3807 pro
411 3713 510 3804 justa
524 3724 556 3780 et
573 3713 752 3779 necessario
766 3735 867 3780 causa
880 3713 1026 3782 uenisset.

310 3825 450 3905 Quarto,
466 3841 508 3887 un
522 3819 557 3886 in
571 3817 725 3910 praedicto
740 3841 829 3907 casu,
847 3843 914 3888 non
930 3827 1060 3888 tantum
1075 3819 1196 3908 clerici,
1212 3819 1268 3888 sed
1284 3832 1316 3888 ct
1331 3819 1412 3892 laici

261 3931 298 3998 in
314 3927 419 3996 causis
432 3924 656 4018 spiritualibus
669 3925 703 3993 in
728 3924 829 3994 Curia
844 3927 994 3996 Romane
1015 3927 1184 3996 conveniri
1200 3926 1347 4019 possint?
1364 3967 1413 3982 -

265 4059 281 4096 n
306 4031 498 4122 Respondco
516 4058 523 4098 :
542 4038 677 4122 possunt
698 4030 733 4098 in
753 4030 804 4100 his
820 4055 913 4124 aeque
933 4055 969 4101 ac
984 4033 1105 4118 clerici,
1121 4033 1149 4100 si
1165 4033 1286 4101 ibidem
1308 4055 1412 4126 repc-

265 4167 281 4202 a
305 4139 442 4223 riantur,
462 4161 520 4206 nec
535 4159 666 4206 cansam
684 4137 821 4207 domum
838 4138 1012 4208 revocandi
1031 4139 1211 4208 habeant...
1229 4139 1325 4209 Ratio
1344 4153 1409 4230 est,

266 4272 283 4310 c
307 4243 385 4336 quia
398 4243 558 4312 Summus
573 4243 723 4313 Pontifex
739 4243 772 4313 in
788 4245 893 4314 causis
907 4247 1130 4338 spiritualibus
1145 4269 1238 4340 aeque
1253 4247 1355 4316 laicos
1371 4273 1411 4324 ac
