3090 4964
294 485 333 552 tl
664 502 839 552 ruxcrxsus
860 503 899 552 na
920 503 1052 554 aunvms.

292 625 442 694 Ecclesia
463 623 775 694 determinationem.
796 626 904 716 (mia,
921 649 954 694 n.
972 627 1039 716 21.)
1056 626 1093 694 ld
1114 624 1229 715 probat
1250 625 1371 696 Suarez
1385 647 1427 696 ex

292 731 459 824 Scriptura
472 754 574 818 sacra,
588 754 629 800 ex
640 732 714 824 jure
725 733 891 820 canonico,
903 754 944 800 ex
959 733 1108 802 Ecclesia
1122 733 1230 824 praxi,
1243 741 1275 800 et
1288 733 1424 802 ratione.

335 839 415 908 Eam
431 848 538 908 autem
553 837 698 908 Suaresii
715 839 909 927 doctrinam,
925 839 1024 908 luisse
1039 861 1245 910 communem
1260 825 1429 932 perplura

291 946 408 1014 saecula
431 945 600 1016 doctorum
621 945 740 1015 scholae
764 947 969 1033 sententiam,
985 955 1145 1015 testantur
1166 968 1292 1033 eorum,
1309 947 1429 1038 quihus

289 1053 491 1122 bibliotheca
507 1055 692 1146 opplentur,
710 1077 819 1145 opera.
838 1054 874 1122 Si
888 1055 1056 1124 haereticos
1076 1063 1108 1124 et
1131 1055 1299 1125 damnatos
1312 1063 1427 1126 aucto-

290 1183 341 1229 res
356 1161 511 1253 excipias,
527 1161 655 1230 nullum
674 1160 740 1229 fere
760 1162 901 1252 reperies
918 1170 992 1230 ante
1014 1162 1120 1230 exorti
1132 1162 1328 1232 lanscnismi
1344 1169 1427 1230 tern-

289 1290 381 1360 pora,
391 1268 448 1360 qui
460 1266 577 1336 dictam
592 1266 743 1336 Ecclesia
756 1290 796 1336 ex
807 1268 881 1359 jure
896 1268 1008 1338 divino
1021 1269 1226 1338 coercitivam
1238 1275 1427 1360 potestatem

289 1399 350 1467 pro
369 1374 551 1443 indubitata
573 1397 638 1443 non
664 1374 790 1443 habeat.
810 1373 991 1444 Erroneam
1013 1385 1121 1444 autem
1142 1399 1211 1444 esse
1233 1377 1345 1467 nequit
1364 1376 1427 1443 ali-

288 1483 366 1576 quid
388 1483 547 1572 dogmatis
571 1481 661 1574 quod
686 1483 902 1578 communiter
921 1490 1031 1551 tenent
1053 1481 1200 1552 doctores
1226 1483 1358 1570 scholae,
1376 1491 1425 1568 ut,

289 1611 364 1658 cum
379 1588 554 1657 Melchiora
569 1589 670 1675 Cano,
687 1597 843 1680 tanquam
867 1597 991 1658 certum
1007 1590 1048 1658 ab
1064 1590 1216 1659 omnihus
1231 1588 1424 1658 admittitur.

289 1694 557 1764 Concludendum
572 1717 650 1784 ergo
663 1695 705 1764 ad
721 1695 896 1764 Ecclesiam
912 1719 1026 1765 revera
1034 1696 1109 1790 jure
1120 1696 1250 1788 proprio
1266 1695 1427 1787 pertinere

290 1827 347 1896 per
363 1825 475 1895 poenas
489 1803 586 1871 etiam
599 1803 781 1893 corporales
791 1812 820 1870 et
835 1804 1028 1894 temporales
1042 1803 1209 1873 coercendi
1223 1811 1424 1894 potestatem.

810 2133 905 2223 arv.

562 2333 747 2395 Argumentum
764 2343 796 2380 ax
813 2328 935 2382 Ecclesia
952 2328 1152 2381 daflnltionlhns.

334 2548 486 2617 Vidimus
501 2569 599 2639 supra
612 2546 726 2638 (capite
737 2546 767 2634 3)
783 2545 966 2614 damnatam
979 2546 1080 2615 lenisse
1089 2556 1126 2615 ut
1138 2545 1323 2616 haereticam
1338 2546 1429 2614 Mar-

290 2655 354 2724 silii
377 2654 526 2723 Patavini
551 2655 750 2745 opinionem,
767 2673 832 2743 qna
848 2653 914 2720 vim
931 2675 1060 2722 omnam
1080 2654 1256 2722 coactivam
1274 2653 1428 2721 Ecclesia

290 2761 480 2852 denegabat,
498 2773 632 2851 excepta
646 2782 684 2826 ea
706 2781 805 2850 quam
823 2783 863 2828 ex
886 2761 1090 2829 concessione
1111 2759 1315 2828 saecularium
1334 2760 1429 2850 prin-

290 2872 398 2961 cipum
415 2867 616 2937 obtinuissel.
634 2867 736 2934 Porro
750 2889 788 2932 ex
808 2866 868 2933 ista
886 2867 1093 2935 damnatione
1114 2867 1260 2958 sequitur
1273 2865 1427 2934 Ecclesiae
1531 2911 1532 2958 1

289 2985 470 3068 competere
487 2975 583 3042 etiam
611 2995 667 3064 per
689 2995 800 3064 peenas
822 2973 1005 3062 corporales
1019 2983 1050 3041 et
1065 2973 1258 3066 temporales
1282 2973 1429 3041 coerciti·
1531 2997 1532 3002 ¹

289 3107 364 3154 vam
380 3090 578 3174 potestatem.
595 3081 692 3168 Nam,
709 3081 788 3148 dum
805 3079 975 3149 haereticus
989 3081 1044 3148 ille
1057 3081 1206 3167 asseruit,
1221 3080 1262 3148 ab
1284 3080 1431 3148 Ecclesia

284 3191 404 3283 puniri
417 3212 482 3257 oon
498 3211 593 3280 posse
614 3187 721 3256 ullum
745 3188 910 3256 hominem
931 3187 1104 3279 punitione
1117 3187 1273 3268 coactiva,
1292 3187 1429 3256 minime

290 3296 449 3365 intellexit
477 3317 534 3386 per
560 3295 620 3362 ista
647 3295 757 3380 verba,
777 3293 949 3386 punitione
981 3295 1138 3376 coactiva,
1163 3293 1433 3363 excommunica-

290 3405 411 3472 tionem
425 3403 544 3470 aliasve
558 3401 741 3493 spirituales
756 3423 868 3493 poeuas
884 3401 1006 3492 :ipsius
1016 3425 1033 3470 e
1045 3411 1157 3470 contra
1168 3410 1307 3493 systema
1322 3409 1432 3470 totum
1530 3473 1531 3476 ,

291 3511 324 3578 in
343 3511 375 3578 id
392 3509 595 3594 collineabat,
614 3517 649 3576 ut
673 3507 824 3576 Ecclesia
847 3501 1033 3599 potestatem
1054 3509 1140 3576 intra
1153 3529 1323 3599 paenarum
1340 3530 1434 3577 mere
1530 3497 1531 3580 J

291 3617 509 3709 spiritualium
534 3615 723 3684 exercitium
748 3616 1043 3701 circumscriberet;
1068 3616 1113 3683 ita
1139 3614 1269 3700 scilicet,
1285 3624 1321 3683 ut
1344 3636 1434 3704 pro-
1530 3635 1531 3706 3

290 3725 448 3796 nuntiatis
461 3722 649 3813 hujusmodi
666 3721 783 3812 paenis,
801 3745 875 3791 reus
889 3722 1092 3790 conscientia
1107 3745 1176 3790 suae
1193 3720 1435 3813 relinquendus

290 3841 392 3919 esset3
411 3853 469 3898 nec
482 3829 633 3898 Ecclesia
656 3828 704 3897 fas
721 3838 803 3896 esset
822 3830 888 3897 ulla
903 3829 936 3895 vi
951 3836 1097 3916 externa,
1114 3829 1273 3918 corporali
1290 3827 1435 3918 proinde

289 3939 343 4008 vel
356 3937 538 4029 temporali,
554 3957 630 4004 eum
644 3957 758 4024 cogere
778 3935 820 4003 ad
835 3935 1110 4004 satisfaciendum.
1128 3936 1208 4004 Eam
1225 3935 1323 4004 luisse
1339 3935 1436 4006 Mar-

291 4045 355 4114 silii
375 4044 526 4113 Patavini
555 4051 710 4128 mentem,
725 4051 757 4109 et
776 4063 889 4110 omnes
912 4043 970 4134 qni
993 4041 1033 4110 de
1057 4065 1095 4112 eo
1121 4043 1285 4110 disserunt
1304 4050 1437 4114 vetares

291 4162 437 4223 auctores
453 4151 695 4237 intellexerunt,
703 4160 734 4218 et
747 4151 816 4242 ipsa
827 4151 899 4241 ejus
906 4152 1006 4219 verba
1017 4160 1126 4242 aperte
1139 4159 1307 4219 testantur.
1322 4151 1437 4222 Abso-
1529 4161 1530 4200 ³

291 4287 370 4338 num
387 4269 493 4330 autem
510 4269 557 4327 est
572 4261 677 4329 dicere
695 4258 765 4351 ejus
785 4268 925 4350 systema
947 4258 1135 4326 damnatum
1159 4260 1257 4328 luisse
1279 4262 1438 4334 insensu
