3032 4976
272 445 337 510 tet
649 467 824 514 raimerus
846 467 885 512 nr
906 467 1040 513 runicus.

268 583 1413 678 resdequnlrbmoccturcstnwlilimmodcinlococzistatpemo·

266 690 383 776 nendo,
397 715 464 761 non
479 717 554 764 vero
569 693 747 763 dumtucm
761 695 971 766 trasmundo.
994 734 1039 748 -
1054 693 1249 778 «Qumriuu
1263 717 1305 762 nn
1320 694 1412 762 Reus

269 823 287 863 ι
310 799 464 869 sortiatur
479 800 589 878 lorum
610 801 707 870 etiam
732 803 855 873 ratione
870 803 919 872 rei
940 802 1083 888 mobilis,
1097 810 1156 872 eut
1173 825 1208 870 se
1229 800 1412 871 moventis‘l

270 931 287 969 ιι
309 903 503 996 Respondeo
517 906 747 998 distingcmndo
762 937 771 977 ι
784 909 836 980 vel
849 910 937 978 enim
953 931 1005 978 res
1017 909 1052 977 in
1065 908 1136 978 loco
1151 907 1265 978 saltem
1277 905 1411 998 aliquod

271 1035 288 1076 ι
311 1019 440 1104 tempus
455 1035 668 1105 permansura
683 1015 808 1102 est,vel
823 1037 902 1086 non.
915 1015 953 1085 Si
963 1015 1130 1108 primum,
1142 1036 1249 1084 coram
1262 1013 1323 1082 loci
1339 1035 1412 1082 ma-

268 1119 446 1209 «gistratu
468 1120 538 1213 ejus
559 1145 723 1215 possessor
741 1123 908 1192 conveniri
934 1132 1051 1216 potest.
1073 1123 1164 1192 Patet
1184 1144 1225 1190 ex
1250 1119 1414 1211 generali-

270 1251 288 1292 ι
312 1233 375 1294 tate
389 1236 551 1300 textuum.
563 1229 686 1322 (Capito
700 1231 832 1318 ultimo,
847 1230 934 1300 tituli
949 1235 983 1317 2,
999 1229 1075 1299 libri
1092 1235 1112 1297 2
1125 1227 1356 1306 Decretalium;
1367 1265 1413 1278 —

271 1362 288 1398 ι
311 1334 383 1425 lege
396 1335 500 1424 finali,
515 1361 544 1406 c.
566 1339 628 1408 Ubi
643 1339 679 1406 in
694 1361 764 1408 rem
778 1339 886 1422 octio,·
901 1339 1030 1428 -lege
1048 1337 1146 1422 Quod
1159 1338 1289 1428 tepctur
1304 1337 1359 1422 38,
1375 1333 1411 1401 ff.

270 1465 288 1506 ι
312 1440 351 1509 de
363 1441 485 1532 lodic.)
506 1472 513 1512 :
532 1445 596 1514 Ubi
611 1446 679 1514 siue
694 1445 883 1514 discrimine
898 1446 984 1514 inter
999 1467 1052 1512 res
1066 1444 1201 1513 mobiles
1215 1451 1247 1512 et
1260 1440 1414 1510 immobi-

270 1573 288 1613 ι
311 1548 369 1632 les,
387 1549 422 1617 in
448 1572 516 1620 rem
538 1553 623 1620 actio
645 1553 779 1643 jubetur
802 1552 959 1622 adversus
986 1550 1203 1643 possidentem
1226 1547 1348 1618 moveri
1378 1547 1413 1616 in

271 1682 288 1718 ι
310 1654 401 1743 locis,
411 1657 575 1748 inquibus
585 1683 650 1746 res,
660 1668 793 1752 propter
804 1682 885 1750 quas
896 1658 1114 1745 contenditur,
1127 1657 1308 1726 constitute
1319 1663 1410 1724 sunt.

315 1789 332 1825 ι
355 1761 390 1831 Si
410 1765 598 1846 secundum,
616 1766 725 1853 idest,
742 1767 770 1834 si
792 1789 844 1835 res
865 1766 899 1834 in
923 1765 993 1834 loco
1013 1773 1062 1834 cst
1080 1762 1285 1834 solummodo
1304 1771 1412 1832 trans-

271 1893 287 1930 ι
312 1868 432 1952 eundo,
447 1873 590 1964 exempli
605 1872 722 1962 gratie,
738 1873 765 1940 si
782 1872 975 1964 peregrinus
986 1892 1060 1940 cum
1076 1895 1160 1964 equo
1176 1879 1318 1940 transeat
1330 1870 1413 1940 civi-

270 2001 287 2038 ι
312 1985 421 2062 tatem,
437 2000 535 2069 quem
560 1979 666 2048 incola
686 1979 834 2071 ejusdem
855 1979 994 2048 civitatis
1009 1978 1094 2047 dicet
1117 1979 1158 2048 ad
1179 2001 1212 2048 se
1236 1978 1412 2070 pertinere,

272 2108 289 2146 ι
313 2092 450 2173 negante
464 2085 497 2153 id
510 2087 694 2178 peregrino,
707 2088 762 2156 tali
775 2110 854 2156 casn
868 2087 927 2155 iste
940 2087 1064 2156 ratione
1074 2087 1124 2155 rei
1136 2088 1206 2156 sitm
1222 2085 1332 2156 iorum
1344 2107 1414 2154 non

273 2214 290 2252 ι
313 2191 487 2260 sortitur...
504 2193 598 2262 Ratio
622 2204 681 2282 est,
695 2194 772 2286 quia
793 2216 844 2263 res
866 2216 933 2263 non
956 2202 1105 2262 censetur
1128 2193 1258 2286 proprie
1280 2215 1349 2262 esse
1375 2193 1414 2260 in

271 2323 287 2360 c
312 2296 382 2366 loco
396 2321 454 2390 per
468 2323 566 2392 quem
585 2300 789 2371 solummodo
808 2302 934 2369 transit.
957 2300 1127 2392 Excipitur
1148 2301 1270 2392 duplex
1289 2323 1383 2368 cesus
1403 2327 1411 2366 :

274 2433 290 2468 ι
314 2406 440 2497 primus
465 2416 525 2496 est,
543 2408 571 2476 si
595 2431 646 2476 res
670 2408 798 2477 mobilis
827 2406 1052 2478 antecedenter
1071 2431 1089 2476 a
1108 2407 1178 2476 loco
1205 2429 1263 2498 per
1286 2407 1413 2475 lurtum

273 2538 290 2577 ι
312 2513 476 2582 subtracta
491 2515 553 2583 luit
571 2545 578 2582 :
597 2514 668 2584 haec
683 2515 771 2584 enim
792 2515 826 2582 in
848 2514 918 2584 loco
941 2513 1098 2584 transitus
1113 2513 1270 2582 vindicari
1292 2521 1413 2605 potest,

273 2647 289 2685 ιι
314 2643 379 2689 non
395 2629 461 2690 tem
476 2629 607 2713 propter
624 2622 754 2689 titulum
768 2621 814 2689 rei
827 2622 911 2707 sitm,
922 2643 1022 2712 quem
1036 2625 1159 2690 rutione
1174 2620 1293 2690 delicti.
1305 2620 1413 2706 Alter,

273 2753 290 2791 ι
313 2727 340 2794 si
360 2727 407 2795 rei
424 2749 588 2819 possessor
600 2726 640 2796 de
656 2725 736 2817 luge
750 2735 918 2819 suspectus
937 2727 992 2812 sit,
1010 2749 1068 2796 nec
1084 2726 1262 2796 immobilia
1277 2725 1413 2806 babeat;

274 2859 290 2897 ιι
315 2856 390 2902 nem
406 2858 444 2902 eo
457 2842 578 2904 eventu
593 2856 643 2902 res
658 2835 691 2902 iu
706 2834 775 2904 loco
790 2834 945 2903 transitus
958 2843 1044 2903 recte
1058 2841 1292 2926 sequestratur,
1310 2833 1415 2902 donec

274 2966 290 3004 ι
313 2963 411 3010 causa
432 2941 502 3010 baec
517 2966 536 3010 a
554 2940 663 3034 judice
688 2941 750 3010 Rei
765 2949 989 3033 cognoscetur.
1010 2941 1363 3033 slSchmelzgruebcr,
1379 2943 1415 3009 in

272 3049 323 3116 tit.
342 3053 373 3130 2,
391 3049 446 3117 lib.
466 3053 484 3116 2
501 3049 641 3137 Deerat,
655 3071 688 3118 n.
708 3050 774 3138 52.)

792 3359 889 3450 ew.

442 3563 478 3612 De
495 3562 671 3627 competentis
684 3562 801 3626 jndicem
818 3563 1010 3614 territoriulium
1027 3565 1128 3615 ratione
1145 3564 1240 3615 delicti.

318 3799 362 3868 Ut
387 3796 502 3866 delicte
526 3795 573 3863 ibi
593 3795 734 3866 coerceri
756 3805 787 3866 et
811 3797 922 3888 puniri
946 3797 1070 3890 possint
1095 3798 1152 3866 ubi
1177 3804 1303 3889 patrate
1323 3806 1417 3884 sunt,

274 3906 387 3975 suadet
402 3904 536 3973 omnino
555 3903 638 3974 ratio
652 3904 730 3972 boni
746 3904 867 3995 publici
887 3932 895 3973 ε
912 3914 983 3974 tum
1002 3905 1079 3996 quia
1093 3905 1128 3972 in
1143 3905 1214 3974 loco
1230 3905 1301 3998 ipso
1320 3929 1417 3974 com-

276 4013 367 4083 missi
392 4011 544 4081 fecinoris
565 4010 691 4080 facilius
710 4009 824 4080 haberi
848 4021 983 4104 possunt
1007 4013 1092 4082 circe
1111 4013 1231 4080 lactum
1256 4020 1287 4080 et
1307 4015 1418 4081 varies

275 4121 347 4213 ejus
362 4119 617 4188 circumstantias
639 4119 844 4210 probationes
862 4127 895 4188 et
917 4121 1123 4189 testimonia:
1144 4129 1214 4189 tum
1229 4120 1308 4211 quie
1322 4121 1416 4212 regio

274 4230 309 4300 in
332 4249 397 4318 qua
417 4234 578 4317 patratum
600 4226 723 4294 crimen
748 4232 808 4316 est,
824 4249 841 4295 c
860 4249 962 4318 pravo
980 4227 1036 4296 illo
1057 4227 1206 4320 exemplo
1232 4235 1413 4320 peteretur,
