3090 4964
568 475 642 522 rens
665 477 769 522 eorus.
1200 456 1241 520 75

107 596 196 665 elicui
209 597 256 664 rei
279 617 393 682 sacrae,
411 604 615 665 sacramento
637 617 755 687 nempe
782 596 983 664 matrimonii
1009 595 1136 664 adnexa
1152 596 1243 680 sit,o

107 703 252 772 Poutilice
277 702 462 772 declaratur
492 702 706 772 ecclesiastice
729 711 760 771 et
784 701 825 772 ad
850 702 961 772 lorum
990 703 1243 773 ecclesiasticum

105 810 271 902 pertinere.
287 808 447 880 eamdem
461 819 572 878 autem
586 810 745 880 natalium
759 833 905 897 cainam,
919 832 960 878 ex
974 809 1117 899 generali
1132 809 1243 880 Eccle-

106 917 158 984 siae
180 916 383 1006 legislatione
410 917 482 984 loro
516 917 730 986 ecclesiastico
755 916 933 1004 adcenseri,
959 916 1117 1008 probatur
1143 917 1242 986 etiam

105 1024 285 1115 plenissime
310 1048 352 1094 ex
380 1025 483 1118 capite
502 1028 607 1094 Later
629 1030 660 1108 b,
677 1025 764 1094 tituli
794 1026 860 1109 Qui
883 1026 948 1094 sint
975 1024 1245 1114 leqitimi17,li-

104 1132 150 1200 bri
167 1136 183 1200 t
200 1133 439 1220 Dccretalium;
456 1142 488 1202 et
502 1156 544 1202 ex
558 1134 660 1227 capite
680 1136 822 1204 Causam
840 1137 872 1217 t,
889 1132 1038 1222 ejusdem
1053 1133 1150 1202 tituli.

144 1240 356 1310 Prohibemus
371 1265 497 1334 quoque
518 1241 696 1310 districtim
708 1241 936 1332 potestatibus,
954 1239 1094 1310 dominis
1115 1253 1243 1331 ternpo-

103 1348 221 1416 rnlibus
235 1361 267 1417 et
281 1349 468 1432 rectoribus,
486 1349 736 1440 eorumdemque
749 1348 945 1439 officialibus
959 1371 1061 1439 supra
1077 1347 1183 1431 dictis,
1200 1372 1242 1418 ne

102 1456 161 1546 ipsi
174 1455 214 1524 de
228 1457 290 1524 boe
312 1457 447 1526 erimine
466 1457 526 1548 (l),
542 1479 618 1525 eum
642 1478 730 1524 mere
752 1455 794 1524 sit
816 1455 1075 1538 ecclesiasticum,
1094 1479 1242 1548 quoquo-

101 1562 193 1631 modo
208 1576 400 1654 coqnoscant
423 1564 475 1632 vel
487 1563 653 1654 judicent,
671 1562 737 1632 siue
760 1576 872 1654 captos
890 1585 957 1654 pro
973 1561 1084 1631 eodem
1105 1563 1242 1631 crimine

100 1671 216 1760 absque
241 1669 404 1738 dictarum
428 1671 667 1761 Episcoporum
689 1671 755 1738 sive
776 1669 1018 1760 inquisitorum,
1041 1681 1101 1738 cut
1125 1669 1242 1739 saltem

99 1778 233 1845 alterius
246 1776 434 1845 eorumdem
448 1777 579 1846 licentia
594 1777 647 1845 uel
658 1775 830 1856 mandato,
845 1797 866 1843 a
880 1798 1007 1843 carcere
1021 1775 1166 1858 liberent,
1182 1787 1242 1846 aut

99 1883 318 1952 cremationem
331 1884 394 1952 sibi
405 1907 468 1976 pro
481 1883 675 1976 hujusmodi
687 1883 823 1952 crimine
839 1905 859 1950 a
874 1882 1051 1952 dioeeesano
1066 1884 1118 1951 vel
1129 1884 1243 1975 inqui-

97 1991 250 2058 sitoribus
268 2014 323 2058 seu
345 1991 537 2082 inquisitore
558 1993 758 2083 injunctam,
771 2002 927 2081 prompte
944 1991 1056 2081 (prout
1079 1990 1125 2058 ad
1144 2013 1242 2059 suum

97 2111 220 2189 spectat
232 2099 389 2190 officium)
402 2102 509 2190 facere
522 2121 577 2168 seu
592 2098 772 2189 adimplere
786 2097 961 2166 detrectent
976 2098 1049 2165 :uel
1060 2097 1145 2166 alias
1160 2097 1242 2166 diee-

96 2226 288 2272 omanorum
304 2217 363 2272 aut
378 2203 608 2294 inquisitorum
623 2202 803 2294 judicium,
820 2201 1015 2270 sententium
1036 2225 1091 2270 seu
1111 2225 1242 2293 proces-

95 2333 179 2391 sum,
199 2309 320 2380 directe
333 2311 386 2379 vel
398 2309 553 2380 indirecte
567 2308 726 2401 impedire
737 2322 954 2399 praesumant.
973 2309 1015 2378 Si
1029 2309 1186 2400 quiscere
1203 2309 1242 2377 de

91 2417 261 2508 praedictis
285 2417 515 2509 potestatibus,
541 2417 681 2486 dominis
708 2415 952 2508 temporalibus,
980 2417 1167 2498 rectoribus,
1192 2417 1244 2485 vel

93 2547 209 2593 eorum
223 2525 418 2616 officialibus
429 2547 483 2594 seu
497 2526 625 2595 ballivis
638 2537 751 2593 cetura
760 2523 922 2615 praedicta
933 2525 1046 2615 fecerit
1112 2546 1242 2591 encom-

93 2631 330 2700 municationis
343 2655 376 2700 se
391 2633 516 2701 nocuit
540 2655 695 2700 mucrone
714 2653 906 2722 percussum
923 2658 934 2697 :
949 2653 1050 2722 quam
1065 2631 1165 2722 siper
1180 2654 1243 2698 an·

92 2761 177 2806 nam
190 2739 306 2808 animo
319 2740 509 2808 sustinuerit
527 2740 702 2832 pertinaci,
724 2761 764 2806 ee
784 2751 862 2806 tunc
875 2739 962 2806 uelut
978 2737 1147 2807 hereticus
1162 2760 1241 2806 con.-

92 2846 276 2914 demnetur.
291 2847 339 2914 lto
351 2845 538 2916 Bonifacius
551 2847 627 2916 Vlll
640 2845 754 2937 (capite
772 2848 814 2913 Ut
828 2844 1048 2936 inquisitionis
1062 2848 1093 2932 8,
1106 2844 1189 2912 tituli
1202 2842 1242 2913 de

92 2952 266 3022 Haereticis
282 2957 314 3039 2,
329 2953 405 3022 libri
424 2958 455 3042 5,
474 2953 507 3021 in
523 2952 568 3044 b).
586 2952 673 3042 Ergo
689 2975 746 3044 per
762 2951 941 3039 decretum,
957 2951 998 3020 ad
1015 2949 1237 3020 universalem

89 3057 248 3128 Ecclesia
267 3059 506 3149 legislationem
531 3067 562 3127 et
580 3057 789 3150 disciplinam
813 3059 993 3150 pertinens,
1009 3057 1150 3126 Ecclesia
1163 3065 1238 3124 tan-

89 3189 197 3257 quam
210 3189 252 3235 ex
260 3165 335 3257 jure
345 3166 478 3258 proprio
488 3165 529 3234 od
540 3188 572 3233 se
583 3165 779 3257 pertinentes
791 3165 853 3233 sibi
865 3166 1012 3234 attribuit
1022 3187 1135 3234 causes
1148 3165 1238 3234 fidei.

135 3273 194 3340 Ex
216 3273 323 3340 citetis
344 3272 572 3358 decretalibus,
588 3273 665 3340 satis
692 3281 779 3364 petet
800 3272 989 3360 Ecclesiam,
1012 3271 1158 3362 generali
1180 3294 1240 3340 sne

90 3379 207 3470 praxi,
221 3377 403 3468 disciplina,
415 3387 446 3448 et
457 3379 672 3468 legislatione,
685 3379 745 3447 sibi
762 3387 799 3447 ut
810 3379 957 3470 proprias
973 3379 1123 3448 tribuisse
1140 3379 1239 3471 spiri-

90 3486 201 3554 tuales
216 3507 330 3552 ceuses
347 3513 354 3554 :
372 3508 414 3554 ex
436 3486 596 3577 principio
609 3494 720 3554 eutem
736 3485 771 3552 in
787 3486 946 3578 superiori
965 3485 1068 3578 capite
1090 3486 1234 3570 firmato,

90 3615 275 3661 erroneum
287 3601 343 3660 aut
356 3592 516 3684 injustum
527 3615 596 3660 esse
610 3593 722 3684 nequit
736 3591 823 3682 quod
838 3613 876 3660 eo
891 3591 988 3661 modo
1001 3591 1062 3659 sibi
1076 3591 1241 3683 adjudicat

89 3699 242 3768 Ecclesia
254 3727 261 3778 ;
276 3721 354 3789 ergo
368 3698 554 3791 spirituales
566 3723 672 3768 causae
685 3700 850 3769 reversed
863 3698 973 3768 lorum
989 3689 1240 3768 ecclesiasticum

89 3805 274 3896 pertinent.
959 3793 961 3801 ’

134 3913 305 3982 Probatur
320 3913 469 3995 securrdo,
487 3937 528 3982 ex
542 3913 643 3982 altero
658 3935 675 3980 e
690 3921 830 4004 quatuor
845 3913 1013 4005 principiis
1030 3912 1240 4005 insuperiori

87 4021 202 4112 capite
219 4019 408 4110 premissis.
427 4019 478 4087 lbi
494 4041 612 4110 nempe
627 4018 839 4109 probavimus
853 4041 906 4088 ess
922 4040 1034 4087 causas
1049 4019 1120 4088 loro
1135 4019 1239 4087 eccle-

120 4267 159 4330 (t)
177 4241 277 4328 Nempe
291 4261 323 4313 de
336 4259 444 4314 crimine
457 4261 595 4327 hereseos,
605 4261 637 4313 de
650 4275 701 4328 quo
716 4275 802 4314 sermo
816 4265 854 4314 est
869 4263 896 4314 in
907 4265 961 4316 tote
974 4261 1022 4314 bec
1037 4261 1166 4316 decretali.
