3046 4968
258 406 317 470 106
626 434 799 479 concinnus
823 435 860 480 os
882 433 1014 480 runicus.

255 571 332 617 vero
348 551 508 635 seculari,
524 552 647 621 dietum
665 565 711 622 est
733 567 839 623 euntes
854 555 973 623 docete.
991 552 1142 642 Ecclesia
1163 574 1279 642 nempe
1295 549 1390 618 fuita

254 656 382 726 Christo
397 661 571 728 commissa
593 659 678 730 oura'
692 685 806 731 omnes
825 663 974 731 homines
994 659 1163 729 erudiendi
1186 658 1226 727 de
1242 667 1327 726 recta
1343 666 1391 725 te-

256 766 362 833 nenda
376 766 439 836 fide
455 777 485 835 et
501 769 665 859 sequenda
680 791 811 838 morum
830 770 953 860 regula.

300 871 383 940 Hinc
397 875 432 941 in
447 875 604 943 tradenda
619 875 764 945 doctrina
779 901 881 965 mora,
899 899 998 968 penes
1017 875 1264 944 ecclesiasticam
1277 881 1392 965 potes-
1506 921 1507 960 t

255 984 351 1046 tatem
368 982 503 1051 omnino
515 992 546 1050 et
557 985 720 1051 exclusive
733 984 892 1052 censenda
903 991 951 1052 est
963 982 1196 1073 magistrorum
1211 980 1391 1072 deputatio,

255 1086 415 1156 librorum
435 1089 693 1160 adhibendorum
717 1092 841 1180 electio,
859 1101 890 1160 et
910 1101 976 1162 tota
990 1090 1128 1180 denique
1144 1089 1394 1179 disciplinarum

255 1192 417 1282 ejusmodi
431 1195 590 1265 ordinatio
604 1205 699 1289 atque
721 1199 924 1288 gubernatio.

300 1299 1394 1398 Confirmaturconelusio,exeoqnodjusilludtanquamproprium

258 1408 318 1474 sibi
328 1408 468 1478 Ecclesia
479 1419 634 1501 perpetuo
644 1413 1140 1504 vindicaverit,prouttestantnr
1148 1407 1398 1500 quamplurima

259 1511 350 1582 Sedis
360 1516 553 1607 Apostolicae
569 1527 654 1604 acta;
667 1519 812 1610 equibus
824 1520 857 1586 in
874 1519 1021 1587 medium
1034 1517 1207 1585 dumtaxat
1220 1515 1398 1583 afferemus

260 1621 356 1690 breve
374 1623 515 1690 Gratum
531 1625 654 1693 aalma
676 1626 842 1694 Clemente
864 1625 942 1694 xiv
958 1625 998 1693 ad
1022 1622 1220 1692 Stanislaum
1249 1619 1396 1689 Poloniae
1507 1707 1508 1712 ἵ

259 1749 369 1816 regem
395 1729 567 1817 directum,
586 1735 624 1798 ts
648 1731 829 1800 decembris
851 1733 928 1799 anni
956 1735 1051 1799 1773.
1075 1729 1123 1797 lbi
1149 1750 1266 1819 nempe
1289 1727 1398 1795 dictus

260 1833 409 1903 Pontifex
426 1836 600 1926 praefatum
625 1838 774 1906 Ecclesia
793 1839 847 1930 jus
863 1839 908 1906 sic
924 1837 1105 1907 declarabat
1123 1843 1155 1902 et
1175 1833 1368 1902 defendebat
1386 1861 1395 1900 :

260 1941 348 2009 Illud
361 1943 421 2009 tibi
434 1945 646 2034 potissimum
667 1945 944 2036 prospiciendum,
962 1957 1000 2011 ut
1015 1965 1087 2034 pua
1097 1942 1273 2034 facultates
1286 1939 1332 2008 acl
1345 1963 1399 2007 re-

259 2046 389 2137 lipiom's
419 2049 575 2141 docmata
602 2075 640 2120 ac
662 2035 869 2144 bluciplinam
896 2055 1092 2141 referuntur,
1117 2071 1211 2116 sacra
1236 2047 1400 2115 ramirum

262 2155 424 2245 theoloqia
435 2169 467 2224 et
478 2159 748 2249 canonicumjus‚
761 2160 911 2228 Ecclesia
923 2157 1116 2226 auctoritati
1124 2155 1290 2224 subsint...
1304 2158 1402 2224 Pra-

262 2275 311 2330 ter
321 2265 494 2352 facultates
509 2267 569 2334 bas
583 2266 676 2348 duas,
695 2279 812 2344 catera
827 2267 939 2346 etiam,
956 2289 1012 2333 seu
1029 2264 1170 2356 priuatis
1185 2285 1240 2330 seu
1256 2261 1402 2354 publicis

264 2368 299 2435 in
319 2370 444 2452 sclicla,
461 2371 570 2440 studia
591 2374 737 2464 subjecta
758 2397 821 2442 esse
847 2374 1083 2464 Episcopomm
1106 2392 1192 2438 cura
1216 2367 1339 2449 debent,
1359 2369 1403 2436 iis

264 2477 412 2546 omnibus
424 2478 458 2546 io
470 2479 573 2562 rebus,
586 2503 659 2572 qua
670 2480 717 2548 od
723 2481 912 2571 relipionem
925 2501 1090 2570 moresque
1100 2477 1287 2568 pertinent;
1298 2499 1405 2568 neque
1508 2486 1509 2522 l

264 2586 422 2674 mapistro
437 2586 591 2677 cuiquam
610 2586 747 2656 docendi
759 2600 905 2679 potestas
918 2587 1003 2678 fieri,
1022 2585 1101 2676 quin
1116 2584 1211 2674 prius
1223 2582 1304 2674 fidei
1313 2606 1405 2674 pro·

262 2692 432 2779 sessionem
447 2693 480 2760 in
495 2716 613 2761 manus
629 2693 800 2762 Ordinarii
821 2694 873 2761 sui
894 2693 1046 2772 emiserit,
1062 2713 1134 2782 quse
1149 2689 1324 2780 quotannis
1339 2690 1406 2756 erit
1508 2693 1509 2752 f

145 2855 148 2863 .
265 2799 465 2880 renouando,
483 2811 520 2866 ut
539 2799 624 2868 sacri
648 2821 794 2880 conones,
811 2821 850 2866 oe
866 2799 937 2890 ipsa
952 2797 1052 2864 etiam
1077 2793 1259 2886 qenaatim
1274 2807 1407 2885 recepta
1508 2819 1509 2822 ¹

267 2904 353 2972 inter
371 2905 545 2974 catholicos
569 2905 764 2974 cousuetudo
789 2905 1017 2996 praescribunt.
1043 2902 1212 2994 (Epistola
1238 2914 1269 2968 et
1293 2901 1408 2968 breuia

270 3009 441 3079 Clementis
464 3015 552 3094 XIV,
571 3012 612 3079 ab
636 3012 823 3101 Augustino
846 3011 987 3079 Tbeiner
1013 3009 1110 3098 edita,
1128 3032 1203 3100 pag.
1228 3013 1305 3094 275,
1322 3009 1405 3077 edit.

267 3117 398 3186 Parisiis
415 3121 525 3209 1852.)

312 3224 495 3295 Paorosmo
509 3227 579 3295 111².
596 3265 640 3278 -
655 3229 745 3318 Erpa
768 3227 879 3318 aequit
900 3225 1064 3294 secularis
1083 3236 1228 3315 potestas
1248 3222 1409 3314 indepen-

269 3331 436 3399 electorali
455 3334 609 3414 Ecclesia,
623 3334 797 3424 facultates
811 3357 931 3413 sacras,
949 3345 1008 3400 aut
1028 3331 1250 3399 universitates
1275 3330 1310 3398 in
1330 3331 1412 3421 qui-

273 3442 330 3509 bus
348 3441 522 3530 focrtltates
545 3462 645 3508 sacras
667 3439 997 3531 comprehendantur,
1016 3438 1184 3506 instituere
1204 3450 1264 3505 aut
1283 3459 1410 3527 repere.

272 3588 316 3601 -
339 3547 493 3639 Sequitur
511 3571 553 3615 ex
574 3548 768 3637 praecedenti
795 3547 1014 3640 propositione
1040 3549 1097 3613 :si
1125 3545 1214 3613 enim
1242 3544 1415 3613 tradendae

270 3654 425 3724 doctrinae
442 3678 542 3723 sacrae
558 3656 638 3724 ratio
654 3662 720 3723 tota
733 3655 896 3722 exclusive
912 3653 953 3720 ab
970 3652 1181 3721 ecclesiastica
1194 3651 1331 3742 pendeat
1345 3674 1417 3742 po-

274 3769 397 3848 testate,
410 3763 556 3854 nequibit
569 3759 734 3829 secularis
747 3761 896 3852 princeps
915 3760 1041 3828 scholas
1055 3757 1224 3826 instituere
1237 3763 1269 3824 et
1283 3779 1417 3847 regere,

272 3871 306 3936 in
322 3870 442 3960 quibus
457 3892 548 3938 sacra
562 3866 708 3936 doctrina
722 3866 869 3935 tradatur
886 3895 893 3934 ε
911 3888 1009 3958 porro
1024 3866 1190 3934 facultates
1206 3885 1319 3950 morae,
1335 3887 1419 3934 nec-

275 3999 340 4045 non
357 3977 581 4045 universitates
597 3975 714 4066 (posito
728 3975 815 4065 quod
830 3995 916 4042 verae
929 3973 1155 4042 universitates
1170 3971 1247 4055 sint,
1261 3993 1298 4037 ac
1317 3971 1421 4061 proin

275 4083 441 4152 facultates
456 4083 554 4150 etiam
577 4102 683 4149 sacras
707 4081 986 4171 complectantur),
1004 4088 1081 4147 sunt
1101 4078 1219 4147 scholae
1237 4077 1270 4144 in
1293 4077 1422 4168 quibus

276 4190 422 4260 doctrina
436 4210 526 4257 sacra
545 4187 693 4256 traditur.
