3046 4968
319 486 379 550 112
685 503 860 554 raacrsnus
883 507 921 552 na
942 505 1073 554 runicus.

311 627 495 718 prasertim
507 625 541 694 in
555 625 595 694 iis
605 626 703 694 rebus
717 642 755 696 ac
771 627 947 719 disciplinis
961 651 1035 721 qum
1052 651 1128 696 cnm
1145 628 1311 718 religionis
1322 651 1360 696 ac
1375 629 1450 698 fidei

315 734 468 803 institutis
482 734 588 823 magis
603 755 697 802 nexae
712 744 798 803 sunt..
1264 807 1268 818 ,

358 841 539 910 Pnonosmo
559 839 631 908 Vn.
649 879 694 892 -
707 841 888 910 'Litterare'a
909 843 1009 910 ctiam
1024 865 1063 911 ac
1074 844 1250 934 scientifica
1264 845 1453 935 juventutis

315 948 476 1016 institutio
515 947 721 1038 aliquatenus
760 949 910 1018 Ecclesiae
952 951 1145 1018 auctoritati
1180 950 1303 1018 subesse
1341 949 1454 1034 debet;

315 1069 477 1147 quantum
490 1075 606 1144 nempe
618 1055 697 1122 satis
711 1068 767 1138 est,
784 1069 821 1123 ut
835 1057 871 1124 in
894 1069 964 1125 tuto
986 1057 1029 1124 sit
1048 1057 1199 1146 religiosa
1224 1057 1369 1149 ejusdem
1387 1061 1454 1149 ju-

314 1163 455 1232 ventutis
468 1161 671 1252 informatio.
687 1161 783 1229 -Et
802 1165 833 1228 1ο
847 1161 982 1253 quidem
998 1186 1049 1231 res
1064 1163 1155 1232 facile
1169 1163 1330 1232 evincitur
1342 1166 1454 1256 quoad

315 1269 505 1340 litterariam
525 1267 685 1359 juvenum
705 1269 944 1338 institutionem
963 1297 970 1337 :
989 1271 1073 1338 Nam
1089 1269 1162 1338 lieet
1182 1271 1336 1339 litteraria
1350 1271 1456 1340 disci-

314 1377 415 1468 plina,
431 1392 450 1442 a
464 1373 615 1466 religiosa
628 1395 703 1442 vere
718 1374 846 1442 diversa
863 1374 915 1461 sit,
933 1374 1050 1466 prioris
1076 1384 1183 1443 aman
1203 1374 1333 1444 traditio
1348 1399 1368 1442 a
1382 1384 1456 1442 tra-

314 1483 421 1553 denda
436 1481 612 1573 posteriore
625 1481 811 1551 abstrahere
826 1492 857 1550 et
872 1483 1033 1552 abstinere
1048 1483 1175 1573 nequit;
1194 1482 1250 1551 scd
1264 1483 1321 1573 qui
1332 1482 1457 1574 juven-

314 1591 376 1660 tuti
392 1590 514 1657 litteras
528 1587 638 1675 tradit,
648 1588 709 1657 boc
721 1588 791 1680 ipso
807 1590 841 1656 in
853 1590 955 1682 ipsius
969 1589 1160 1679 religionem
1175 1599 1207 1656 et
1220 1612 1327 1658 mores
1342 1613 1458 1658 neces·

315 1697 400 1766 sario
416 1695 523 1764 influit
540 1722 547 1762 :
566 1694 654 1787 quod
673 1695 766 1764 facile
782 1695 903 1786 patebit
917 1695 944 1762 si
960 1694 1179 1786 perpendatur
1192 1703 1265 1764 tum
1287 1695 1456 1786 objectum

314 1805 423 1895 ipsum
449 1801 545 1871 dicta
568 1803 734 1870 litteraria
759 1801 953 1892 disciplinae,
977 1811 1048 1870 tum
1075 1801 1222 1893 ejusdem
1245 1825 1264 1870 a
1287 1804 1459 1892 magistris

199 1947 201 1954 ·
313 1910 489 1980 tractandae
516 1909 699 1978 methodus.
727 1909 778 1976 Ad
803 1907 975 1978 tradendas
994 1909 1114 1976 scilieet
1133 1908 1310 2000 juvenibus
1328 1909 1458 1978 litteras

313 2017 456 2112 ponendi
469 2023 544 2085 sunt
558 2039 626 2108 prae
642 2037 757 2084 eorum
774 2015 926 2084 manibus
939 2015 1014 2083 libri
1027 2041 1034 2082 ε
1049 2024 1192 2084 oratores
1207 2039 1336 2108 nempe,
1349 2015 1459 2085 bisto—

315 2125 386 2212 rici,
397 2131 500 2217 poetae
513 2133 544 2191 et
557 2121 757 2214 hujusmodi.
773 2121 942 2190 Tradenda
952 2123 1104 2213 exempla
1114 2130 1146 2191 et
1158 2124 1340 2209 sentcntiae3
1356 2147 1459 2192 cum-

314 2254 378 2324 que
393 2231 502 2300 latinae
518 2229 700 2321 pracsertim
714 2239 746 2296 et
761 2251 879 2319 graecae
894 2229 1019 2318 lingua
1036 2229 1151 2320 peritia
1166 2229 1207 2297 ad
1223 2230 1255 2296 id
1270 2232 1459 2322 praereqni-
1511 2301 1512 2308 χ

314 2349 418 2427 ratur,
427 2335 602 2406 inducendi
612 2336 750 2427 juvenes
761 2337 881 2404 suntin
892 2337 1087 2405 litterarium
1102 2336 1271 2428 utriusque
1286 2335 1460 2406 idiomatis
1511 2415 1512 2420 ἵ

316 2445 590 2540 promptuarium,
608 2465 812 2535 paganorum
832 2444 958 2534 scriptis
979 2444 1143 2535 praecipue
1159 2443 1328 2512 refertum.
1346 2445 1460 2513 Porro

314 2553 476 2648 ejusmodi
489 2550 669 2643 quotidiani
685 2574 743 2643 per
759 2550 880 2619 multos
894 2572 996 2623 annos
1011 2550 1110 2618 studii
1125 2551 1301 2642 objectum,
1316 2551 1460 2641 religio—

315 2685 391 2732 nem
407 2669 439 2730 et
453 2681 585 2728 morum
600 2660 801 2727 sanctitatem
819 2656 1027 2725 vehementer
1041 2657 1171 2747 attingit
1184 2684 1191 2724 ε
1204 2658 1348 2744 historia,
1361 2661 1461 2727 verbi

314 2768 511 2859 gratia,sive
524 2766 647 2856 abipso
661 2765 840 2856 professore
856 2763 1015 2850 tradatur,
1026 2764 1095 2832 sive
1107 2787 1124 2832 e
1136 2764 1229 2832 libris
1245 2765 1460 2854 desumatur,

315 2875 494 2944 necessario
504 2873 577 2959 erit,
588 2873 640 2940 vel
653 2893 727 2940 cum
743 2871 896 2961 dogmate
907 2871 1064 2940 catholico
1076 2871 1285 2958 concordans,
1295 2871 1348 2939 vel
1362 2872 1460 2940 idem

315 2986 435 3073 dogma
450 2981 641 3050 subvertens
649 3005 659 3066 ;
676 2979 773 3070 idque
786 2987 932 3048 occurret
944 2977 1101 3069 qnotidie,
1119 3001 1185 3047 non
1200 2987 1329 3046 tantum
1344 2980 1463 3070 quoad
1510 2971 1511 3060 ᾗ

312 3091 473 3163 laetorum
488 3086 715 3155 historicorum
730 3086 913 3174 veritatem,
930 3083 987 3153 sed
1007 3084 1114 3176 quoad
1134 3083 1272 3154 modum
1295 3087 1397 3154 etiam
1415 3087 1463 3155 dc

314 3198 412 3287 gestis
427 3205 458 3264 et
472 3194 617 3286 personis
632 3195 800 3263 variorum
816 3200 1002 3284 temporum
1018 3192 1177 3260 sentiendi
1191 3200 1222 3259 et
1237 3191 1460 3283 dijudicandi.

314 3305 396 3372 Item
411 3301 526 3393 poetici
536 3301 611 3368 libri
617 3301 793 3391 juvenibus
803 3299 925 3387 traditi,
938 3301 1103 3368 sententiis
1115 3299 1296 3368 doctrinam
1305 3299 1462 3391 aliquam

315 3408 511 3494 recondunt;
526 3407 659 3497 poeticis
668 3430 745 3476 vero
755 3407 955 3474 ornamentis
966 3415 997 3474 et
1008 3406 1144 3493 artibus,
1156 3428 1263 3473 mores
1272 3407 1463 3498 attingunt,

315 3520 383 3586 sive
400 3517 532 3583 honesta
554 3515 622 3583 sive
645 3537 745 3605 prava
766 3513 995 3604 imaginationi
1019 3522 1051 3581 et
1073 3513 1277 3605 passionibus
1297 3513 1468 3584 alimenta
1509 3583 1510 3612 ,

315 3623 499 3717 prebeant:
514 3631 610 3712 atque
625 3622 695 3712 ipsa
710 3621 749 3688 de
763 3621 852 3712 poesi
869 3629 1043 3711 praccepta,
1056 3622 1119 3688 alia
1130 3621 1279 3710 religioni
1295 3619 1467 3691 ancillan—
1509 3615 1510 3675 l

316 3735 372 3819 tia,
382 3730 444 3798 alia
459 3729 567 3797 cidem
580 3727 716 3795 adversa
731 3751 800 3796 esse
816 3738 962 3819 possunt.
977 3725 1066 3796 ldem
1079 3729 1204 3798 dicatur
1216 3727 1256 3795 dc
1270 3729 1470 3800 oratoribus

317 3849 423 3908 etarte
436 3837 613 3915 rhetorica3
626 3837 693 3904 imo
704 3845 736 3904 et
747 3837 786 3904 de
801 3843 967 3930 praeeunte
978 3837 1208 3926 grammatices
1219 3847 1251 3903 et
1261 3836 1467 3926 linguarum

317 3946 435 4016 studio.
457 3943 551 4012 Unde
566 3941 628 4010 tale
643 3953 690 4010 cst
704 3965 746 4010 ex
762 3953 877 4011 natura
891 3966 950 4012 sua
963 3942 1146 4035 disciplinae
1160 3943 1325 4012 litterariae
1344 3944 1471 4034 objec-

318 4069 401 4134 tum,
417 4059 454 4120 ut
468 4049 645 4120 necessario
664 4049 699 4116 in
713 4050 904 4140 religionem
921 4073 1119 4142 morumque
1134 4052 1383 4119 sanctimoniam
1402 4055 1470 4123 in·
1508 4077 1509 4142 p

317 4163 409 4240 ssuut;
427 4182 486 4226 nec
501 4159 601 4249 possit
615 4158 692 4246 ulla,
707 4159 813 4248 quoad
828 4159 1032 4250 religionem,
1046 4170 1077 4227 et
1092 4159 1193 4227 finem
1209 4159 1360 4228 Ecclesiae
1376 4185 1472 4251 pro·

316 4267 426 4360 prium
436 4263 644 4348 indifferenti,
653 4263 832 4332 litteratura
838 4265 1219 4355 juventusincbni.Quod
1228 4269 1333 4356 magis
1344 4271 1472 4344 adhuc
1508 4264 1509 4287 ¹
