3046 4968
295 475 334 538 96
668 491 842 540 ruacrirus
865 493 903 540 nr
925 493 1057 542 runicus.

294 616 402 701 tinrct;
421 614 478 708 qui
493 622 598 683 tamen
615 638 721 703 casus,
738 617 833 684 etiam
857 617 963 708 quoad
985 619 1120 708 Papam,
1137 615 1206 686 dari
1229 624 1342 709 potest,
1360 641 1439 686 cum

294 723 328 790 in
344 725 449 807 causis
469 723 719 814 particularibus
737 725 935 816 judicialiter
950 725 1173 817 expediendis,
1191 749 1298 817 neque
1312 725 1440 794 infalli-

292 829 367 898 bilis
381 853 485 922 neque
500 831 716 922 impeccabilis
729 833 780 899 sit.
798 871 841 884 —
858 833 1051 924 Respondeo
1065 835 1189 925 primo,
1204 857 1314 902 casum
1331 833 1440 900 raris-

293 938 373 1005 sime
398 946 606 1023 eventurum,
624 947 660 1006 ut
683 938 761 1006 satis
785 947 880 1032 patet.
908 941 1070 1020 Secundo,
1087 941 1270 1010 adoctrina
1291 939 1441 1031 opposita

293 1067 358 1112 non
375 1044 445 1112 tolli
468 1045 712 1130 inconvenieus,
728 1046 784 1113 sed
810 1047 1031 1138 multiplicari.
1051 1049 1170 1129 Tertio,
1188 1069 1280 1138 posse
1300 1045 1439 1114 catholi-

293 1176 348 1221 cos
363 1152 525 1244 principes
540 1174 614 1219 cunr
635 1149 745 1220 debita
766 1155 947 1222 reverentia
969 1155 1153 1224 Romanum
1171 1154 1360 1222 Pontificem
1377 1151 1440 1220 ad-

294 1279 425 1328 monere
441 1267 472 1326 et
489 1257 668 1350 deprecari,
685 1267 733 1346 ut,
749 1260 837 1350 quod
861 1261 940 1351 ipsis
956 1261 1087 1330 videtur
1103 1261 1224 1353 injuste
1239 1260 1437 1352 judicatum,

292 1365 445 1456 dignetur
471 1363 511 1432 ad
537 1388 673 1433 examen
703 1387 853 1434 revocare
881 1376 913 1435 et
938 1369 1119 1457 corrigere;
1148 1367 1247 1459 quod,
1272 1367 1440 1435 ordinarie

293 1472 419 1557 saltem,
439 1472 533 1563 plene
556 1471 720 1540 sufficiens
743 1474 922 1542 remedium
944 1476 1016 1544 crit.
1039 1478 1178 1558 Quarto,
1195 1475 1222 1541 si
1240 1473 1371 1566 quando
1388 1482 1440 1540 ta-

291 1601 365 1648 men
397 1601 490 1646 casus
510 1578 563 1645 ille
584 1578 697 1670 injusti
724 1581 848 1672 papalis
869 1580 984 1671 judicii
1013 1590 1172 1668 occurrat,
1202 1580 1437 1650 inconveniens

291 1710 360 1756 esse
390 1686 547 1778 patienter
577 1685 762 1772 terendum,
794 1696 904 1777 utpote
933 1689 985 1756 cui
1015 1690 1105 1758 nullo
1134 1685 1286 1758 remedie
1306 1687 1436 1755 obviari

293 1793 432 1884 possein
449 1792 509 1861 hoc
524 1792 647 1861 mundo
662 1793 765 1861 voluit
786 1794 883 1862 Deus.
902 1795 991 1863 Parti
1007 1805 1115 1864 eutem
1132 1817 1295 1887 oppressae
1309 1794 1438 1885 petien-

168 1933 171 1944 ‚
293 1900 337 1966 tie
364 1897 550 1990 hujusmodi
577 1899 701 1989 majora
725 1898 810 1967 bone
830 1901 972 1970 conferet
998 1926 1096 1993 quam
1122 1903 1149 1970 si
1175 1925 1271 1972 causa
1293 1901 1436 1969 vicisset.
1507 1941 1508 1950 κ

283 2007 429 2091 Quinto,
447 2014 602 2073 caeterum
629 2005 663 2072 id
687 2029 859 2075 commune
885 2031 953 2077 esse
980 2009 1112 2078 cuilibet
1137 2031 1298 2101 supremae
1319 2009 1353 2076 in
1374 2032 1437 2076 suo

291 2135 409 2203 genere
433 2111 584 2179 bumanae
608 2113 770 2202 potestati,
791 2136 866 2204 qum
891 2137 1018 2206 semper
1037 2115 1182 2184 lallibilis
1205 2124 1238 2182 et
1261 2115 1437 2208 peccabilis

217 2213 219 2222 ’
291 2227 447 2306 remanet,
465 2227 497 2286 et
518 2218 611 2309 cujus
630 2227 738 2288 tamen
752 2218 874 2310 judicia
896 2245 916 2288 a
935 2223 1101 2313 superiore
1115 2223 1238 2312 corrigi
1254 2229 1434 2314 nequeunt,
1507 2227 1508 2292 l

291 2349 366 2395 curn
382 2348 423 2394 ex
442 2323 613 2416 hypothesi
636 2326 836 2415 superiorem
857 2327 891 2394 in
915 2330 1009 2396 terris
1033 2352 1099 2397 non
1116 2329 1241 2397 babeat.
1259 2328 1353 2398 Unde
1369 2327 1435 2394 Ec·

291 2435 399 2522 clesia,
417 2456 482 2502 nou
502 2432 657 2524 quelibet
682 2433 802 2522 injusta
820 2433 943 2524 judicia
962 2459 1124 2527 supremae
1146 2434 1311 2504 secularis
1325 2443 1435 2525 potes·

290 2545 364 2612 tatis
377 2541 523 2630 corrigit,
540 2540 594 2607 sed
615 2541 747 2632 quando
769 2548 894 2608 tantum
910 2541 943 2626 id
959 2543 1097 2634 requirit
1117 2544 1240 2612 bonnm
1264 2542 1434 2633 spirituale

290 2649 456 2727 fidelium;
475 2649 509 2715 in
524 2647 647 2714 caeteris
667 2655 791 2738 partem
814 2671 1001 2739 oppressam
1021 2648 1061 2717 ad
1086 2650 1244 2740 patienter
1259 2648 1433 2716 ferendum
1507 2641 1508 2692 l

290 2757 477 2826 exhortans.
494 2753 589 2822 Unde
604 2753 712 2820 inanis
727 2776 860 2843 prorsus
876 2765 924 2822 est
940 2757 1088 2846 objectio.
1507 2707 1508 2798 l

338 2862 476 2954 Odjicics
491 2865 535 2927 2⁰.
552 2859 698 2950 AEquum
716 2861 844 2927 videtur
860 2869 906 2947 ut,
925 2863 1008 2929 sicut
1030 2873 1132 2953 potest
1146 2863 1235 2954 Papa
1250 2863 1353 2954 judici
1367 2886 1434 2930 sae·

289 2971 391 3040 culari
406 2968 557 3061 supplere
578 2967 611 3033 in
636 2969 741 3034 causis
757 2967 988 3058 temporalibus
1012 2968 1143 3059 quando
1164 2969 1197 3038 id
1221 2971 1357 3061 requirit
1373 2971 1433 3038 bo·
1507 2945 1508 3040 i

290 3102 371 3147 num
397 3075 564 3168 spirituale
594 3074 752 3160 fidelium,
779 3075 823 3142 ite
851 3076 951 3164 possit
976 3078 1126 3168 princeps
1152 3077 1303 3168 supplere
1328 3077 1434 3168 Judici
1507 3051 1508 3146 i

289 3183 502 3252 ecclesiastico
529 3183 562 3248 in
592 3182 697 3249 causis
728 3181 958 3269 ecclesiasticis,
986 3183 1116 3274 quando
1146 3184 1179 3251 id
1210 3184 1348 3274 requirit
1373 3185 1433 3252 bo·

290 3313 371 3360 uum
391 3288 564 3380 temporale
586 3287 790 3356 subditorum
814 3288 947 3356 civium.
966 3327 1009 3340 -
1025 3289 1217 3381 Respondeo
1242 3290 1275 3358 id
1298 3290 1432 3383 quidem
1507 3297 1508 3302 ’

289 3419 420 3489 aequum
436 3395 504 3463 iore
526 3394 553 3460 si
569 3402 682 3461 neutra
699 3405 838 3484 potestas
861 3394 953 3463 alteri
978 3396 1259 3483 subordinaretur,
1279 3405 1311 3463 et
1324 3404 1434 3488 posset

288 3516 440 3594 utraque,
456 3502 542 3592 quod
559 3523 655 3567 sunm
676 3499 773 3567 finem
799 3501 909 3591 aliquo
934 3501 1029 3572 modo
1055 3505 1171 3592 tangit,
1189 3505 1259 3596 pari
1281 3504 1356 3595 jure
1370 3505 1433 3572 sibi

287 3608 501 3704 judicandum
526 3607 689 3675 vindicare
713 3618 745 3675 et
771 3609 906 3676 definire
933 3636 940 3675 :
967 3620 999 3676 at
1020 3619 1096 3677 tunc
1124 3611 1210 3678 Deus
1237 3620 1431 3702 perpetuum

289 3721 325 3787 in
351 3717 472 3786 mundo
502 3711 781 3782 Manichaeisururn
816 3724 1036 3806 aeteruarnque
1057 3739 1202 3806 pugnam
1226 3718 1429 3786 instituisset.

289 3825 360 3893 lmo
375 3825 442 3892 haec
466 3831 602 3911 utraque
624 3828 762 3910 potestas
778 3821 860 3888 nulli
878 3823 1024 3912 potestati
1047 3823 1269 3914 aequivaleret,
1286 3848 1361 3893 cnm
1379 3849 1435 3894 ea-

292 3931 364 3998 dem
386 3951 483 3998 causa
500 3937 702 4017 supponatur
723 3928 893 4018 utriusque
916 3931 1012 3996 finem
1040 3931 1209 4020 proprium
1230 3941 1380 4021 tangens,
1398 3957 1436 4002 ec

293 4036 428 4128 proinde
447 4033 486 4101 ad
505 4033 675 4122 utriusque
701 4032 807 4100 lorum
831 4033 1007 4122 pertinens,
1024 4056 1061 4100 ac
1080 4035 1215 4124 proinde
1238 4046 1378 4126 nequeat
1394 4039 1436 4105 ab

292 4145 392 4212 altera
415 4148 570 4231 potestate
593 4139 662 4206 sine
678 4139 798 4228 injuria
823 4139 956 4207 alterius
980 4139 1100 4207 dirimi.
1119 4140 1222 4210 Porro
1244 4165 1310 4210 uon
1338 4167 1435 4234 posse

287 4249 434 4346 judicare
448 4269 577 4316 caumas
595 4247 664 4314 sine
685 4246 806 4336 injuria
827 4246 959 4314 alterius
976 4246 1223 4336 jurisdictionis,
1239 4259 1287 4317 est
1303 4253 1431 4343 simpli·
1507 4325 1508 4342 ,
