3030 4980
311 453 373 521 tce
683 477 857 526 reimarus
879 479 918 524 nr
939 477 1072 526 sumum.

310 603 371 664 tate
390 595 566 686 pontificia,
584 596 619 664 id
636 605 695 683 est,
719 619 740 667 a
764 599 863 668 Sacra
878 599 1136 690 Congregaticne
1156 602 1388 694 Episcoporum
1407 611 1434 670 et

307 702 523 792 regularium,
541 703 592 772 vel
607 703 755 791 Consilii,
778 715 865 775 certo
880 707 1055 797 possidebit
1068 707 1190 778 Vinarii
1206 710 1369 798 generalis
1383 710 1434 800 ju-

307 808 546 896 risdictionem
572 831 679 902 neque
706 811 782 880 nlla
809 813 999 882 exorientur
1027 813 1233 886 difficultates
1257 825 1314 886 ant
1344 816 1433 886 dubi-

306 915 452 988 udones.

822 1111 922 1203 5111.

304 1281 343 1330 An
357 1279 504 1332 necessario
521 1279 548 1331 in
563 1293 716 1346 unaquaque
732 1281 839 1334 dioecesi
858 1283 1054 1335 constituendus
1071 1283 1103 1335 ab
1123 1283 1252 1348 Episcopo
1270 1283 1303 1335 eit
1323 1284 1434 1334 Viennae

803 1362 939 1428 generalis.

351 1562 380 1626 1.
405 1557 539 1628 Certum
563 1563 611 1627 est
629 1553 776 1630 doctores
796 1562 831 1628 in
855 1561 916 1631 hoc
935 1583 1001 1630 non
1023 1561 1234 1648 concordam
1262 1571 1360 1654 prout
1380 1562 1433 1632 ad·

304 1673 391 1733 notat
409 1666 588 1734 Laurenius
607 1665 657 1756 (dc
678 1665 812 1734 Vieoriis
827 1668 952 1757 Epire,
970 1690 1040 1758 cap.
1064 1672 1095 1753 1,
1121 1691 1154 1758 q.
1173 1667 1242 1756 27).
1267 1668 1335 1736 Alii
1350 1667 1432 1736 enim

302 1773 444 1840 sentiunt
463 1795 529 1840 non
548 1773 648 1840 teneri
666 1772 877 1863 Episcopum,
898 1772 1042 1842 absolute
1063 1773 1239 1864 loquendo,
1258 1773 1322 1842 sibi
1337 1773 1432 1842 Vica-

304 1881 390 1948 rium
417 1879 600 1970 generalem
629 1880 834 1950 constituere.
862 1882 931 1950 Alii
958 1882 1073 1950 volunt
1101 1904 1179 1950 enm
1203 1881 1243 1949 ad
1273 1880 1307 1948 id
1338 1881 1433 1950 teneri

304 1987 401 2054 etiam
429 1997 520 2056 extre
544 2010 656 2055 casum
679 1987 885 2057 necessitatis.
909 1989 977 2056 Alii
999 1987 1131 2056 tandem
1154 1987 1365 2075 distinguunt
1388 1988 1433 2054 in-

304 2102 353 2162 ter
371 2117 481 2162 casum
501 2117 567 2184 quo
585 2093 761 2184 Episcopus
781 2095 954 2164 commode
971 2103 1074 2185 potest
1089 2117 1147 2186 per
1166 2093 1310 2185 seipsam
1327 2095 1433 2164 omnia
1493 2175 1494 2188 χ

304 2202 476 2271 dioeceseos
504 2201 633 2292 negotia
662 2201 826 2292 expedire,
856 2212 889 2270 et
914 2225 1027 2270 casum
1056 2223 1121 2292 quo
1151 2201 1185 2269 id
1211 2202 1340 2293 nequit,
1372 2203 1433 2272 sire
1493 2221 1494 2228 ’

303 2307 390 2400 quod
415 2309 494 2376 satis
521 2308 644 2399 peritus
667 2307 736 2397 ipse
762 2331 827 2377 non
856 2308 909 2395 sit,
938 2308 1006 2376 sive
1034 2307 1076 2376 ob
1105 2307 1254 2376 dicecesis
1282 2307 1432 2399 amplitu—

304 2414 427 2498 dinem,
449 2414 696 2503 negotiorumve
716 2412 837 2482 molem
860 2440 868 2480 ε
888 2421 919 2480 ei
938 2413 972 2481 in
991 2413 1160 2504 posteriori
1182 2411 1356 2504 hypothesi
1379 2414 1432 2482 de-

302 2521 378 2591 bere
404 2521 446 2588 ab
469 2520 627 2611 Episcopo
650 2519 802 2588 constitui
826 2520 997 2592 vicarium
1016 2519 1213 2608 generalem,
1238 2542 1307 2588 non
1327 2529 1430 2590 auem

301 2629 336 2696 in
365 2627 467 2720 priori
496 2625 665 2694 sustinent.
700 2625 850 2707 Quorum
882 2626 1123 2694 canonistarum
1155 2628 1430 2696 enumerationem

301 2735 376 2802 vide
399 2734 486 2824 apud
508 2732 720 2816 Lsurenium,
745 2733 840 2800 citato
861 2731 942 2802 loco.
969 2733 1177 2802 Reocnliores
1195 2741 1319 2812 auum,
1342 2740 1432 2824 prout

302 2840 512 2910 Reiffcnslncl
540 2839 586 2930 (in
610 2838 667 2907 lib.
697 2843 710 2904 1
738 2839 878 2925 liceret„
908 2840 955 2909 tit.
984 2844 1039 2926 28,
1067 2863 1099 2908 n.
1130 2840 1183 2929 bb)
1211 2849 1244 2907 et
1269 2839 1431 2908 Ferrarius

304 2949 356 3040 (ad
370 2969 483 3017 vocem
506 2945 649 3014 Viccrius
663 2947 834 3036 poneretis,
850 2954 912 3014 art.
934 2950 964 3030 l,
986 2969 1020 3012 n.
1039 2947 1083 3034 4),
1101 2947 1229 3014 tertiam
1244 2947 1430 3016 sententiam

300 3055 510 3125 communius
532 3054 631 3121 secuti
649 3061 735 3122 sunt.
761 3053 843 3122 licta
862 3062 973 3125 eutem
993 3052 1111 3144 primae
1126 3063 1311 3124 constanter
1323 3054 1432 3122 adhe-

300 3163 341 3232 sit
359 3162 446 3254 (vide
461 3162 533 3252 ejus
550 3158 591 3228 de
611 3160 670 3229 hec
688 3183 724 3229 ra
743 3159 920 3230 decisiones
939 3161 1026 3252 apud
1046 3161 1234 3230 Ferrarium
1252 3160 1324 3230 loco
1343 3163 1430 3230 citato

300 3270 480 3357 indicetne).
507 3268 668 3336 Putarunt
692 3289 810 3358 nempe
832 3267 931 3359 hujus
959 3267 1130 3338 tribunalis
1157 3278 1324 3338 emunctae
1349 3270 1430 3337 neris

298 3379 374 3463 viri,
390 3375 472 3444 duas
491 3374 571 3442 alias
589 3375 763 3446 enuntias
784 3374 929 3463 rigorose
950 3374 1101 3443 snsfineri
1116 3396 1182 3443 non
1203 3397 1310 3465 posse.
1326 3375 1368 3444 Et
1383 3399 1430 3444 re-

298 3507 375 3554 vera
388 3484 416 3551 si
430 3480 621 3569 diligentius
644 3479 859 3570 questionem
880 3481 1054 3566 rimemur,
1067 3481 1112 3549 ita
1123 3503 1193 3551 esse
1207 3481 1428 3552 resolvendam

296 3591 482 3661 fatebimur.
501 3586 607 3668 Unde,

340 3700 380 3767 ll.
407 3693 588 3765 Dicendum
613 3693 756 3779 videtur,
782 3693 972 3784 simpliciter
998 3715 1063 3761 non
1086 3693 1187 3767 teneri
1210 3694 1245 3762 in
1270 3695 1339 3764 ullo
1359 3719 1430 3764 casn

238 3887 241 3894 A
296 3805 505 3897 Episcopum,
528 3801 587 3892 qui
608 3801 643 3868 in
662 3801 793 3870 dicecesi
817 3821 877 3870 sua
895 3799 1024 3886 residet,
1053 3800 1221 3872 Vinarium
1246 3803 1428 3891 generalem
1487 3859 1488 3886 ,

294 3911 499 3988 constituere,
522 3908 585 3977 nisi
608 3904 669 3975 boc
696 3907 726 3973 ei
745 3906 926 3997 injunxerit
948 3905 1113 3996 pontificia
1136 3908 1323 3978 auctoritas.
1348 3911 1426 3979 Nam

293 4015 494 4088 admittenda
514 4036 580 4083 non
600 4023 648 4082 est
663 4011 813 4104 Episcopi
833 4013 1002 4102 obligatio,
1019 4035 1093 4105 ques
1109 4035 1168 4082 nea
1182 4036 1224 4081 ex
1244 4013 1316 4104 iege
1331 4016 1426 4084 ceals-

292 4125 431 4209 siastica,
456 4145 516 4191 nec
537 4144 579 4189 ex
597 4122 669 4208 lege
691 4120 831 4189 naturali
855 4119 986 4211 probari
1006 4129 1110 4211 potest
1132 4147 1140 4187 :
1165 4121 1256 4212 etqui
1288 4123 1364 4192 talis
1383 4129 1425 4191 est
1486 4105 1487 4114 ἵ

290 4230 445 4324 obligatio
468 4229 508 4300 de
534 4249 600 4322 qua
621 4227 741 4319 agitur.
769 4227 809 4298 Et
833 4230 863 4295 1⁰
884 4225 1017 4319 quidam
1035 4249 1105 4305 noe
1122 4228 1279 4320 probetur
1298 4231 1422 4322 positivi
1485 4307 1486 4310 Ἴ
