3032 4976
307 519 369 584 336
678 541 855 590 reserares
879 541 917 588 or
938 539 1071 588 tuorum.

310 687 328 726 o
351 659 433 730 nibil
452 660 621 754 probante.
645 663 784 750 Quarto,
802 663 829 730 si
852 662 1049 754 semi-plena
1067 661 1216 755 probatio
1230 661 1325 731 eliste
1342 671 1386 730 est
1398 662 1435 730 ab

309 793 327 834 o
350 781 500 861 utroque,
509 768 732 860 juramentum
744 768 956 840 deferendum
970 778 1019 839 est
1029 770 1139 840 ileo...
1157 770 1293 855 Quinto,
1308 770 1333 838 si
1346 771 1436 838 Actor

307 899 326 940 a
349 873 442 965 plene
457 876 618 966 probavit,
631 877 719 947 Reus
735 885 844 948 nutem
859 877 1057 946 annuariam
1074 877 1226 968 probavit
1240 876 1434 969 semi-plens,

309 982 508 1052 «sententia
532 982 635 1052 lectur
661 1007 720 1075 pro
745 984 876 1072 Actora,
902 993 935 1054 et
958 983 1183 1075 juramentum
1208 1006 1274 1053 non
1302 983 1437 1054 defertur

310 1115 328 1156 o
351 1112 410 1158 nec
430 1088 552 1159 deferri
574 1099 719 1183 potest...
743 1093 858 1174 Sexto,
881 1091 909 1160 si
927 1099 995 1160 tam
1015 1093 1115 1160 Actor
1130 1111 1231 1183 quam
1248 1091 1336 1159 Reus
1352 1089 1437 1182 plene

311 1223 329 1262 o
351 1197 531 1290 probarunt
551 1198 776 1286 intentionem,
802 1209 880 1268 tunc
903 1193 1022 1268 iterum
1045 1197 1318 1268 considerandum
1334 1206 1380 1266 est
1399 1221 1438 1266 an

309 1329 327 1372 e
351 1303 555 1396 probationes
566 1305 630 1376 sint
639 1307 825 1392 contrarie,
836 1305 889 1376 vel
901 1304 1155 1398 compassibiles.
1169 1305 1206 1374 Si
1215 1303 1440 1396 compassibiles

311 1439 329 1479 e
351 1411 417 1481 sint
431 1409 492 1502 (1),
509 1411 658 1503 probatio
672 1412 873 1504 exceptionis
893 1421 1027 1482 enervat
1040 1410 1253 1482 intentionem
1270 1412 1397 1498 actone,
1412 1421 1442 1480 et

311 1547 329 1586 e
351 1528 584 1610 consequenter
603 1542 668 1590 non
688 1527 736 1588 est
754 1540 837 1611 opos
855 1519 1042 1612 juramento
1064 1519 1275 1610 suppletorio,
1299 1519 1356 1588 sad
1377 1519 1442 1588 sine

312 1653 329 1694 o
352 1626 413 1696 hoc
426 1624 560 1696 ferenda
572 1634 621 1694 est
635 1649 694 1719 pro
708 1625 777 1695 ileo
790 1626 960 1694 sententia.
977 1624 1014 1695 Si
1027 1626 1201 1696 contrarie
1215 1627 1292 1713 sint,
1308 1626 1443 1719 exempli

311 1757 329 1800 o
352 1729 468 1822 gratia
487 1728 618 1822 quando
637 1738 727 1800 octor
742 1738 895 1800 mutuum
910 1753 930 1799 a
943 1752 977 1800 se
996 1729 1111 1800 datum
1128 1729 1207 1800 Gaio
1222 1730 1316 1823 plene
1335 1731 1445 1823 probat

311 1865 330 1906 o
352 1861 411 1932 per
428 1836 552 1931 pcduos
564 1847 673 1927 testes,
689 1845 721 1906 et
735 1837 833 1908 Caius
847 1860 906 1930 per
917 1837 998 1908 alios
1013 1837 1096 1908 duos
1111 1846 1207 1907 testm
1222 1839 1318 1930 plene
1335 1839 1445 1931 probat

310 1973 330 2013 wo
353 1953 504 2015 mutuum
518 1969 552 2014 se
567 1943 608 2014 ab
620 1954 728 2014 actore
743 1967 809 2015 non
822 1943 994 2037 accepisse,
1008 1943 1112 2036 judex
1126 1943 1269 2014 attendet
1282 1943 1325 2014 ad
1340 1943 1446 2038 qnali-

310 2079 329 2122 α
351 2061 449 2122 tutem
464 2075 676 2146 personarum
692 2060 724 2120 et
737 2051 817 2122 alios
832 2052 1102 2140 circumstantias,
1119 2061 1151 2122 et
1164 2051 1213 2120 illi
1224 2051 1347 2121 deferet
1357 2051 1447 2144 jura·

310 2188 329 2228 o
352 2168 499 2230 mentum
512 2159 547 2226 in
562 2181 628 2252 quo
643 2157 746 2250 major
760 2168 807 2228 ast
819 2159 1030 2251 probabilitas
1043 2157 1228 2229 obtinenda
1241 2158 1399 2229 venatu.
1413 2155 1447 2228 Si

310 2295 328 2338 o
350 2267 460 2338 omnia
477 2267 542 2336 sint
560 2266 664 2358 pario,
688 2275 795 2357 posset
814 2265 947 2360 quidem
963 2266 1067 2359 judea
1087 2266 1194 2336 Reum
1212 2266 1401 2351 absolvere3
1422 2267 1447 2334 si

312 2404 330 2444 o
352 2385 460 2446 teman
478 2374 701 2466 juramentum
726 2370 937 2444 deferendum
959 2384 1062 2466 putet,
1086 2375 1195 2465 potius
1219 2373 1288 2444 Reo
1314 2372 1446 2458 deferet,

312 2511 330 2551 e
352 2482 444 2574 cujus
460 2481 575 2550 melior
587 2489 619 2548 et
634 2478 843 2550 favorabilior
857 2489 906 2550 est
918 2480 1071 2550 conditio.
1088 2509 1105 2547 s

354 2589 496 2673 Quasrro
514 2592 560 2657 5⁸.
576 2625 620 2639 -
635 2587 675 2654 Io
689 2587 809 2678 quibus
823 2587 930 2657 causes
943 2585 1062 2680 deferri
1075 2611 1096 2656 o
1103 2587 1221 2679 judice
1231 2589 1335 2680 poscit
1343 2589 1366 2680 j
1369 2610 1448 2657 oru-

309 2700 481 2768 mcntum?
497 2733 542 2747 -
561 2694 588 2762 l.
616 2718 633 2758 o
656 2691 695 2761 ln
713 2692 977 2784 supplementum
1001 2693 1201 2785 probationis
1220 2693 1416 2784 regulariter
1432 2718 1449 2760 a

313 2803 462 2897 «jndice
483 2800 603 2872 deterri
627 2807 732 2892 potest
759 2799 794 2867 in
817 2800 934 2892 quavis
958 2823 1055 2870 eausa
1076 2823 1151 2894 qum
1174 2800 1356 2893 specialiter
1380 2801 1450 2893 jure

312 2939 331 2980 o
354 2934 419 2980 non
432 2907 634 3000 excipitur...
653 2907 747 2976 Ratio
760 2917 809 2976 est
821 2907 900 3000 quie
911 2907 1136 2999 juramentum
1155 2906 1395 3000 suppletorium
1407 2919 1452 2975 est

313 3046 331 3087 o
353 3018 394 3088 de
413 3039 531 3108 genere
549 3013 796 3107 permissorum,
817 3037 854 3084 ac
872 3014 1008 3107 proinde
1028 3015 1148 3086 deferri
1167 3024 1272 3107 potest
1292 3015 1328 3084 in
1346 3013 1451 3086 omni·

314 3153 332 3194 o
354 3126 416 3194 bus
430 3122 537 3192 causis
552 3143 619 3190 non
633 3120 788 3213 exeeptis.
807 3147 824 3186 u

354 3233 395 3299 11.
416 3228 664 3320 «Excipiuntur
675 3236 783 3297 sutem
801 3231 832 3296 1·
848 3227 966 3298 Caura
978 3229 1164 3298 criminales
1174 3228 1394 3299 criminaliter
1406 3231 1454 3296 in·

314 3367 332 3407 e
356 3345 495 3409 tentatas.
513 3336 597 3406 Nam
616 3335 652 3404 in
665 3334 729 3423 his,
747 3335 822 3404 licet
835 3335 904 3406 Reo
916 3337 959 3406 ed
975 3338 1027 3408 sni
1040 3338 1268 3430 purgationem
1282 3336 1457 3429 juramen·

315 3473 333 3514 o
355 3455 426 3516 tum
443 3468 464 3513 a
480 3442 589 3536 judice
607 3441 727 3512 deferri
746 3442 850 3534 possit
873 3443 986 3536 (capite
1004 3443 1132 3534 mtimo,
1156 3443 1241 3514 tituli
1258 3441 1299 3512 dc
1316 3445 1458 3536 aursja·

312 3551 470 3634 arando,
498 3549 618 3618 librir
647 3547 802 3640 Deerat),
834 3572 899 3618 non
927 3558 1037 3620 tamen
1064 3559 1167 3644 potest
1194 3550 1309 3622 Actori
1336 3551 1459 3620 deterri

315 3688 332 3728 o
353 3662 576 3752 juramentum
599 3656 835 3749 suppletorium
857 3655 899 3726 ad
921 3657 1146 3750 complendam
1168 3657 1412 3751 probationem,
1434 3655 1459 3723 si

316 3796 333 3834 e
355 3777 482 3836 tantum
497 3764 690 3856 semi-plene
714 3762 875 3856 probavit.
899 3765 994 3835 Ratio
1013 3767 1157 3857 estquis
1175 3767 1210 3834 in
1231 3764 1459 3834 criminalibus

314 3901 333 3942 o
355 3873 460 3944 causis
483 3871 696 3940 criminaliter
718 3871 894 3960 intentatis,
920 3873 1133 3965 requiruntur
1155 3873 1364 3965 probationes
1386 3869 1459 3964 plc-

345 4088 376 4154 (1)
396 4085 473 4139 Verbi
492 4083 619 4152 gratiaci
636 4089 716 4138 Actor
733 4087 810 4152 plene
827 4087 920 4152 probet
937 4101 965 4137 se
987 4092 1107 4138 mutuum
1124 4086 1228 4138 dedisse
1246 4087 1319 4152 Caio,
1336 4091 1366 4138 et
1386 4083 1457 4136 Gaios

313 4170 390 4236 plene
404 4165 660 4232 probeteoluttonem
669 4167 753 4216 mutui
763 4181 779 4216 a
790 4181 818 4217 ae
830 4167 932 4218 tecum.
945 4165 1054 4226 Quando
1068 4178 1162 4231 nempe
1173 4167 1241 4217 tiene
1250 4167 1361 4232 opponit
1371 4177 1457 4226 mep-

314 4253 406 4300 tionem
425 4247 543 4313 petitioni
563 4247 675 4310 temris,
692 4246 748 4298 dari
768 4252 875 4311 possunt
894 4247 1014 4313 utrinqne
1032 4247 1200 4313 probationes
1214 4249 1299 4314 plenae
1315 4241 1454 4312 componi·

311 4331 387 4386 biles.
