3056 4972
584 471 657 516 aras
678 470 783 517 ranas.
1187 449 1249 517 att

119 593 281 680 ventione,
303 594 353 663 vel
382 593 668 686 compromissione
695 590 852 684 partium,
879 592 930 660 vel
955 592 1126 684 privilegio
1155 592 1253 662 certis

119 701 266 794 persoms
294 723 455 770 concesso.
479 701 620 770 Tollitur
642 721 720 769 vero
744 699 795 768 val
822 697 1029 790 suspenditur
1050 699 1249 788 avocatione,

120 809 352 901 proventione,
368 807 593 900 appellatione,
609 806 775 894 relatione,
790 813 823 874 et
842 805 1039 897 quibusdam
1061 805 1133 875 aliis
1151 807 1254 878 inter·

120 915 324 986 venientibus
337 914 623 984 circumstantiisa
640 911 714 1005 jura
729 912 964 982 determinatis.

164 1024 211 1091 De
236 1021 376 1113 singulis
393 1020 684 1092 extraordinariam
706 1017 965 1111 jurisdictionem
988 1021 1176 1114 acquirendi
1200 1024 1252 1092 vel

119 1129 287 1198 amittendi
304 1128 409 1198 modis
423 1129 479 1198 hie
499 1126 656 1198 tradenda
677 1127 766 1196 notio
780 1134 847 1212 est3
864 1149 930 1218 qua
953 1128 1052 1197 semel
1071 1137 1256 1221 comparata

119 1237 258 1330 quisquc
273 1237 364 1306 lacila
380 1236 479 1329 possit
494 1235 687 1321 discernere,
702 1240 814 1302 utrum
828 1233 902 1302 tulis
914 1234 1017 1325 judex
1033 1236 1140 1327 quoad
1157 1237 1252 1306 mem

119 1367 250 1414 cuumm
264 1345 381 1436 polleat
398 1365 498 1414 necue
512 1340 768 1412 extraordinaria
780 1339 1017 1433 jurisdictione.

165 1454 191 1520 l.
217 1459 266 1522 Dc
284 1450 512 1544 jurisdictione
534 1449 694 1542 acquisitu
714 1471 776 1540 per
797 1448 1043 1541 deteqationem.
1059 1489 1104 1504 -
1123 1451 1253 1543 Duplici

120 1560 220 1630 modo
233 1559 376 1652 delegari
398 1565 501 1650 potest
520 1556 720 1649 jurisdictio;
739 1556 791 1625 vel
813 1577 930 1647 nempe
948 1556 1201 1648 independenter
1214 1559 1255 1628 ab

120 1668 212 1736 omui
226 1666 522 1758 mrcumsoriptione
536 1663 736 1750 territoriali,
752 1662 804 1731 vel
819 1671 972 1753 potestate
994 1672 1152 1733 coarctata
1168 1665 1255 1734 intra

119 1777 201 1845 certi
224 1775 363 1867 alicujus
386 1771 541 1843 territorii
563 1775 654 1840 lines.
678 1771 785 1841 Priori
804 1771 902 1842 modo
916 1771 1175 1864 jurisdictionem
1196 1773 1257 1843 de-

120 1883 262 1974 legatam
285 1882 415 1968 habent,
432 1881 524 1949 verbi
549 1879 665 1970 gratia,
683 1877 809 1970 judices
830 1901 850 1946 a
873 1879 962 1971 Papa
985 1877 1124 1970 delegati
1149 1880 1255 1973 quoad

119 2001 242 2058 certam
266 1988 407 2080 adquam
427 2009 571 2074 canmm,
584 1986 637 2054 vel
650 1985 691 2054 ad
714 1994 817 2054 certas
837 2007 1007 2056 causarum
1031 1988 1164 2080 species,
1182 1989 1257 2058 ubi-

120 2119 262 2189 cumque
286 2104 446 2164 terrarum
470 2093 589 2185 degent
611 2113 756 2185 persono
781 2094 959 2186 intorques
979 2095 1043 2164 illae
1057 2115 1162 2164 causa
1179 2119 1255 2166 ver-

120 2211 237 2273 tuntur
254 2231 261 2270 :
278 2201 447 2294 posteriori
463 2201 558 2270 modo
571 2198 830 2293 jurisdictionem
846 2199 1026 2290 delegatam
1040 2202 1148 2290 hahet,
1162 2203 1255 2272 verbi

119 2310 238 2402 gratia,
255 2307 420 2398 delegatus
433 2309 531 2399 Papa
548 2307 656 2398 quotu
675 2315 778 2375 certus
796 2327 909 2376 causas
929 2307 1066 2400 alicujus
1087 2308 1257 2379 dumtaxat

119 2417 309 2510 provincia.
335 2414 504 2499 Quomodo
529 2415 564 2482 in
587 2422 725 2506 utroque
748 2435 824 2484 casu
847 2411 993 2504 dignosci
1019 2416 1120 2507 possit
1143 2424 1255 2486 utrum

120 2529 248 2622 quises
270 2524 494 2618 jurisdictione
509 2545 568 2592 aua
582 2521 728 2612 delegata
750 2521 933 2613 competens
955 2523 999 2592 ait
1011 2523 1119 2616 quoad
1134 2533 1253 2594 cerum

119 2633 265 2724 αὶίφιειω
279 2653 421 2717 causam,
438 2629 485 2698 sic
504 2628 714 2698 determinari
729 2636 843 2720 potest.

170 2743 201 2806 1⁰
227 2737 363 2823 Quando
388 2735 573 2829 jurisdictio
598 2736 744 2826 delegata
765 2757 831 2805 nou
858 2735 1010 2826 alligatur
1031 2738 1130 2808 alicui
1157 2741 1256 2808 terri-

121 2847 219 2934 torio,
236 2853 340 2938 potest
362 2844 536 2914 difficultas
558 2842 641 2912 solvi
663 2865 704 2912 ex
727 2843 795 2912 sola
823 2844 965 2912 mandeti
991 2867 1049 2914 seu
1074 2845 1257 2938 diplomatis

120 2952 354 3043 delegationem
385 2949 599 3043 exprimentis
625 2949 832 3040 inspectione.
860 2949 942 3018 Nam
965 2958 1043 3019 tuuc
1067 2953 1255 3022 mandatum

119 3062 283 3152 exprimet
297 3058 427 3128 concedi
438 3056 695 3150 jurisdictionem
710 3055 816 3148 quoad
829 3056 926 3124 talem
937 3079 1079 3147 caumm,
1090 3068 1148 3128 aut
1161 3060 1256 3131 talem

119 3189 294 3236 causarum
310 3166 469 3258 speciem3
486 3173 517 3233 et
531 3163 628 3232 simul
643 3162 800 3231 iudicabit
820 3160 881 3230 hoe
900 3161 1038 3254 intelligi
1060 3167 1168 3256 quoad
1182 3191 1255 3260 per-

119 3295 218 3344 sonas
233 3271 402 3364 quaslibet,
419 3279 476 3340 aut
490 3271 659 3339 dumtaxat
674 3268 782 3361 quoad
797 3268 1024 3338 determinatas
1044 3270 1079 3338 iu
1100 3273 1259 3364 singulari

119 3381 176 3448 vel
201 3381 234 3448 in
256 3379 380 3471 specie;
398 3387 429 3446 ct
450 3400 525 3447 cum
548 3377 646 3446 simul
673 3399 740 3446 non
762 3375 945 3466 assignetur
965 3377 1033 3447 ullu
1057 3380 1258 3451 territoriulis

120 3486 390 3579 circumscriptio,
406 3485 466 3555 hoe
491 3485 562 3576 ipso
585 3484 619 3551 id
641 3482 887 3574 intelligendum
905 3485 995 3552 venit
1016 3485 1056 3554 de
1078 3485 1171 3556 dictis
1185 3511 1260 3580 per-

121 3597 213 3666 sonis
227 3596 422 3686 ubicumque
444 3601 605 3662 terrarum
623 3591 753 3681 degam.
770 3591 865 3659 Unde
885 3592 912 3659 si
934 3592 1116 3662 verificatur
1130 3617 1259 3665 oausam

121 3704 245 3795 deque
262 3702 432 3793 agitur,at
454 3721 608 3791 personas
630 3699 715 3768 inter
736 3720 817 3790 quas
831 3699 982 3786 vertitur,
999 3721 1067 3768 esse
1086 3700 1126 3768 dc
1144 3723 1258 3770 earum

121 3832 272 3898 numero,
290 3811 327 3877 iu
342 3829 422 3900 quas
444 3828 628 3876 concessam
646 3803 908 3897 jurisdictionem
929 3805 1071 3874 mandati
1086 3815 1179 3877 tenor
1194 3817 1261 3879 tes-

121 3930 224 4007 tatur,
243 3915 501 3988 concludendum
523 3915 584 3982 erit
609 3913 698 3982 huuc
718 3911 861 4006 judicem
886 3915 993 4005 quoad
1019 3935 1148 3984 oausam
1172 3918 1261 3988 illam

121 4033 358 4118 competentem
380 4045 468 4110 esse3
485 4021 582 4090 modo
599 4029 706 4090 umen
729 4021 943 4113 competentia
957 4021 1013 4089 illa
1032 4045 1187 4114 suspensa
1207 4031 1263 4096 aut

122 4133 250 4203 sublata
266 4153 332 4201 uon
347 4130 445 4200 merit
459 4129 569 4222 aliquo
583 4151 625 4198 ex
642 4129 747 4198 modia
766 4129 852 4197 iutra
871 4129 1112 4199 enumerandis.
1136 4131 1263 4204 Notan-

125 4242 329 4312 damaetam
342 4247 403 4328 est,
419 4238 460 4310 ab
474 4236 639 4306 ordinario
656 4236 713 4330 qui
728 4243 815 4308 certo
830 4236 993 4308 terrione
1012 4235 1143 4310 affixam
1162 4241 1264 4332 juris·
