3032 4976
566 519 639 564 raus
662 521 768 566 ιιιιιιιι.
1175 501 1237 566 297

96 663 115 702 ιι
135 635 246 730 judice
263 637 435 707 territorii
428 662 461 707 ιιι
474 662 539 731 quo
553 639 702 732 deliquit,
714 640 824 733 puniri
842 663 935 734 poena
947 641 998 708 vel
1011 641 1172 734 corporali
1184 643 1237 710 vel

94 773 114 809 ιι
137 745 326 836 pecuniaria
340 768 445 839 possa,
462 755 558 838 prout
574 748 655 818 ratio
671 747 778 816 delicti
800 748 921 839 exiget
937 775 953 812 ι
977 748 1237 841 (Schmalzgrue-

90 852 191 938 ber,'
184 875 217 920 ιιι
235 854 285 920 tit.
304 857 338 940 2,
353 853 376 921 1.
396 855 572 940 tllecret,
590 877 624 924 n.
644 855 713 944 61.)

143 987 161 1023 ι
177 959 213 1026 Si
234 958 427 1052 deliuquens
453 906 741 1082 deprehendatur
733 984 767 1029 ιιι
791 962 861 1030 loco
884 961 1004 1052 delicti,
1021 968 1124 1054 potest
1144 984 1239 1053 poena

96 1093 115 1130 ιι
140 1073 208 1134 tam
223 1066 382 1158 corporali
398 1090 497 1158 quam
514 1068 713 1158 pecuniaria,
731 1091 792 1161 pro
813 1068 968 1160 qualitate
987 1067 1111 1156 delicti,
1128 1067 1240 1161 puniri

96 1200 114 1236 ιι
139 1197 160 1240 a
181 1171 292 1265 judice
313 1173 461 1265 ejusdem
481 1174 565 1261 loci,
581 1175 633 1242 vel
649 1175 746 1243 etiam
774 1174 920 1267 ajudice
942 1174 1153 1244 ecclesiastico
1176 1174 1239 1244 loci

96 1307 114 1345 ιι
138 1279 229 1348 illius
254 1281 528 1350 excommunicari
535 1309 544 1370 3
563 1281 639 1373 quia
660 1291 738 1350 tnnc
759 1281 909 1351 subditus
922 1289 970 1350 est
985 1282 1109 1350 ratione
1130 1281 1238 1351 delicti

94 1415 112 1452 ι
135 1387 238 1480 judici
262 1389 337 1474 loci,
352 1399 383 1456 et
399 1387 505 1480 quoad
529 1411 714 1481 personam,
732 1396 763 1456 et
779 1388 884 1480 quoad
908 1389 993 1458 bona
1007 1389 1060 1458 vel
1082 1389 1238 1457 beneficia

95 1523 113 1561 ιι
139 1498 235 1565 etiam
251 1496 328 1564 alibi
342 1495 415 1583 sita,
430 1495 525 1588 juxta
539 1507 635 1588 caput
652 1497 830 1565 Postulosti
846 1497 912 1586 (ll,
930 1496 978 1563 tit.
998 1500 1030 1582 2,
1046 1495 1121 1563 libri
1137 1500 1155 1563 2
1172 1495 1237 1564 De-

97 1631 114 1670 a
139 1603 583 1695 crat.).»1taPirrhing(in
609 1605 741 1672 titulum
764 1609 795 1691 2,
815 1604 889 1670 libri
912 1608 931 1670 2
956 1605 1096 1692 Decret,
1114 1626 1147 1670 n.
1168 1603 1234 1694 ll).

92 1711 241 1780 Dubium
256 1733 321 1780 non
336 1720 383 1780 est
397 1713 476 1803 quin
492 1710 686 1780 Ordinarius
705 1711 767 1779 loci
793 1710 899 1779 delicti
919 1710 1020 1801 possit
1039 1710 1073 1778 in
1089 1734 1127 1778 eo
1146 1733 1236 1798 casu,

93 1841 163 1887 non
178 1827 303 1887 tautum
320 1817 700 1905 excommunicationem,
716 1817 770 1885 sed
787 1825 819 1884 et
833 1817 1078 1909 suspensionem
1092 1825 1123 1884 et
1139 1819 1239 1886 inter-

93 1925 232 2014 dictum,
256 1926 477 2018 pronuntiare,
505 1925 531 1992 si
557 1948 612 1994 eas
637 1947 748 2018 poenas
774 1924 929 1994 delictum
954 1932 1128 1992 mereatur.
1154 1925 1237 2006 Quia

95 2056 213 2125 nempe
228 2057 298 2102 eam
315 2033 505 2101 seutentiam
522 2040 599 2100 tunc
611 2033 696 2102 ferre
709 2039 813 2124 potest
828 2030 1022 2101 Ordinarius
1038 2032 1100 2100 loci
1115 2032 1237 2120 delicti,

96 2163 195 2231 quam
213 2141 247 2208 iu
262 2140 361 2208 simili
377 2145 464 2208 casu'
474 2140 686 2232 pronuntiare
703 2147 809 2230 posset
824 2138 1019 2208 Ordinarius
1033 2137 1188 2206 domicilii
1202 2137 1237 2204 iu

95 2270 193 2316 suum
208 2247 387 2316 subditum.
406 2247 472 2316 Neo
493 2247 685 2338 excipienda
707 2253 755 2314 est
776 2269 872 2337 poena
887 2246 1079 2338 privationis
1094 2245 1189 2314 officii
1206 2254 1238 2314 et

95 2353 260 2439 beneficii,
277 2362 313 2421 ut
328 2352 453 2420 dicetur
467 2353 564 2422 infra.

145 2459 322 2529 Difficultas
336 2461 476 2528 occurrit
495 2469 623 2528 tantum
639 2459 771 2552 quando
790 2459 983 2550 delinquens
1001 2459 1068 2550 jam
1085 2481 1102 2525 e
1117 2459 1188 2526 loco
1202 2460 1238 2527 in

95 2589 163 2658 qno
179 2565 314 2658 deliquit
327 2589 478 2658 egressus
493 2577 550 2636 est.
569 2566 634 2635 Sed
648 2589 686 2636 eo
700 2589 789 2654 casu,
806 2567 834 2633 si
849 2573 923 2634 ante
939 2587 1111 2655 egressum
1123 2555 1237 2633 'citatus

95 2675 171 2759 fuit,
189 2673 299 2741 eadem
316 2683 424 2743 manet
439 2673 605 2743 Ordinarii
618 2675 682 2742 loci
702 2671 811 2742 delicti
826 2671 1022 2764 jurisdictio,
1037 2694 1075 2738 ac
1089 2669 1116 2736 ai
1133 2671 1237 2740 deliu-

96 2803 201 2872 quens
216 2802 358 2871 praesens
373 2782 456 2848 foret
466 2808 476 2867 ;
498 2781 575 2873 quia
600 2803 658 2872 per
673 2780 870 2864 citationem,
888 2788 961 2846 aute
983 2777 1161 2846 discessum
1177 2777 1238 2845 de-

95 2888 272 2979 linquentis
294 2887 413 2955 factam
433 2895 464 2955 et
484 2888 545 2978 ipsi
566 2888 775 2974 insinuatam,
794 2885 896 2954 lactus
915 2894 963 2953 est
982 2884 1155 2954 Ordinario
1176 2885 1238 2953 loci

96 2993 271 3085 subjectus,
280 2995 376 3062 etiam
389 2993 494 3086 quoad
510 3015 697 3085 personam;
711 3001 745 3061 ut
759 2992 923 3080 colligitur
932 3015 971 3058 ax
985 2992 1087 3083 capite
1098 2991 1242 3060 Posuisti

96 3103 166 3191 (ta,
184 3101 266 3169 tituli
285 3106 317 3187 2,
331 3101 405 3169 libri
422 3106 440 3168 2
458 3099 709 3191 Deerat.).Vide
725 3099 935 3168 Reiffeustuel
952 3099 998 3190 (iu
1016 3098 1064 3166 tit.
1083 3103 1115 3184 2,
1129 3099 1237 3166 libri2

97 3207 239 3292 Decret,
256 3231 289 3275 u.
309 3213 348 3275 48
365 3217 397 3275 et
417 3208 485 3298 55).
1176 3237 1181 3248 ·

142 3316 270 3384 flauum
286 3318 331 3382 3⁸.
350 3354 394 3367 —
409 3317 450 3384 Si
464 3315 650 3409 delinquens
670 3339 691 3382 o
718 3315 786 3383 loco
810 3312 920 3381 delicti
940 3336 1081 3405 opressus
1102 3313 1241 3382 sitente

97 3423 297 3504 citationem,
311 3435 416 3514 potest
431 3422 541 3492 adhuc
556 3423 751 3492 Ordinmt'us
765 3420 913 3512 ejusdem
930 3421 994 3490 loci
1006 3421 1042 3488 in
1058 3444 1134 3489 cum
1149 3423 1240 3489 mul-

99 3530 205 3620 toplici
228 3528 323 3597 modo
347 3553 453 3621 apere.
470 3530 612 3599 -Nam
633 3536 665 3597 1ο
679 3530 706 3596 si
723 3535 846 3597 constet
867 3527 908 3596 de
930 3528 1001 3597 loco
1023 3527 1057 3596 ln
1073 3551 1138 3620 quo
1153 3529 1242 3598 Reus

97 3659 166 3704 sese
186 3637 353 3728 receperit,
373 3645 476 3729 potest
496 3637 536 3705 ad
562 3636 776 3705 Ordinarium
795 3636 884 3703 illius
905 3636 968 3704 loci
991 3634 1242 3727 requisitoriales

96 3745 219 3812 litteras
241 3744 331 3830 dare,
348 3755 379 3811 et
401 3745 447 3811 sic
469 3766 645 3835 procurare
661 3753 697 3812 ut
717 3744 882 3836 perillum
905 3742 1118 3811 Ordinarium
1134 3741 1240 3810 delin-

96 3873 200 3944 quens
225 3852 341 3919 citetur
355 3849 396 3918 ad
411 3850 553 3919 tribunal
575 3851 635 3918 loci
661 3851 778 3942 inquo
801 3849 950 3941 deliquit.
973 3853 1006 3916 2θ
1021 3847 1056 3918 Si
1081 3849 1242 3919 nesciatur

97 3957 153 4026 nbi
169 3957 361 4050 deliuquens
375 3958 502 4038 existat,
519 3965 622 4049 potest
638 3957 833 4026 Ordiuarius
848 3957 909 4026 looi
935 3957 970 4024 in
993 3979 1059 4047 quo
1078 3964 1242 4047 patratum

97 4065 250 4133 delictum
273 4064 347 4150 fuit,
364 4064 447 4132 lacta
470 4065 648 4132 summaria
670 4064 900 4132 informatione
922 4063 962 4130 de
984 4062 1114 4150 delicto,
1137 4065 1244 4132 delin-

97 4179 249 4261 quentem
266 4171 364 4238 citare
374 4169 594 4260 peredictum,
605 4171 638 4238 in
652 4171 816 4239 territorio
828 4170 937 4238 delicti
950 4169 1241 4261 promulgandum,

97 4287 129 4346 et
143 4277 350 4348 ecclesiarum
368 4277 470 4370 (verbi
485 4276 602 4370 gratia)
612 4277 717 4346 valvis
731 4275 943 4369 affigendum.
964 4276 1061 4372 (Vide
1075 4277 1242 4349 Schmalz·
