3030 4980
298 445 360 509 sta
670 463 847 512 massariis
869 465 908 512 nn
929 465 1063 514 museus.

292 583 627 674 attenuemus
645 586 809 678 siquenm
828 586 876 654 nu
901 585 1364 657 <reseruassemus
1382 587 1440 656 oe

290 692 405 784 putati,
422 691 493 762 veri
507 690 624 761 notarii
638 701 715 762 sunt
735 698 767 761 et
783 693 1039 781 constituuntur,
1054 693 1162 786 quoad
1173 693 1337 786 judicium
1353 694 1440 764 illud

290 799 325 866 in
337 823 402 891 quo
418 799 464 868 sio
477 799 688 868 adhibentur.

333 906 392 976 llla
405 928 484 976 vero
496 906 582 998 juris
594 905 741 976 osnonioi
756 905 927 999 dispositio
950 907 1131 977 hodiedum
1147 908 1257 998 vigere
1272 909 1439 978 censenda

290 1021 353 1101 est3
386 1037 463 1082 oum
492 1036 550 1082 nee
578 1012 647 1081 nlla
676 1013 849 1104 posteriori
877 1013 961 1102 lege,
991 1036 1051 1082 neo
1079 1016 1241 1084 contraris
1269 1023 1302 1084 et
1330 1039 1436 1106 gene-
1507 1009 1508 1092 ἶ

286 1121 347 1188 reli
377 1118 610 1189 consuetudine
637 1119 764 1190 sublata
791 1119 857 1188 diei
888 1120 999 1212 possit.
1042 1121 1138 1192 Unde
1174 1123 1360 1192 etiamnum
1401 1124 1439 1193 iu

286 1227 430 1320 judiciis,
447 1249 514 1296 non
537 1235 666 1297 tentum
682 1226 871 1313 ordinariis,
898 1226 955 1296 sed
970 1237 1002 1296 61
1024 1231 1230 1318 summariis,
1248 1237 1380 1300 tenetur
1394 1230 1437 1298 de
1507 1229 1508 1324 1

285 1333 360 1424 jure
382 1334 552 1402 communi
571 1333 674 1424 judex
690 1333 920 1404 aeclesiasticus
936 1336 1103 1404 notarium
1118 1336 1187 1405 sive
1202 1336 1437 1406 eauoellarinm

288 1439 458 1520 adhibere;
474 1449 543 1526 ant,
560 1439 601 1510 iis
613 1439 851 1529 definientibus,
873 1440 956 1512 dnos
979 1442 1067 1511 viros
1085 1443 1219 1514 idoneos
1241 1446 1301 1536 qui
1315 1446 1437 1512 nonni
1507 1469 1508 1542 t

291 1545 435 1616 officium
447 1547 610 1640 expleant.

842 1799 929 1893 aa.

416 1971 452 2021 Da
464 1970 629 2022 solemnitate
640 1969 778 2035 juramenti
793 1971 819 2022 tn
832 1971 953 2024 ersendis
969 1973 1076 2024 nonnis
1089 1973 1209 2026 adhiberi
1222 1973 1307 2026 mitta.

331 2196 357 2266 1.
380 2196 467 2281 Quid
474 2198 595 2289 jurare
609 2197 712 2266 soleat
726 2199 876 2266 notarius
897 2221 974 2267 eum
994 2211 1136 2268 creatur.
1161 2238 1207 2252 -
1238 2227 1256 2266 a
1279 2199 1439 2270 Notarius

292 2328 408 2374 soum
435 2311 563 2374 creatur
581 2304 693 2395 jurare
718 2304 797 2374 solet
828 2333 836 2374 :
860 2307 985 2398 primo,
1017 2307 1105 2399 qnod
1131 2305 1281 2376 conficiet
1308 2308 1436 2377 insuu-

294 2440 311 2479 (ι
335 2421 444 2481 mente
468 2412 508 2480 de
531 2411 652 2503 quibus
673 2411 772 2480 fuerit
796 2419 943 2502 rogatus,
969 2413 1016 2481 nil
1043 2414 1186 2482 veritatis
1214 2414 1365 2501 tnoendo,
1384 2415 1438 2483 vel

294 2547 310 2585 a
333 2518 480 2589 falsitatis
506 2517 693 2604 misoeud03
711 2517 861 2600 secundo,
892 2519 981 2611 quod
997 2543 1063 2589 non
1087 2521 1245 2590 revelabit
1265 2521 1357 2612 quod
1375 2521 1437 2590 sibi

292 2654 309 2693 a
333 2634 453 2698 seoreto
467 2627 682 2695 commissum
699 2625 809 2714 fuerit,
831 2627 894 2694 uisi
909 2627 999 2718 justa
1013 2627 1053 2696 de
1067 2649 1180 2706 oausa;
1204 2628 1314 2712 tertio,
1344 2628 1435 2720 quod

293 2755 399 2802 «nou
419 2731 566 2802 oonfioiet
595 2732 731 2802 scienter
755 2732 887 2824 aliquod
914 2733 1172 2804 instrumentum
1198 2734 1239 2803 de
1266 2741 1437 2804 eonuuotu
1507 2739 1508 2764 ¹

292 2869 308 2908 o
332 2843 493 2930 usurario,
512 2863 570 2909 nec
584 2839 624 2908 de
638 2841 703 2910 alio
718 2841 834 2932 quovis
848 2839 983 2927 illieito;
1010 2854 1140 2932 quarto,
1168 2841 1256 2934 quod
1282 2843 1438 2912 retinebit

293 2978 309 3016 ι(
332 2949 371 3018 de
387 2949 540 3018 omnihus
560 2947 789 3015 instrumentis
861 2971 937 3038 quae
953 2947 1077 3016 dederit
1101 2957 1268 3039 regestum
1283 2973 1340 3018 sen
1356 2973 1435 3042 pro-

290 3084 308 3124 «
331 3057 506 3141 toeollum;
522 3055 647 3147 quinto,
666 3053 754 3146 quod
769 3053 831 3122 erit
845 3053 951 3122 fidelis
979 3055 1009 3123 ei
1026 3077 1044 3124 a
1059 3077 1124 3146 quo
1150 3056 1212 3124 11111
1227 3066 1355 3124 creatus
1373 3080 1435 3126 uo·
1507 3065 1508 3124 t

290 3165 442 3251 nudus,
463 3172 495 3230 et
516 3162 704 3232 admonebit
723 3183 802 3230 eum
823 3160 862 3229 de
883 3161 922 3230 iis
945 3185 1021 3254 quae
1047 3162 1177 3230 sciverit
1193 3163 1229 3230 in
1243 3162 1315 3254 ejus
1334 3163 1436 3233 dam-

292 3295 415 3341 onum
431 3292 583 3358 vergere3
607 3281 710 3350 sesto,
737 3269 825 3360 quod
851 3269 941 3338 nullo
969 3269 1044 3339 odio
1076 3269 1127 3338 vel
1154 3293 1278 3359 amore,
1296 3293 1353 3363 spe
1383 3273 1436 3340 vel

292 3410 309 3448 a
333 3383 450 3448 timore
465 3377 570 3448 officio
588 3401 647 3446 suo
662 3379 825 3446 abutetur.
843 3403 860 3444 a
882 3378 1051 3471 (Ferraris,
1069 3378 1240 3448 advocent
1256 3381 1432 3460 Notarius,

288 3513 322 3557 n.
342 3488 388 3580 1.)
406 3488 568 3556 Consonat
583 3485 756 3574 Faguanus
771 3507 848 3552 oum
865 3485 978 3554 multis
993 3485 1065 3555 eliis
1079 3487 1256 3555 canonialis
1274 3487 1322 3578 (in
1335 3497 1437 3580 eaput

289 3598 385 3665 Siout
398 3607 439 3676 te,
456 3594 505 3661 tit.
519 3595 569 3663 Ne
584 3591 692 3660 cleriei
704 3592 757 3660 vel
768 3591 934 3674 monachi,
953 3613 987 3660 n.
1007 3591 1073 3682 16).
1087 3592 1225 3662 Necesse
1238 3602 1350 3662 temen
1369 3617 1436 3664 non

288 3715 336 3772 est
350 3711 387 3772 ut
400 3701 473 3770 haeo
486 3699 756 3791 omniaexplieite
770 3697 860 3789 juret
872 3701 1030 3786 nonnus,
1049 3699 1104 3768 sed
1120 3697 1239 3770 suffieit
1250 3700 1436 3791 juramenti

289 3808 433 3880 formula
446 3807 486 3877 de
494 3805 635 3898 fideliter
649 3802 816 3895 implendo
833 3805 938 3896 officio
952 3825 1022 3874 suo.

332 3918 374 3986 11.
407 3919 525 3984 Utrum
548 3913 709 4007 predicto
731 3913 924 4004 juramenti
952 3912 1140 3982 solemnitas
1167 3937 1207 3982 ea
1232 3915 1436 4008 obliyatione

289 4021 538 4102 adhibendam,
556 4019 637 4089 dum
663 4042 685 4086 o
707 4031 869 4111 potestate
892 4017 1103 4087 ecclesiastiea
1119 4019 1269 4088 notarius
1287 4020 1341 4088 uel
1353 4045 1435 4090 oen-

287 4128 437 4201 cellarius
451 4139 592 4196 creatur.
617 4163 662 4178 -
676 4124 817 4195 Videtur
832 4123 967 4216 quidem
981 4147 1019 4192 ea
1040 4123 1228 4194 solemnitas
1244 4127 1280 4194 in
1295 4149 1435 4197 eonsue-

289 4237 437 4309 tudiusm
458 4232 644 4324 generalem
664 4232 843 4318 transiisse,
860 4252 936 4299 eum
953 4230 993 4300 de
1008 4229 1065 4300 illa
1083 4239 1241 4322 tanquam
1262 4233 1432 4306 observari
