3046 4962
554 507 628 556 eras
651 508 756 558 carue.
1186 491 1224 560 ts

91 629 237 724 quaedam
264 631 383 700 similia
403 633 619 724 quorumdam
643 636 777 704 Petrum
801 633 884 704 dicta
906 643 999 704 extra
1016 635 1226 727 quaestionem

92 740 219 828 vagari3
240 740 318 829 quia
332 761 447 830 nempe
463 750 606 832 spectant
621 742 661 810 ad
678 742 837 828 infideles,
857 763 913 810 seu
928 741 968 810 ad
985 763 1039 810 eos
1054 742 1110 833 qui
1125 743 1228 810 cbris-

92 846 166 912 tiani
187 869 254 913 nen
272 856 367 922 sunt;
382 857 414 914 et
429 869 542 916 veruna
559 856 607 916 est
623 871 689 916 non
712 849 829 917 debere
843 873 902 918 nec
916 872 1009 941 pesse
1023 849 1071 917 eis
1087 851 1227 918 coactive

92 952 185 1020 fidem
201 955 339 1044 imponi.
358 957 400 1022 At
415 975 491 1023 vero
509 955 550 1022 ab
571 955 712 1024 Ecclesia
726 978 792 1024 non
811 979 905 1048 posse
922 956 1061 1047 judicari
1076 965 1107 1024 ct
1123 955 1227 1048 pranis

91 1059 228 1126 coerceri
245 1059 437 1128 christianos
453 1060 535 1128 male
549 1061 708 1146 viventes,
725 1063 826 1130 sancti
846 1062 957 1131 Patres
975 1085 1039 1132 non
1059 1072 1208 1132 asserunt
1218 1090 1227 1148 ;

91 1165 142 1233 sed
156 1167 357 1234 contrarium
370 1189 483 1234 eorum
499 1169 682 1236 communis
692 1167 841 1238 doctrina
855 1169 1005 1238 adstruit.

134 1273 273 1364 Odjicies
290 1279 322 1343 2.
338 1275 479 1344 Tantum
503 1274 726 1366 Chrysostemi
742 1301 750 1340 ε
768 1303 786 1343 a
801 1277 994 1346 Christianis
1009 1277 1142 1346 minime
1157 1299 1228 1346 om-

94 1407 109 1444 e
130 1381 224 1450 nium
246 1381 320 1450 licet
337 1380 453 1450 delicta
472 1383 673 1474 peccamium
693 1383 727 1452 vi
747 1383 931 1454 emendare.
957 1385 1069 1454 Exteri
1094 1384 1228 1477 quidem

94 1517 109 1554 a
129 1489 256 1580 jndices
277 1489 473 1558 facinorosos
486 1490 633 1558 homines
648 1491 706 1580 qni
726 1490 905 1560 meandum
925 1493 1013 1581 leges
1035 1492 1119 1582 capti
1139 1499 1227 1578 sunt,

94 1618 250 1686 «magna
276 1618 349 1664 cnm
369 1596 559 1665 auctoritate
576 1596 746 1682 cohibent,
769 1621 805 1666 ec
827 1598 879 1667 vel
901 1599 1059 1667 invitosa
1084 1597 1229 1666 moribus

11 1771 13 1792 p
94 1730 109 1766 r
131 1703 278 1794 pristinis
292 1711 412 1772 arcent.
433 1703 494 1770 Hic
512 1711 619 1772 autem
643 1725 708 1772 non
726 1703 759 1771 vi
774 1704 936 1788 adactum,
958 1705 1016 1773 sed
1038 1727 1228 1796 persuasum

93 1837 108 1874 r
130 1809 317 1900 hujusmodi
339 1809 502 1878 bominem
522 1818 647 1902 oportet
666 1810 708 1878 ad
729 1811 894 1880 meliorem
915 1811 1044 1901 frugem
1064 1833 1227 1882 revocare.

92 1944 108 1982 ι
127 1916 201 1985 Νοιι
213 1918 302 1985 enim
315 1925 404 1984 unta
414 1916 508 1985 nobis
524 1916 659 1986 facultas
674 1940 692 1984 a
706 1917 833 2007 legibus
845 1917 941 1987 datur
952 1919 994 1986 ad
1005 1919 1230 2011 delinquentes

93 2051 109 2089 ι
130 2022 325 2093 coercendos
345 2051 353 2092 r
373 2025 440 2092 imo
462 2023 587 2092 etiamsi
609 2021 789 2110 dedissent,
813 2047 879 2093 nen
898 2047 1066 2116 possemus
1085 2025 1141 2094 illa
1161 2027 1229 2106 uti;

92 2157 108 2195 r
129 2129 393 2222 quandoquidem
405 2131 492 2198 Dens
507 2151 574 2198 nen
587 2153 642 2200 ees
654 2138 799 2218 coronat,
814 2132 873 2223 qui
889 2132 922 2199 vi
936 2133 1039 2200 abacti
1054 2155 1074 2201 a
1087 2133 1231 2224 nequitia

93 2265 108 2302 a
130 2239 310 2326 abstinent,
335 2237 391 2307 sed
408 2259 464 2306 eos
482 2239 539 2330 qui
560 2260 602 2306 ex
620 2237 722 2307 libero
743 2239 908 2330 proposito
933 2239 974 2308 ab
994 2261 1032 2307 ea
1054 2239 1229 2310 declinant.

11 2375 12 2384 .
92 2345 348 2426 «Quamobrem
369 2346 472 2414 multa
489 2345 629 2436 quidem,
643 2353 711 2414 arte
734 2367 817 2437 epus
836 2356 901 2435 est,
925 2355 961 2415 ut
980 2347 1060 2437 regri
1081 2348 1231 2417 sacerdo-

93 2459 203 2519 rtum
232 2449 384 2519 remediis
411 2450 550 2520 libenter
576 2473 610 2518 se
637 2450 796 2543 subjicere
823 2453 1170 2546 suadeantu13neque
1197 2454 1231 2522 id

93 2557 248 2644 «solum,
269 2555 325 2626 sed
347 2565 382 2625 ut
405 2557 502 2625 etiam
524 2557 590 2624 illis
612 2558 746 2626 medelae
770 2559 909 2648 gretiam
928 2558 1078 2628 habeant.
1100 2561 1182 2630 Nam
1203 2563 1231 2628 si

92 2691 108 2730 a
131 2666 205 2756 quis
225 2665 355 2734 vinctus
377 2663 497 2733 resiliat
517 2661 563 2756 (id
586 2665 674 2732 enim
694 2687 793 2757 penes
812 2665 920 2756 ipsum
935 2665 994 2756 est)
1018 2649 1152 2757 gravius
1167 2667 1228 2736 sibi

12 2759 13 2850 ff
92 2797 108 2834 a
132 2771 254 2838 malum
271 2770 367 2839 efficit
387 2798 394 2838 :
417 2770 445 2838 si
464 2771 623 2839 manentis
645 2772 757 2859 verba,
781 2771 860 2840 terri
880 2794 968 2840 more
990 2774 1143 2861 samntia,
1160 2796 1231 2843 res-

12 2875 13 2900 ³
92 2905 109 2941 a
132 2880 253 2970 puerit,
270 2886 455 2968 contemptu
474 2899 533 2946 sue
553 2877 645 2946 aliud
665 2879 727 2949 sibi
748 2878 868 2946 vulnus
890 2879 1001 2970 adjicit
1021 2903 1082 2949 :ac
1098 2880 1230 2949 medelae

12 3059 13 3076 p
93 3012 109 3050 r
131 2985 309 3071 occasione,
329 2984 578 3054 vehementioris
602 2985 706 3053 morbi
728 3007 824 3054 censa
846 2987 1000 3072 nascitur,
1023 2989 1231 3079 nequeenim

94 3119 110 3156 ι
132 3099 180 3160 eet
193 3093 251 3182 qni
262 3092 330 3160 vim
342 3090 466 3176 aderat,
478 3112 536 3158 nec
549 3089 608 3182 qui
623 3112 737 3158 curare
751 3093 891 3160 invitum
902 3093 1014 3182 pessit.
1029 3092 1114 3175 Quid
1130 3094 1231 3183 igitur

95 3226 110 3262 ι
133 3199 317 3288 agendum?
332 3199 458 3267 Etenim
472 3199 500 3266 si
516 3197 625 3266 mitius
638 3219 716 3286 agas
727 3220 805 3266 oum
819 3221 870 3282 eo,
886 3199 943 3290 qui
958 3221 1077 3290 magna
1090 3202 1231 3270 sectione

93 3333 109 3370 a
131 3328 214 3396 opus
229 3305 337 3392 babet,
355 3327 458 3396 neque
472 3304 670 3397 profundam
690 3326 773 3395 epus
789 3303 921 3372 habenti
943 3305 1072 3398 plagam
1088 3307 1229 3397 inlligas,

12 3449 13 3502 ἢ
92 3439 108 3478 ι
132 3424 255 3505 partem
270 3413 416 3481 vulneris
431 3411 602 3500 abstulisti,
619 3419 743 3502 partem
758 3411 921 3501 reliquisti
940 3439 946 3479 :
970 3413 1021 3480 sin
1041 3416 1228 3506 requisitam

12 3559 13 3614 1
92 3545 108 3584 r
131 3521 304 3590 sectionem
324 3541 458 3612 prorsus
476 3518 681 3605 adhibueris,
702 3541 789 3610 saepe
810 3519 864 3587 ille
888 3518 1010 3588 doloris
1028 3521 1230 3613 impatientia

93 3653 109 3692 a
132 3629 279 3696 animum
299 3627 514 3718 despondens,
530 3625 682 3694 omnibus
697 3627 866 3714 confestim
882 3627 1020 3718 rejectis,
1037 3635 1106 3697 tum
1125 3630 1230 3698 medi·

12 3809 13 3820 *
93 3761 109 3798 a
132 3737 217 3820 eina,
234 3744 303 3802 tum
317 3733 483 3824 ligamine,
497 3733 638 3825 seipsum
652 3733 850 3825 praeeipitem
868 3733 971 3820 dabit,
984 3735 1122 3804 contrito
1135 3745 1230 3827 jugo,

12 3839 13 3858 *
92 3867 109 3907 r
133 3865 169 3911 ae
181 3841 344 3912 contracto
360 3840 502 3912 vinculo.
519 3867 536 3906 a
556 3841 615 3930 (De
626 3839 828 3923 Sacerdotio,
840 3840 897 3910 lib.
911 3845 943 3927 2,
960 3842 1058 3910 editio
1071 3843 1232 3913 Benedic-

90 3950 249 4037 tinorum,
265 3957 344 4016 tom.
363 3951 394 4036 1,
412 3971 486 4040 pag.
506 3947 597 4037 374.)

131 4057 326 4148 Respondes
344 4084 351 4124 ι
368 4058 436 4125 vim
453 4055 585 4148 quidem
602 4055 762 4146 probandi
782 4056 943 4147 dogmatis
961 4058 1058 4126 babet
1073 4061 1232 4129 sententia

13 4177 14 4182 ’
87 4163 272 4234 communis
285 4173 470 4234 sancmrum
487 4163 621 4232 Petrum
637 4162 671 4229 in
690 4161 803 4231 eodem
825 4161 981 4232 tradendo
997 4167 1133 4235 articula
1152 4189 1232 4236 con-

87 4271 304 4342 cordantium.
317 4273 360 4340 At
372 4294 449 4340 varo
460 4273 488 4340 si
500 4273 574 4364 quis
583 4273 665 4342 forte
682 4274 829 4364 ipsorum
841 4271 991 4339 nonnihil
1002 4273 1230 4366 alieubiscrip-

251 4397 271 4441 1.
1053 4387 1071 4446 t
