3032 4976
427 509 430 521 .
554 479 628 525 runs
650 477 756 525 rnrnr.
798 444 802 456 ⁸
1165 459 1226 526 329

89 619 116 667 c.
132 597 172 668 de
191 599 324 691 Poenis),
345 599 402 670 ubi
419 607 529 693 aperte
546 599 684 670 babetur
702 597 743 668 ad
766 599 926 691 poenalem
946 599 1139 670 seutentiam
1162 625 1227 672 nou

89 727 155 772 esse
167 703 421 791 deveniendum,
436 705 500 774 uisi
511 705 600 776 Reus
612 703 709 776 fuerit
723 705 901 794 confessus,
915 707 969 776 vel
983 706 1229 799 probationibus

88 811 276 882 clarissimis
296 813 476 882 convictus.
504 817 537 880 δ’
555 813 642 904 Lege
667 811 786 883 ultima
810 812 895 883 tituli
918 813 958 884 de
980 815 1231 886 Probetionidus

89 920 282 992 tustinisnei
302 920 433 1006 codicis,
452 920 509 990 ubi
530 919 570 990 ed
590 919 759 990 ferendam
783 921 978 992 senteutiam
995 921 1230 994 condemnato-
1301 995 1304 1008 ,

89 1026 173 1096 riam
196 1027 233 1097 in
255 1027 483 1099 criminalibus
506 1029 719 1121 requiruntur
745 1027 951 1122 probationes
973 1029 1178 1120 indubitata,
1197 1037 1230 1100 et

88 1135 158 1206 luce
175 1136 358 1209 meridiana
372 1136 535 1206 clariores.
556 1140 590 1205 6·
602 1136 671 1206 Hac
685 1135 809 1206 ratione
827 1163 834 1204 :
852 1136 939 1230 quod
955 1137 1230 1232 praesumptiones

88 1245 300 1336 quantumvis
308 1243 517 1316 vehementes
527 1242 604 1332 siut,
617 1243 679 1313 boe
690 1242 761 1336 ipso
770 1244 857 1337 quod
871 1266 938 1315 uon
947 1244 1014 1314 siut
1024 1245 1229 1339 probationes

88 1351 217 1444 proprie
241 1351 349 1440 diotre,
374 1353 510 1423 omnino
529 1359 655 1422 certum
675 1373 742 1420 uon
762 1350 887 1420 iaciunt
904 1351 1011 1422 Reum
1033 1351 1226 1446 deliquisse3

87 1459 174 1528 unde
187 1459 214 1526 si
228 1460 477 1550 condemnetur,
494 1459 640 1530 absolute
651 1457 798 1528 accidere
810 1479 904 1552 posse
914 1465 952 1528 ut
963 1458 1083 1551 injusta
1094 1459 1135 1528 sit
1149 1481 1229 1529 con-

88 1564 253 1638 damnatio
258 1594 268 1656 3
284 1591 351 1661 quo
369 1574 473 1637 stante
492 1564 650 1660 periculo,
666 1587 708 1635 ex
724 1565 795 1658 ipso
811 1564 885 1658 jure
904 1565 1045 1636 naturali
1063 1565 1229 1660 prohiberi

87 1697 128 1746 ne
141 1675 369 1746 condemnatio
383 1675 625 1769 pronuntietur.

131 1784 171 1852 11.
187 1783 546 1878 Expendursmtentie
559 1784 740 1877 effinnane.
755 1821 800 1836 --
810 1781 888 1851 Haec
899 1781 1036 1852 sustinet
1046 1805 1139 1876 posse
1150 1805 1229 1851 oon-

86 1889 235 1960 demuari
251 1891 359 1961 Reum
372 1913 414 1960 ex
429 1890 531 1960 nudis
545 1888 872 1984 praesumptionibus,
888 1885 987 1960 modo
1000 1889 1066 1958 sint
1079 1889 1228 1960 violentae

86 2005 118 2066 et
138 1998 298 2068 moralem
319 1997 547 2068 certitudinem
566 1997 733 2068 inducant.
753 1997 877 2066 Nititur
899 2000 929 2063 ¹·
949 1995 1053 2089 cupite
1070 1999 1126 2065 Ee·
1141 1996 1230 2066 litte-

86 2107 131 2174 ris
150 2107 216 2199 (12,
233 2106 272 2176 de
287 2106 627 2200 Presnmptionidus)‚
643 2105 700 2174 ubi
717 2127 756 2175 ex
773 2105 900 2174 actibus
915 2103 1074 2173 adulterio
1089 2103 1229 2197 propin-

85 2215 161 2306 qnis
184 2213 350 2306 judicetur
377 2213 504 2283 adulter
532 2212 735 2282 manifestus.
764 2215 797 2279 2ο
823 2211 909 2302 Lege
939 2211 1056 2280 ultima
1079 2209 1165 2280 tituli
1189 2210 1229 2281 da

86 2319 337 2390 Prudotienides
360 2319 395 2390 in
414 2319 616 2392 Justiuisneo
638 2318 758 2407 codiee,
782 2317 839 2386 ubi
861 2317 900 2386 ad
920 2316 1227 2387 condemnationem

85 2426 118 2495 in
135 2427 362 2497 criminalibus
377 2427 529 2497 statuitur
542 2425 688 2496 sufficere
700 2425 799 2494 etiam
812 2423 943 2494 indicia.
963 2428 995 2492 3⁰
1006 2424 1118 2516 Capite
1129 2424 1227 2494 Sicut

88 2535 114 2622 (1
123 2586 133 2621 ‚
149 2533 190 2604 de
205 2532 540 2628 Presumptionidnst,
557 2533 615 2602 ubi
629 2540 786 2625 tanquam
802 2531 941 2601 noxium
953 2529 1142 2600 habendum
1157 2553 1227 2599 esse

84 2641 218 2730 dicitur,
235 2665 311 2710 eum
328 2643 384 2734 qui
406 2641 559 2710 delictum
580 2641 756 2726 commisit,
774 2639 829 2708 sed
846 2637 924 2707 dicit
944 2637 1058 2708 tuden
1069 2639 1153 2732 [θοὴ
1167 2660 1226 2707 cu-

80 2749 139 2840 jus
154 2748 293 2841 proinde
309 2750 400 2818 mele
418 2749 555 2818 intentio
571 2749 605 2815 in
621 2745 779 2840 patrando
798 2745 935 2815 crimine
954 2745 1084 2815 videtur
1102 2767 1141 2815 ex
1159 2745 1227 2814 sola

84 2857 342 2950 praesnmptione
360 2854 511 2948 judicari.
537 2860 570 2923 4⁰
592 2855 660 2922 Hac
678 2855 803 2923 ratione
819 2881 827 2922 ε
844 2853 932 2946 quod
955 2851 1228 2946 presumptiones

83 2963 218 3058 quando
236 2963 387 3034 violentae
403 2985 459 3033 seu
475 2962 684 3032 vehementes
703 2968 792 3048 sunt3
810 2959 1057 3052 probationibus
1077 2959 1227 3053 aetpriva-

82 3072 186 3159 leaut,
198 3093 235 3140 ac
249 3071 386 3164 proinde
400 3069 553 3140 eumdem
567 3067 716 3138 effectum
728 3067 839 3137 sortiri
856 3065 1003 3136 debeant.

129 3179 187 3248 [Π.
205 3178 398 3271 Reponitur
411 3177 509 3246 tertie
522 3177 691 3246 sententie.
709 3213 753 3228 --
767 3175 847 3242 Haec
861 3181 947 3242 tenet
963 3171 1074 3264 puniri
1090 3171 1226 3265 quidem

82 3307 180 3379 posse
198 3285 307 3356 Reum
328 3305 369 3353 ex
391 3283 544 3354 violentis
568 3281 894 3376 presumptionibus3
919 3290 1112 3350 nontamen
1132 3303 1229 3374 poena

82 3393 264 3481 ordinaria,
280 3391 336 3462 sed
356 3391 477 3461 minori
497 3388 538 3459 sd
553 3390 726 3459 arbitrium
740 3387 871 3481 judicis.
890 3387 1036 3481 Proque
1054 3385 1228 3456 adducitur

82 3509 183 3594 eaput
199 3503 239 3570 10
254 3508 287 3569 et
301 3509 398 3592 ceput
416 3503 469 3587 tt,
487 3497 527 3568 de
538 3497 739 3590 Purpurione
750 3495 927 3579 canoniea;
945 3516 1067 3564 necnon
1081 3494 1136 3566 lex
1155 3493 1227 3564 Vim

74 3630 231 3702 pessum,
251 3606 285 3675 ff.
302 3606 341 3676 de
354 3607 443 3677 odel
458 3659 465 3674 .

131 3715 190 3783 tv.
215 3715 326 3784 Stante
350 3713 408 3783 illo
433 3713 601 3784 doctorum
627 3711 774 3800 dissidio,
795 3707 922 3804 putavit
936 3707 1229 3800 Scbmalegrueber

82 3822 150 3892 hoc
164 3820 262 3890 modo
280 3819 440 3911 distingui
453 3841 572 3914 posse:
593 3825 625 3888 1ο
641 3819 683 3888 ob
701 3819 802 3888 kuem
822 3815 1112 3910 praesumptionem
1130 3839 1228 3887 uerno

80 3927 298 3998 condemnari
307 3936 411 4020 potest
420 3927 518 3998 etiam
528 3927 568 3998 ad
582 3949 713 4020 poeuam
723 3925 922 3996 ordinariam
935 3922 1114 3994 minorem.
1129 3927 1163 3990 2⁰
1175 3923 1227 3995 Ex

81 4035 343 4128 presumptione
352 4035 446 4127 juris
461 4046 492 4104 et
507 4033 637 4126 dejure
652 4041 754 4126 potest
768 4032 857 4102 Reus
871 4029 1082 4101 condemnari
1097 4029 1137 4098 ad
1153 4053 1222 4123 pos·

81 4143 280 4212 nemetiam
297 4141 516 4228 ordinariam3
534 4141 612 4234 quia
625 4163 743 4232 nempe
760 4140 815 4209 lex
837 4138 871 4208 in
890 4137 952 4208 boc
964 4159 1040 4207 casu
1054 4137 1126 4206 vult
1140 4159 1225 4230 prae·

82 4249 308 4344 sumptionem
331 4247 442 4324 haberi
469 4271 528 4345 pro
553 4249 703 4338 veritate;
724 4245 811 4321 unde
835 4245 900 4321 uisi
922 4244 994 4314 talis
1013 4245 1228 4346 presumptio
