3046 4968
301 479 339 546 8l
673 501 849 549 ratchisus
873 502 912 548 aa
934 501 1067 551 summe.

297 645 361 690 non
378 622 423 694 ad
436 623 627 705 Ecclesiam,
646 621 685 692 de
699 625 818 693 talibus
831 627 1078 717 possessionibus
1088 623 1255 716 judicare,
1271 647 1312 692 ue
1326 618 1431 692 video-

299 731 460 822 murjuri
469 733 567 821 llepis
581 732 760 822 Araplorum
776 733 957 814 detrahere,
976 733 1034 824 qui
1047 734 1196 824 ipsarum
1210 732 1378 824 judicium
1392 731 1435 800 od

296 860 329 904 se
353 839 467 906 asserit
487 839 661 929 pertinere,
681 840 889 930 fraternitati
910 853 1023 910 vestra
1048 839 1258 921 mandamus,
1280 853 1434 931 quatenus

298 945 621 1036 Reqipossessionum
639 947 808 1036 judicium
828 949 1057 1040 relinquentes,
1074 948 1114 1017 de
1128 970 1227 1016 causa
1245 946 1433 1038 principali,
1510 931 1511 940 ἵ

296 1051 441 1120 videlicet
455 1063 569 1120 atnam
582 1053 692 1121 'mater
702 1053 855 1144 predicti
867 1058 905 1122 lt.
914 1108 934 1123 ..
953 1053 992 1122 de
1007 1055 1153 1144 lepitimo
1170 1055 1213 1122 sit
1227 1053 1435 1121 matrimonio

294 1173 388 1240 nato,
415 1161 543 1250 plenius
571 1162 767 1253 capnoscatis
798 1175 831 1229 et
860 1185 994 1232 causam
1026 1161 1220 1251 hujusmodi
1247 1161 1432 1228 terminetis.

296 1265 376 1346 Quis
391 1289 457 1334 non
471 1266 558 1334 videt
579 1268 765 1337 Pontificem
793 1269 900 1353 illum,
917 1269 995 1340 dum
1019 1277 1083 1336 tam
1110 1269 1290 1336 luculenter
1307 1291 1436 1336 causam

295 1375 533 1464 possessionum
546 1374 592 1442 ud
602 1397 721 1465 recem,
734 1399 802 1444 non
811 1376 857 1445 od
866 1377 1047 1445 Ecclesiam
1061 1377 1222 1467 pertinere
1234 1375 1434 1466 pronuntiat,

294 1479 525 1570 aquivnenter
545 1482 686 1550 edixisse
713 1481 861 1572 alteram,
880 1481 919 1550 de
942 1484 1053 1552 valore
1079 1505 1196 1574 nempe
1222 1481 1435 1566 matrimonii,

293 1608 360 1655 non
376 1587 484 1654 minus
497 1589 629 1680 proprio
642 1589 730 1680 jure,
744 1589 955 1658 ecclesiastico
968 1591 1041 1658 foro
1057 1589 1195 1681 subjicit
1207 1589 1292 1656 Cum
1308 1609 1386 1676 ergo
1402 1587 1437 1654 in

293 1692 388 1784 praxi
403 1702 434 1761 et
450 1693 620 1786 disciplina
636 1719 672 1764 ao
686 1697 888 1786 legislatione
902 1720 962 1765 sua
983 1697 1126 1788 generali
1142 1703 1281 1787 nequeat
1297 1694 1438 1764 Ecclesia

293 1798 471 1891 quidquam
486 1824 658 1871 erroneum
675 1812 732 1871 aut
746 1803 905 1894 injustum
920 1803 1103 1892 decernere,
1118 1813 1149 1871 et
1164 1803 1226 1871 sibi
1239 1812 1276 1870 ut
1290 1803 1439 1892 proprias
1510 1803 1511 1810 '

292 1907 353 1976 hoc
370 1908 464 1978 modo
480 1932 593 1979 causas
609 1911 862 1980 matrimoniales
886 1933 998 1980 omnes
1019 1909 1246 1997 vindicaverit,
1264 1908 1437 1977 dicendum
1510 1917 1511 1928 ¹

294 2037 406 2084 causas
419 2016 492 2083 illas
506 2017 546 2083 ad
562 2017 664 2108 ipsam
681 2039 795 2086 revera
815 2019 980 2087 exclusive
997 2019 1171 2111 pertinere.

339 2123 500 2191 Probatur
517 2127 560 2190 3⁰.
589 2124 639 2190 Ex
660 2146 765 2216 nuper
789 2124 901 2193 habita
920 2125 954 2192 in
977 2124 1167 2194 consistorio
1192 2124 1244 2192 Pii
1268 2125 1366 2216 Papae
1392 2123 1439 2191 lx

295 2230 487 2299 allocutione
511 2235 550 2296 27
579 2231 771 2322 septembris
803 2236 904 2318 1852,
936 2233 981 2300 sic
1013 2233 1142 2301 orditur
1168 2231 1319 2300 allocutio
1349 2231 1436 2299 illa:

299 2365 316 2404 «
338 2337 597 2406 Acerbissimum
616 2338 796 2425 vobiscum,
813 2339 1014 2407 venerabiles
1028 2341 1158 2424 fratres,
1177 2337 1272 2406 hodie
1287 2361 1440 2407 commu-

298 2471 314 2510 α
339 2445 484 2513 uiuamus
498 2444 658 2530 dolorem,
674 2469 739 2537 quo
756 2446 884 2536 jamdiu
905 2447 1018 2514 intime
1041 2446 1222 2537 premimur
1237 2445 1279 2513 ob
1295 2445 1441 2514 maxima

296 2561 368 2618 oet
395 2574 561 2642 uunquam
591 2553 668 2620 satis
697 2551 840 2642 lugenda
869 2551 1000 2638 damna,
1028 2553 1148 2643 quibus
1179 2551 1289 2643 pluras
1317 2552 1440 2621 abhinc

300 2687 317 2724 u
340 2683 454 2745 annos,
475 2659 631 2728 catholica
657 2659 797 2728 Ecclesia
815 2660 849 2728 in
872 2660 1125 2750 Neogranatensi
1149 2660 1313 2751 republica
1341 2661 1442 2728 mise-

300 2795 317 2831 «
340 2766 480 2835 randum
497 2767 531 2833 in
547 2766 680 2836 modum
694 2766 863 2857 affligitur.
892 2795 907 2830 a

340 2874 417 2942 Post
434 2883 622 2942 enumerata
638 2883 746 2942 autem
764 2874 865 2943 multa
890 2898 909 2942 a
929 2873 1013 2943 dicto
1029 2875 1189 2964 gubernio
1205 2876 1240 2944 in
1259 2876 1442 2945 detrimen-

299 2992 367 3050 tum
399 2981 550 3049 Eeclesiae
577 2988 745 3067 attentata,
775 2981 819 3048 sic
847 2983 1054 3074 prosequitur
1086 2982 1235 3051 Pontifex
1268 3011 1275 3050 :
1309 2983 1443 3052 «Nihil

302 3118 317 3152 o
342 3087 480 3155 dicimus
509 3087 548 3154 de
576 3088 640 3156 alio
668 3087 725 3156 illo
753 3087 895 3173 decreto,
923 3111 988 3180 quo
1016 3089 1214 3157 matrimonii
1246 3091 1445 3158 sacramenti

300 3194 505 3283 «mysterio,
539 3194 708 3283 dignitate,
739 3195 920 3282 sanctitate,
953 3196 1086 3263 omnino
1113 3195 1272 3286 despecta,
1302 3197 1446 3288 ejusque

302 3301 542 3369 «institutione
573 3309 604 3370 et
631 3312 748 3370 natura
775 3324 911 3392 prorsus
942 3301 1090 3391 ignorata
1124 3311 1155 3370 et
1187 3323 1312 3389 eversa,
1342 3313 1446 3394 atque

303 3437 320 3474 «
343 3407 496 3475 Ecclesia
528 3409 562 3474 in
594 3417 829 3476 sacramentum
861 3409 946 3477 idem
976 3417 1128 3500 potestate
1158 3411 1288 3500 penitus
1317 3419 1444 3501 spreta,
1510 3435 1511 3452 ¹

303 3515 583 3608 sproponebatur
606 3514 702 3606 juxta
728 3515 797 3606 jam
827 3515 996 3584 damnatos
1032 3515 1259 3585 hereticorum
1297 3539 1445 3602 errores,

303 3652 318 3686 u
343 3633 439 3714 atque
465 3620 620 3690 adversus
638 3621 803 3690 catholica
827 3623 977 3692 Ecclesia
1001 3623 1194 3709 doctrinam,
1212 3633 1248 3692 ut
1271 3625 1448 3692 matrimo-

303 3733 435 3798 unium
463 3737 616 3819 tanquam
640 3728 747 3795 civilis
773 3739 898 3798 tantum
926 3738 1111 3799 contractus
1137 3729 1324 3816 haberetur,
1347 3743 1379 3799 et
1410 3734 1447 3800 in

306 3863 323 3902 u
346 3836 445 3904 variis
460 3833 587 3902 casibus
608 3833 784 3903 divortium
808 3837 937 3927 proprie
959 3835 1081 3904 dictum
1102 3837 1293 3923 sanciretur,
1310 3861 1451 3908 omnes·
1510 3857 1511 3874 ¹

305 3971 321 4008 u
345 3966 409 4034 que
424 3941 675 4010 matrimoniales
695 3964 801 4009 caussae
823 3942 863 4010 ad
884 3943 967 4011 laica
982 3943 1186 4012 deferrentur
1204 3944 1398 4033 tribunalia,
1416 3958 1452 4014 et
1510 3945 1511 3968 ¹

306 4079 322 4116 a
345 4051 386 4116 ab
409 4049 473 4117 illis
496 4046 739 4139 judicarentur,
758 4072 833 4117 cum
857 4073 953 4118 nemo
981 4073 1024 4118 ex
1046 4050 1211 4118 catholicis
1236 4049 1367 4140 ignoret
1388 4067 1455 4120 aut

305 4185 322 4222 u
347 4158 498 4245 ignorare
518 4157 618 4246 possit
635 4156 878 4224 matrimonium
896 4181 963 4225 esse
978 4180 1053 4225 vere
1072 4168 1104 4226 et
1123 4158 1253 4249 proprie
1275 4181 1380 4226 uuum
1405 4183 1452 4227 ex

305 4291 323 4332 a
346 4271 467 4355 septem
493 4263 688 4354 evangelicae
711 4264 793 4354 legis
816 4265 1022 4332 sacramentis
1038 4287 1056 4332 a
1074 4263 1204 4332 Christo
1224 4265 1367 4334 Domino
1391 4269 1453 4334 in-
