3030 4980
478 541 481 548 A
534 447 613 540 'raas
636 493 781 544 secunus.
1162 477 1221 544 481

88 634 120 702 q.
135 611 224 703 687).
235 611 324 681 Idem
336 611 435 682 tradit
445 613 627 684 Cardiual'ns
640 615 679 683 de
695 616 782 684 Luca
795 613 1014 706 (deludimis),
1025 615 1175 685 discursu
1188 619 1218 706 5,

89 742 122 785 n.
143 721 187 810 l.)
1279 760 1282 767 -

133 829 166 892 3ο
197 825 423 896 Abstraheudo
448 851 468 896 a
495 824 743 919 partlcdlaribus
768 829 912 898 locorum
935 829 1227 900 consuctudinibus

87 934 172 1002 circa
195 933 329 1002 modum
353 934 424 1005 hmo
443 935 600 1005 voeabula
622 935 869 1028 interpretandi,
895 935 1059 1006 videretur
1085 938 1227 1007 notarios

87 1042 172 1109 inter
187 1050 218 1109 et
233 1043 391 1111 actuarios
407 1066 465 1111 seu
483 1042 702 1132 cancellarios,
727 1043 873 1112 eamdem
898 1067 935 1112 ac
957 1067 1061 1134 genus
1087 1045 1172 1113 inter
1197 1054 1229 1114 et

87 1148 207 1240 species
226 1172 302 1218 suas
318 1148 533 1218 differentiam
559 1149 768 1220 intercedere.
796 1150 894 1237 Nam,
921 1173 964 1220 ex
985 1174 1049 1220 usu
1073 1152 1228 1244 loquendi

89 1255 194 1346 magis
209 1255 377 1327 ordinario
394 1258 442 1347 (ut
457 1256 597 1348 videtur)
613 1258 748 1326 actuarii
764 1256 934 1346 vocabulo,
952 1281 1018 1326 nou
1034 1266 1160 1326 tantum
1175 1259 1229 1326 in-

88 1363 243 1453 telligitur
263 1365 321 1455 qui
346 1372 450 1456 potest
472 1373 542 1433 acta
557 1363 696 1433 scribere
711 1387 785 1456 quae
803 1365 901 1434 fidam
915 1364 1080 1457 publicam
1096 1366 1228 1456 iaciant,

87 1469 142 1539 sed
160 1471 294 1564 iusuper
316 1473 372 1564 qui
396 1471 436 1540 de
447 1475 535 1564 sacto
549 1470 726 1565 deputatus
737 1473 804 1563 suit
829 1471 871 1541 ad
886 1473 1119 1542 conscribenda
1140 1474 1228 1566 ejus-

88 1577 176 1648 modi
201 1587 272 1648 aeta
298 1580 334 1647 iu
363 1579 475 1672 aliqua
503 1581 595 1649 curia
624 1588 681 1648 aut
709 1579 914 1648 concedatis.
945 1580 1010 1663 Qui
1029 1592 1138 1649 eutem
1168 1581 1232 1651 fuit

87 1684 257 1754 dumtaxat
279 1694 407 1755 creatus
430 1689 588 1775 notarim,
620 1687 677 1754 sed
702 1686 850 1755 noudum
878 1686 919 1754 ad
948 1687 1166 1757 exercendum
1195 1690 1230 1758 in

87 1791 197 1883 aliqua
218 1793 309 1861 curia
330 1802 387 1861 aut
408 1792 600 1862 cancellarie
620 1792 768 1864 officium
793 1816 889 1862 suum
919 1793 1105 1886 deputatus,
1124 1806 1231 1864 servat

88 1897 205 1966 notarii
221 1921 359 1986 nomem
377 1923 444 1968 uou
459 1909 581 1988 autem,
594 1901 690 1991 juxta
705 1901 808 1990 magia
824 1907 990 1993 receptum
1009 1925 1116 1989 usum,
1135 1926 1231 1971 voca-

87 2015 141 2074 tur
154 2006 317 2076 actuarius
333 2030 392 2076 nee
406 2008 617 2076 cancellarius
635 2034 642 2074 :
659 2030 700 2076 ne
713 2029 789 2076 cum
802 2008 916 2093 altero,
934 2007 992 2100 qui
1015 2007 1055 2076 de
1071 2009 1155 2078 facto
1169 2011 1231 2078 de·-

86 2123 218 2206 putatus
229 2123 325 2206 atque
337 2115 436 2186 curiae
451 2114 548 2184 alicui
564 2114 615 2184 vel
624 2114 824 2184 cancellaria
839 2115 988 2185 addictus
999 2115 1074 2202 tuit,
1092 2116 1231 2186 confuu-

86 2221 193 2290 datur.

131 2331 169 2397 Iu
195 2329 256 2398 hoc
279 2351 377 2420 porro
390 2351 488 2398 sensu
501 2328 639 2421 quilibet
653 2328 819 2419 legitimus
834 2329 997 2398 actuarius
1021 2337 1052 2398 et
1074 2330 1230 2399 cancella-

86 2435 158 2504 rius
180 2444 227 2505 ast
251 2436 351 2504 simul
375 2444 406 2504 et
429 2435 489 2505 hoc
510 2435 580 2526 ipso
604 2436 767 2522 notarius;
785 2435 944 2526 siquidem
961 2447 1031 2505 acta
1046 2460 1104 2528 per
1121 2438 1228 2528 ipsum

85 2543 206 2634 scripta
233 2542 333 2612 fidem
364 2542 498 2629 iaciunt,
532 2543 619 2633 quod
648 2543 824 2612 notariatus
849 2543 1020 2611 essentiam
1050 2545 1227 2613 coustituit.

87 2651 210 2719 Atvero
234 2672 301 2720 non
328 2649 397 2718 vice
414 2671 507 2718 versa
530 2648 667 2740 quilibet
691 2649 836 2717 noterius
862 2649 923 2717 erit
945 2657 1002 2717 aut
1026 2648 1088 2718 dici
1114 2651 1230 2742 poterit

86 2759 248 2826 actuarius
274 2784 281 2824 :
304 2755 464 2848 siquidem
492 2755 564 2823 talis
588 2754 767 2824 censendus
792 2779 857 2824 non
879 2764 938 2843 est,
956 2756 1080 2824 nisiex
1106 2756 1228 2848 adjecta

85 2863 149 2954 ipsi
165 2863 250 2933 dicta
264 2863 481 2956 deputatione.
506 2863 594 2952 Ergo
617 2863 795 2931 notariatus
821 2863 989 2932 habendus
1008 2873 1056 2932 est
1070 2871 1226 2956 tanquam

86 2993 203 3061 genus,
220 2971 282 3040 sub
303 2993 368 3063 quo
384 2970 519 3039 actuarii
536 2992 592 3039 seu
615 2969 799 3038 cancellarii
813 2970 1010 3060 peculiarem
1027 2971 1228 3039 notariorum

86 3081 231 3170 speciem
246 3079 457 3148 constituunt.
1053 3067 1056 3074 Δ

131 3191 164 3255 4⁰
180 3185 365 3277 Excogitari
385 3193 491 3278 posset
506 3195 537 3252 et
554 3183 644 3254 aliud
668 3183 868 3267 discrimen:
885 3182 971 3274 quod
992 3206 1107 3276 nempe
1129 3198 1226 3253 notu-

84 3293 129 3360 ric'
152 3294 390 3363 constituantur
404 3292 445 3360 ad
472 3291 570 3360 fidem
596 3291 777 3362 faciendam
810 3290 918 3382 quoad
945 3290 1099 3382 quaelibet
1126 3315 1225 3381 gene-

83 3401 181 3468 ratim
195 3409 266 3469 aeta
288 3426 295 3469 ε
314 3399 458 3468 actuarii
472 3407 504 3466 et
518 3398 700 3468 cancellarii
726 3397 902 3465 restrictiva
916 3397 1023 3488 quoad
1037 3407 1107 3467 acta
1122 3401 1224 3466 euriae

84 3507 154 3576 sive
169 3507 368 3575 cancellaria
382 3505 436 3574 cui
449 3504 656 3574 addicuntur.

131 3619 164 3680 5⁰
179 3613 244 3683 Sed
258 3613 418 3706 quidquid
433 3613 474 3680 sit
494 3611 534 3681 de
551 3613 600 3680 his
616 3635 635 3679 a
660 3612 752 3680 nobis
767 3611 947 3700 indigitatis
963 3613 1219 3702 discriminibus,

83 3721 151 3790 duo
173 3730 259 3790 certa
274 3729 350 3790 suut
367 3750 374 3788 ι
391 3721 514 3812 ptimo,
531 3717 638 3810 quoad
663 3717 873 3808 intelligenda
887 3719 1046 3809 ejusmodi
1067 3721 1225 3789 vocabula

81 3828 237 3897 standum
251 3828 395 3897 locorum
409 3823 699 3896 consuctudinibus
719 3851 726 3892 ι
745 3824 892 3906 sacrando,
907 3824 1051 3914 legitime
1065 3828 1221 3895 constitu-

82 3947 154 4004 tum
170 3936 350 4004 actuarium
377 3942 408 4002 et
424 3933 665 4020 cancellarium,
694 3932 805 4001 saltem
828 3933 936 4024 quoad
961 3940 1030 4000 acta
1045 3935 1144 4004 curiae
1164 3957 1222 4006 seu

81 4043 282 4112 cancellarie
297 4043 349 4112 cui
364 4041 573 4127 addicuntur,
591 4040 659 4108 vim
673 4039 874 4108 notariorum
889 4039 1020 4108 babere.

244 4380 264 4426 1.
1024 4370 1059 4432 31
