3056 4972
641 477 815 525 rubemus
838 479 877 524 llll
899 477 1030 526 runicus

782 759 886 850 eru.

565 927 631 990 Quid
646 930 700 982 siut
716 929 835 982 advocati
851 929 880 980 in
895 929 970 980 curta
985 930 1107 981 Romana.

316 1154 332 1192 a
357 1127 453 1218 Apud
468 1149 581 1196 omues
596 1125 678 1196 torte
691 1127 836 1219 reliquas
859 1127 1005 1196 civitates
1017 1135 1049 1195 et
1065 1126 1180 1196 mundi
1196 1133 1314 1218 partes,
1329 1149 1408 1218 quse

271 1237 404 1326 njuxta
431 1234 541 1304 civiles
568 1243 601 1303 et
626 1233 795 1304 canonicas
823 1235 923 1324 leges,
948 1257 1022 1304 eum
1049 1234 1278 1303 advocatorum
1304 1235 1409 1303 inter-

272 1369 290 1408 «
315 1348 427 1427 ventu,
443 1341 515 1410 lites
541 1347 572 1410 et
592 1341 718 1432 judicie
740 1341 930 1432 expediunt,
949 1341 1114 1433 praecipua
1136 1363 1243 1409 cansae
1269 1340 1409 1410 directio

272 1458 345 1517 uel
370 1471 461 1536 cura,
484 1458 552 1518 tum
578 1471 598 1517 e
624 1448 798 1541 principio,
823 1456 892 1517 tum
917 1448 952 1516 in
979 1449 1117 1518 decursu
1144 1455 1175 1516 et
1205 1447 1280 1535 tine,
1308 1471 1409 1539 penes

273 1583 290 1622 a
312 1557 505 1625 advocatum
521 1565 580 1624 cst.
592 1555 656 1637 Qui
667 1554 804 1647 proinde
819 1577 925 1624 causas
940 1561 1095 1648 patronus
1107 1555 1222 1624 merito
1234 1555 1405 1624 vocitatur.
1523 1639 1524 1642 Ἴ

272 1690 289 1729 a
313 1663 554 1732 Advocalorum
568 1663 688 1731 scilicet
704 1685 825 1731 munus
838 1669 933 1754 atque
953 1661 1099 1730 officium
1120 1670 1179 1748 est,
1196 1662 1320 1753 priores
1334 1661 1409 1730 illes

273 1797 290 1836 a
312 1770 505 1838 concinnare
525 1769 709 1862 petitiones,
726 1791 801 1861 quae
821 1769 920 1838 variis
941 1767 1129 1838 nominibus
1149 1767 1263 1856 libelli,
1277 1768 1409 1861 suppli-

273 1902 291 1944 c
313 1877 460 1963 cationis,
478 1875 728 1962 commissionis,
741 1875 919 1962 monitorii,
931 1883 963 1943 ct
978 1874 1141 1944 similibus
1154 1874 1228 1943 aliis
1243 1874 1409 1965 designari

273 2013 290 2052 a
315 1985 417 2054 solent
435 2013 442 2053 ε
461 1986 537 2054 item
554 1984 706 2053 articulos
722 1983 761 2052 ad
778 1983 999 2075 probationem
1021 1984 1189 2077 disponere
1207 2011 1215 2051 ε
1234 1985 1312 2052 item
1328 1983 1410 2052 alies

274 2119 291 2158 «
314 2093 493 2181 instantias,
510 2092 747 2184 responsiones,
763 2100 918 2183 actusque
941 2099 1075 2160 caetcros
1096 2091 1137 2159 ad
1160 2091 1289 2183 plenam
1305 2115 1410 2184 usque
1524 2163 1525 2180 ,

273 2221 482 2291 «processus
511 2198 774 2291 compilationem
805 2219 938 2266 exerere
971 2225 978 2266 :
1011 2198 1088 2266 item
1123 2206 1194 2288 post
1225 2197 1409 2268 absolutam

273 2307 467 2399 «utrinque
492 2305 761 2374 documentorum
791 2305 1049 2396 productionem,
1075 2305 1240 2397 processui
1263 2304 1408 2394 studere,

275 2443 292 2480 a
315 2413 533 2506 clientumque
553 2413 707 2502 rationes,
725 2410 794 2480 sive
818 2435 892 2505 quas
908 2411 949 2480 ad
963 2412 1098 2500 iactum,
1117 2412 1185 2482 sive
1200 2435 1274 2504 quae
1297 2412 1412 2505 adjus

274 2547 291 2588 a
315 2521 477 2614 pertinent
493 2541 620 2610 urgere.
638 2520 685 2587 lta
701 2518 787 2610 quod
802 2527 1027 2612 procuratores
1039 2519 1102 2588 dici
1116 2519 1239 2610 possint
1253 2521 1335 2588 meri
1349 2519 1409 2588 ad-

274 2655 291 2694 (ι
314 2636 501 2698 vocatorum
518 2625 670 2711 ministri,
685 2646 863 2716 eorumque
880 2625 1032 2694 mecauioi
1047 2625 1189 2717 quodam
1205 2624 1301 2695 modo
1314 2625 1411 2717 adju·
1525 2663 1526 2666 ¹

276 2761 293 2802 u
314 2744 401 2804 tores
420 2735 454 2801 in
476 2731 673 2802 deducendis
688 2733 729 2801 ad
743 2733 964 2802 executionem
981 2733 1198 2822 citationibus,
1213 2732 1411 2803 exhibendis

190 2913 194 2920 ,
276 2869 292 2908 u
316 2843 463 2927 testibus,
474 2838 703 2931 conquirendis
718 2840 900 2931 scripturis,
913 2841 1049 2932 aliisque
1064 2840 1096 2908 id
1111 2863 1215 2932 genus
1230 2863 1412 2933 procuran-

275 2975 292 3016 κ
315 2949 382 3036 dis;
401 2969 540 3016 necnon
559 2968 664 3014 oausae
683 2946 865 3014 studentem
886 2947 1079 3017 advocatum
1100 2947 1301 3040 adjuvando,
1318 2948 1413 3017 iudi-

275 3083 292 3122 a
315 3055 393 3124 catis
408 3055 437 3123 ei
451 3075 527 3146 quae
543 3053 647 3142 magis
659 3053 701 3121 od
716 3074 786 3121 rem
800 3052 922 3122 faciunt
937 3053 1205 3124 documentorum
1219 3063 1252 3123 et
1265 3055 1414 3147 scriptu·

276 3190 293 3230 a
316 3183 428 3230 rarum
451 3159 590 3252 paginis.
617 3185 634 3224 o

320 3295 337 3333 a
360 3268 482 3338 Alvero
503 3267 538 3333 iu
557 3267 656 3336 Curia
675 3265 834 3355 Romana,
852 3267 1013 3336 contrarie
1037 3267 1197 3336 dictorum
1225 3267 1412 3337 officiorum

276 3405 293 3442 (ι
316 3374 518 3445 ordinatione
534 3373 731 3466 proceditur.
749 3374 799 3442 Ibi
820 3374 908 3442 euim
924 3375 1075 3464 prelatas
1090 3373 1234 3465 aliasque
1255 3397 1414 3467 procura-

278 3513 294 3550 «
317 3493 424 3553 torum
442 3491 550 3572 partes
563 3481 684 3550 obeunt
705 3481 928 3550 sollicitatores
942 3509 952 3548 :
968 3505 1049 3573 quas
1063 3503 1140 3552 vero
1154 3482 1252 3552 modo
1265 3482 1414 3554 diximus

278 3619 294 3657 a
318 3613 385 3660 esse
399 3588 630 3657 advocatorum
645 3587 805 3678 proprias,
822 3611 875 3657 eas
894 3587 956 3656 sibi
977 3597 1148 3658 assumunt
1162 3604 1394 3681 procuratores
1399 3619 1414 3674 ;

276 3726 292 3764 a
316 3697 373 3789 qui
399 3693 546 3786 proinde,
565 3717 630 3762 non
652 3715 730 3762 vero
748 3694 907 3781 advocati,
926 3717 966 3764 ex
992 3693 1086 3763 dictae
1106 3695 1216 3765 Curiae
1238 3697 1335 3788 stylo,
1353 3720 1416 3789 pro

277 3825 489 3873 «causarum
515 3802 660 3894 patronis
688 3800 861 3870 habentur.
893 3801 987 3871 Unde
1013 3801 1105 3871 solita
1129 3802 1217 3894 apud
1240 3805 1417 3896 scriptores

276 3908 491 3994 «adnotatio,
515 3905 549 3974 id
579 3904 666 3998 epud
696 3905 875 3974 Romanam
904 3907 1037 3976 Curiam
1065 3929 1133 3976 esse
1156 3917 1415 4000 procuratorem,

276 4043 294 4082 u
317 4013 403 4107 quod
420 4012 506 4105 apud
522 4012 672 4102 regiones
685 4021 816 4082 oaeteres
836 4013 1050 4083 advocatus...
1067 4015 1152 4083 Hinc
1166 4037 1245 4086 vero
1266 4018 1418 4110 sequitur

275 4149 293 4189 a
316 4120 469 4191 aduocati
481 4119 627 4189 officium
637 4119 672 4187 in
683 4118 783 4188 Curia
797 4121 943 4190 Romana
958 4143 1026 4189 esse
1039 4121 1121 4213 quid
1137 4121 1303 4212 singulare
1315 4132 1416 4218 etque

276 4256 292 4296 a
315 4228 363 4298 illi
379 4227 488 4296 Curia
504 4226 674 4318 proprium
694 4253 701 4295 ε
718 4227 873 4317 restringi
887 4251 1002 4320 nempe
1017 4228 1059 4296 ad
1075 4251 1196 4299 munus
1216 4231 1297 4300 meri
1309 4229 1415 4323 juris-
