3032 4976
563 492 638 540 rens
660 492 765 541 remi.
1166 480 1228 547 273

90 633 111 676 ι
133 633 233 703 quem
253 613 289 680 in
303 611 367 682 elio
389 619 553 700 moretur;
577 613 633 682 sed
654 636 806 705 magnam
829 616 907 685 unni
928 623 1065 709 purtem,
1086 617 1231 712 adeoque

89 743 109 786 α
134 719 236 788 ferme
248 720 418 811 equaliter
432 721 467 787 in
483 729 621 812 utroque
638 721 720 808 loco,
745 721 888 792 babitare
909 723 1027 792 solent:
1046 733 1123 794 tunc
1143 729 1231 796 enim

89 851 110 890 α
134 826 316 895 censebitur
331 828 366 894 in
386 835 525 920 utroque
543 827 626 914 loco,
647 828 698 896 vel
720 828 755 895 in
776 829 929 899 omnibus
949 831 1013 898 illis
1031 831 1231 904 domicilium

90 957 110 996 e
135 931 298 1002 hebere.»
319 933 500 1024 (Pirrhing,
518 935 552 1002 in
568 934 616 1001 tit.
637 938 669 1020 2,
688 933 764 1002 libri
780 939 799 1002 2
818 937 960 1024 Decret,
975 959 1008 1007 n.
1030 937 1097 1028 13.)

135 1043 170 1106 2⁰
189 1037 359 1120 Quomodo
379 1062 420 1107 ex
444 1039 607 1108 domicilio
629 1039 836 1110 habitationis
868 1043 998 1134 proprie
1018 1044 1103 1112 dioto
1122 1046 1233 1114 deter-

85 1147 233 1216 minntus
251 1156 415 1215 remanent
435 1147 525 1216 lorus
544 1171 601 1217 seu
620 1147 722 1238 judex
736 1157 931 1241 competens.
950 1189 994 1204 -
1014 1178 1031 1216 κ
1048 1149 1107 1221 Vis
1122 1151 1233 1222 domi-

89 1279 109 1318 e
133 1253 199 1322 eilii
229 1254 437 1324 habitationis
463 1254 624 1344 generalis
653 1265 712 1340 est,
749 1263 784 1324 ut
809 1257 935 1325 ratione
964 1257 1052 1328 illius
1081 1261 1234 1329 sortietur

88 1387 107 1424 u
132 1360 330 1451 quietorum
345 1360 452 1452 quood
474 1361 659 1430 universum
676 1360 947 1452 jurisdictionem,
965 1373 1030 1433 tum
1051 1367 1233 1434 contentio-

87 1493 108 1532 «
131 1491 215 1553 snm,
231 1488 329 1560 quum
346 1468 585 1548 voluntariem3
602 1476 650 1536 est
663 1469 750 1536 enim
766 1471 927 1559 generalis
948 1479 980 1538 et
999 1471 1164 1562 praecipua
1177 1471 1233 1564 ju-

87 1599 106 1638 e
131 1573 329 1644 risdictionis
351 1595 466 1661 ceuse3
482 1574 526 1642 itu
542 1584 579 1642 ut
594 1575 653 1644 soli
669 1574 715 1642 illi
735 1576 791 1666 qui
811 1574 1015 1645 domicilium
1035 1577 1153 1647 alicubi
1173 1578 1233 1647 ho—

88 1707 106 1746 s
131 1681 212 1748 bent
224 1689 255 1749 et
270 1681 384 1750 incolae
400 1689 490 1767 sunt,
507 1682 639 1773 proprie
659 1705 696 1749 cc
712 1680 903 1772 simpliciter
918 1683 984 1750 sint
998 1683 1131 1754 subditi.
1149 1686 1233 1755 Hinc

87 1815 105 1852 u
130 1811 206 1856 oum
226 1788 379 1858 omnibus
398 1788 472 1856 aliis
495 1787 573 1856 loris
596 1789 771 1875 concurrit,
789 1789 855 1858 imo
878 1789 918 1858 iis
938 1791 1100 1881 potentius
1115 1800 1163 1861 est
1178 1845 1230 1881 ...,

86 1931 103 1966 ι
130 1913 267 1995 excepto
280 1903 352 1973 loro
366 1904 414 1972 rei
428 1905 511 1990 sitae,
528 1903 568 1972 dc
588 1928 654 1997 quo
669 1905 765 1974 inire.
790 1907 839 1973 lte
858 1908 1042 1975 communis
1061 1906 1231 1980 doctorum

86 2037 103 2074 ι
130 2011 299 2078 sententie.
319 2038 335 2076 n
354 2009 667 2102 (Scbmnlzgrueber,
684 2013 719 2079 in
742 2012 790 2081 tit.
815 2015 848 2098 2,
868 2013 943 2082 libri
963 2017 981 2080 2
1002 2014 1230 2105 Decretnlium,

81 2139 117 2184 n.
141 2119 212 2207 15.)

132 2252 150 2290 c
176 2226 237 2294 Per
257 2227 365 2295 lorum
385 2226 557 2311 domicilii,
575 2224 663 2317 qnod
687 2227 889 2296 contrabitur
909 2229 1037 2298 ratione
1056 2229 1231 2300 habitatio·

84 2359 101 2396 n
128 2334 182 2400 nis
197 2332 427 2423 permanentis,
445 2333 481 2400 lit
497 2334 570 2424 quis
584 2333 730 2402 absolute
746 2332 896 2403 subditus
909 2334 1014 2427 judici
1029 2359 1088 2404 seu
1108 2342 1230 2428 megis-

84 2466 101 2503 ι
126 2440 226 2508 tratui
236 2440 312 2526 loci,
321 2449 389 2509 tem
402 2440 437 2508 in
451 2439 557 2508 causis
569 2439 719 2510 civilibus
734 2464 832 2532 quom
845 2442 1109 2526 criminalibus...
1124 2443 1231 2525 Quare

84 2573 101 2610 u
123 2546 229 2637 judex
251 2546 405 2615 domicilii
432 2569 638 2637 cognoscere,
660 2557 691 2614 et
711 2548 861 2616 subditus
882 2549 1005 2618 ratione
1032 2550 1119 2618 illius
1142 2553 1229 2644 apud

83 2679 100 2716 ι
125 2652 279 2721 eumdem
299 2652 466 2721 conveniri
489 2661 611 2744 potest;
637 2675 703 2722 non
727 2663 853 2722 tentum
873 2655 913 2724 de
936 2656 1152 2725 contractibus
1174 2667 1230 2728 out

82 2785 100 2824 e
125 2759 253 2828 delictis
266 2759 301 2826 in
315 2760 385 2828 loco
405 2759 573 2846 domicilii,
592 2759 648 2829 sed
669 2760 766 2828 etiam
785 2761 876 2849 alibi,
897 2762 965 2830 sive
987 2773 1080 2832 extre
1099 2765 1229 2834 territo-

83 2892 100 2931 ι
126 2866 215 2935 rium
236 2865 336 2953 illius,
356 2866 523 2936 celebretis
537 2874 594 2935 eut
616 2867 809 2956 commissis,
823 2869 875 2937 vel
894 2869 935 2936 de
954 2893 989 2938 re
1003 2870 1081 2939 olibi
1097 2873 1176 2951 sita;
1193 2883 1229 2942 ut

81 3001 98 3036 ι
124 2973 220 3041 docet
234 2973 345 3042 Abbns
361 2974 406 3062 (in
422 2975 470 3043 tit.
487 2979 520 3060 2,
539 2972 615 3042 libri
633 2979 651 3041 2
668 2974 810 3064 Decret,
828 2998 862 3043 n.
886 2975 954 3065 ³8),
973 2976 1102 3064 ubisit,
1118 2978 1227 3049 lorum

81 3107 99 3145 ι
124 3080 282 3148 domicilii
303 3103 372 3148 esse
392 3079 501 3149 lorum
521 3079 724 3149 ordinarium
743 3090 775 3148 et
794 3082 944 3172 generale
969 3083 1076 3174 qnoed
1099 3087 1224 3174 omnie3

81 3213 99 3252 c
122 3185 208 3256 adeo
221 3194 258 3256 ut
268 3188 344 3278 quis
358 3187 514 3256 sortiatur
528 3187 638 3256 lorum
653 3189 689 3255 in
704 3189 773 3256 loco
795 3187 966 3277 domicilii,
988 3191 1056 3258 sive
1072 3191 1117 3260 ibi
1134 3215 1227 3286 repc-

81 3321 99 3358 u
124 3295 231 3362 riatur
246 3303 277 3362 et
291 3295 420 3383 existet,
437 3295 504 3362 sive
523 3318 600 3362 non.
623 3295 726 3386 quue
748 3295 889 3364 sumitur
911 3318 952 3364 ex
973 3296 1044 3386 lege
1065 3302 1096 3385 1,
1110 3323 1137 3368 c.
1166 3301 1228 3370 Udi

82 3428 99 3466 c
123 3401 167 3469 de
180 3401 315 3469 crimine
330 3402 387 3492 aqi
401 3413 569 3492 oporteat;
583 3401 639 3469 ubi
658 3400 778 3470 dicitur
789 3403 879 3492 quod
893 3403 942 3471 rei
957 3404 1131 3474 criminum
1150 3432 1225 3500 pos-

82 3533 99 3571 e
123 3520 203 3576 sunt
217 3510 356 3576 coerceri
374 3507 429 3576 ubi
449 3507 565 3576 delicte
583 3509 755 3576 commissa
774 3507 826 3576 vel
847 3508 998 3578 inchoato
1018 3521 1105 3601 sunt,
1122 3525 1153 3582 et
1168 3516 1224 3584 ubi

82 3642 99 3679 ι
123 3617 334 3706 reperiuntur
361 3615 479 3684 bebere
508 3614 758 3683 domicilium...
775 3614 1007 3704 Quamobrem,
1030 3619 1104 3688 licet
1119 3621 1222 3712 judex

82 3749 100 3787 e
123 3722 281 3792 domicilii
304 3745 369 3791 non
393 3723 494 3814 possit
516 3719 684 3790 subditum
706 3723 885 3809 absentem,
905 3731 999 3792 extra
1024 3727 1222 3799 territorium

82 3855 100 3893 ι
124 3851 223 3897 suurn
244 3851 356 3919 cepere
379 3827 465 3919 (cum
485 3827 545 3896 iste
563 3828 604 3894 sit
624 3835 715 3895 nctus
736 3825 903 3918 judicialis
923 3851 980 3919 per
1001 3852 1098 3920 quem
1117 3833 1222 3904 cliens

83 3961 101 4000 α
121 3935 305 4026 jurisdictio
334 3934 535 4026 violaretur),
560 3942 663 4025 potest
689 3941 797 4001 temen
817 3933 968 4002 eumdem
987 3958 1046 4027 per
1069 3943 1221 4011 nuntium

83 4070 101 4107 c
126 4042 178 4110 vel
204 4043 326 4110 litteras
353 4043 467 4120 citore;
491 4043 643 4132 quemvis
665 4042 753 4108 enim
776 4063 848 4110 eam
876 4041 1057 4112 citationem
1087 4051 1220 4120 nuntius

84 4177 101 4214 e
125 4149 205 4218 foris
220 4157 398 4241 exequetur
416 4158 447 4216 et
468 4148 595 4216 intimet
616 4171 683 4235 reo,
710 4147 778 4214 haec
800 4156 907 4216 temen
928 4148 1092 4219 intimatio
1113 4159 1221 4224 nuntii

82 4283 103 4322 e
128 4281 193 4326 non
215 4266 263 4324 est
285 4266 375 4324 ectus
399 4254 574 4347 judicialis,
601 4263 633 4322 et
658 4252 730 4322 ideo
753 4254 849 4322 etiem
873 4254 908 4321 in
932 4255 1093 4327 territorio
1115 4261 1220 4332 alieno

244 4383 262 4428 1.
1026 4367 1063 4428 t8
