3032 4976
542 481 617 530 rsus
639 481 744 529 rums.
1152 461 1214 528 111

70 604 194 674 tionem
210 603 340 674 adducti
351 601 652 696 reprobatorr'ornm
666 600 884 696 reprobatorii
894 601 1000 671 vocari
1013 601 1128 672 solent.
1143 603 1216 685 Quo

69 719 266 802 praenotato,
282 711 445 804 queritur

117 824 149 886 1.
171 823 349 910 Qseonsque
363 819 491 888 licitum
503 818 546 888 sit
559 818 734 910 reprobare
749 821 922 886 1111111-
935 817 974 886 Id
988 817 1137 886 delinivit
1148 817 1217 885 llo·

70 926 188 996 norius
207 926 253 994 Ill
275 925 328 994 bis
343 925 477 994 verbis:
502 924 741 1012 silendumne,
765 933 927 1015 qnatenus
946 924 1106 1016 recipiatis
1123 931 1217 992 testes

75 1063 91 1099 ιι
115 1056 200 1124 quos
221 1041 333 1102 contra
354 1054 508 1123 personas
526 1011 762 1124 productorum
781 1054 881 1122 super
902 1031 1075 1122 principali
1089 1031 1218 1121 negotio

75 1168 92 1206 r
116 1149 227 1232 partes
250 1139 407 1208 duxerint
428 1137 654 1229 producendos
684 1165 691 1205 :
717 1159 800 1230 quos
829 1137 856 1205 si
878 1160 993 1206 rursus
1018 1161 1093 1229 pars
1116 1136 1218 1207 altera

74 1276 91 1314 u
115 1248 170 1316 vel
201 1256 337 1338 ubsque
371 1245 512 1314 voluerit
548 1245 734 1337 reprobare,
766 1252 878 1312 contrs
908 1244 981 1313 illos
1009 1244 1216 1335 probationes

72 1383 89 1421 s
113 1353 287 1424 admittere
309 1353 514 1445 procuretis:
537 1353 582 1420 ita
602 1351 691 1443 quod
711 1351 796 1420 ultre
815 1373 881 1420 non
898 1351 991 1420 liceat
1011 1351 1158 1441 partibus
1176 1350 1217 1419 ad

71 1460 341 1554 «probationem
370 1459 502 1528 testium
532 1457 676 1550 aspirare
705 1458 834 1526 :nesi
863 1457 1064 1549 producendi
1085 1467 1218 1549 quartos

73 1598 91 1634 u
114 1577 229 1638 contra
253 1567 376 1653 tertios,
404 1567 501 1635 etsie
524 1564 689 1657 deinceps,
718 1565 865 1656 partibus
892 1565 1020 1634 lieentia
1040 1565 1214 1654 tribuatur,

72 1705 89 1742 u
114 1675 287 1766 negotium
309 1672 434 1742 diutius
455 1671 608 1764 protelari
628 1671 827 1761 contingat»
854 1671 962 1762 (ceput
980 1675 1035 1757 19,
1058 1671 1144 1739 tituli
1159 1675 1215 1762 20,

67 1785 147 1854 libri
163 1784 347 1873 illeoretl.
361 1781 456 1852 Unde
469 1780 545 1850 licet
555 1780 690 1872 quidem
704 1779 878 1871 reprobare
890 1786 986 1848 testes
990 1779 1213 1871 probatorius,

66 1903 100 1962 et
116 1894 252 1983 iusuper
259 1889 533 1983 mutatoriorum
545 1887 805 1980 reprobaremus·
820 1909 886 1958 non
901 1897 1011 1956 autern
1024 1887 1215 1979 reprobato-

65 2001 203 2070 riorum
218 1995 470 2090 reprobatorios.

115 2111 149 2174 2.
181 2105 260 2188 Quis
284 2103 329 2172 rit
351 2101 467 2172 modus
488 2099 665 2170 secandus
689 2101 723 2170 in
750 2101 976 2193 reprobatione
996 2101 1148 2172 testium?
1171 2140 1217 2156 -·

68 2217 103 2280 1ο
117 2211 203 2280 Pars
215 2232 290 2301 quoe
300 2208 371 2278 vult
381 2207 555 2299 reprobare
566 2214 662 2276 testes
674 2206 877 2297 probatorios
890 2206 984 2276 debet
995 2207 1142 2298 specifice
1157 2231 1216 2278 ex·

66 2319 229 2410 primere,
245 2323 319 2386 tum
334 2315 473 2384 crimina
487 2335 545 2382 seu
560 2311 704 2382 delectus
719 2335 801 2404 quos
814 2313 894 2405 ipsis
904 2315 1053 2406 opponit,
1070 2323 1143 2384 tum
1157 2337 1217 2384 no·

67 2425 167 2494 mins
178 2422 385 2508 eorumdem,
404 2429 475 2490 tum
494 2419 594 2488 etiam
609 2419 746 2488 nomina
761 2420 893 2488 testium
909 2443 969 2512 per
982 2443 1064 2513 quos
1079 2422 1219 2492 intendit

64 2527 130 2596 has
144 2527 350 2618 exceptiones
364 2525 512 2618 probare.
528 2525 629 2594 Debet
640 2525 743 2616 igitur
754 2525 949 2618 positionem
965 2526 1069 2596 lacere
1081 2527 1115 2596 in
1129 2527 1217 2597 hunc

66 2634 213 2704 modum
231 2661 240 2702 ι
262 2660 279 2698 r
296 2632 433 2702 lutendo
447 2631 585 2724 probare
601 2630 700 2700 telem
717 2639 832 2702 testem
847 2655 916 2702 esse
935 2633 1123 2726 perjurum
1139 2637 1217 2726 quia

68 2769 88 2808 e
113 2743 150 2810 in
166 2741 222 2810 tali
237 2765 334 2810 causa
346 2740 468 2810 falsum
482 2739 668 2832 deposuisse
682 2741 849 2812 convictus
863 2741 944 2823 luit3
960 2750 992 2810 et
1003 2741 1065 2812 hoo
1078 2743 1216 2834 probare

68 2878 86 2914 (ι
113 2849 192 2918 volo
206 2871 264 2942 per
278 2857 374 2920 testes
388 2849 460 2918 N...
476 2856 508 2915 et
522 2847 593 2916 N...
611 2873 628 2912 s
647 2847 727 2916 Esse
741 2848 786 2917 ita
799 2849 1040 2920 observandum
1055 2851 1095 2918 ab
1109 2851 1216 2944 coqui

62 2957 142 3026 vult
159 2957 333 3047 reprobare
345 2963 441 3024 testes
455 2954 670 3047 probatorius,
686 2955 885 3026 concludunt
896 2965 1042 3026 auctores
1058 2981 1099 3028 ex
1113 2961 1215 3050 capite

63 3063 289 3133 Praesentium
304 3063 351 3154 (3,
369 3061 453 3132 tituli
472 3064 525 3150 11),
542 3061 622 3130 libri
637 3065 671 3148 2,
694 3061 729 3129 in
746 3061 792 3154 6).

115 3175 151 3238 3ο
171 3169 235 3251 Qui
256 3178 365 3239 autem
384 3169 455 3238 vult
476 3168 649 3260 reprobare
674 3169 936 3260 probatoriorum
961 3174 1212 3266 reprobatorics,

62 3278 167 3346 debet
182 3277 315 3368 insuper
329 3283 423 3346 antea
442 3275 669 3366 jurameutum
690 3275 828 3346 malitie
842 3286 1012 3368 praestare3
1030 3281 1063 3350 id
1084 3292 1144 3369 est,
1158 3283 1216 3374 ju-

62 3409 144 3456 rare
159 3384 249 3453 seed
264 3383 347 3453 hane
360 3383 622 3475 reprobationem
645 3406 710 3452 non
726 3376 897 3475 procedere
912 3387 1084 3476 malitiose,
1101 3411 1159 3460 seu
1173 3392 1216 3460 od

62 3489 304 3562 retardandum
320 3513 426 3560 eausae
440 3489 696 3582 expeditionem.
714 3491 847 3561 Constat
867 3514 909 3561 ex
933 3493 1032 3564 modo
1048 3496 1143 3566 citata
1157 3497 1217 3567 de-

61 3598 185 3668 cretali
197 3597 423 3679 Praemium,
442 3598 477 3666 in
490 3596 569 3666 fine.
593 3598 655 3664 Ast
670 3595 832 3688 ejusmodi
848 3600 1088 3691 juramentum,
1108 3606 1142 3674 in
1158 3629 1217 3676 cu-

60 3709 131 3778 riis
147 3704 247 3773 etiam
263 3703 496 3788 ecclesiasticis,
512 3701 682 3771 obsolevit.

112 3813 174 3882 lll.
193 3813 247 3880 An
258 3811 361 3903 possit
375 3810 447 3902 pura
464 3808 743 3901 reprobaremus
758 3835 780 3880 a
794 3835 827 3881 se
839 3813 1038 3905 productos?
1051 3857 1096 3872 -
1112 3824 1144 3888 1⁰
1160 3823 1216 3894 Est

59 3919 188 4012 regule
210 3918 404 4007 generaliter
429 3916 584 4002 admissa,
609 3939 676 3986 non
701 3941 794 4008 posse
819 3943 896 3990 eum
921 3924 1002 3994 tales
1025 3934 1122 3998 testes
1142 3939 1216 4000 tan-

60 4049 176 4121 quam
193 4024 352 4092 inhabiles
371 4024 555 4116 reprobare.
577 4027 610 4090 2⁰
627 4022 716 4092 Duos
735 4034 845 4094 tamen
862 4028 903 4096 ab
917 4028 978 4098 hae
997 4035 1113 4122 regula
1126 4039 1214 4107 exci-

61 4132 211 4228 piendos
225 4154 294 4200 esso
312 4153 418 4217 casus,
435 4129 483 4198 ait
502 4128 794 4220 Scbmalxgrueber
812 4133 857 4222 (in
874 4134 921 4202 tit.
945 4139 1000 4222 20,
1018 4137 1093 4208 libri
1113 4147 1132 4210 2
1150 4147 1215 4214 lle·

63 4249 169 4328 ereb,
191 4260 223 4305 n.
251 4239 324 4327 140)
344 4237 493 4318 :Primo‚
515 4237 659 4306 sicanas
680 4240 875 4328 reprobandi
898 4239 937 4310 de
956 4264 1042 4314 novo
1061 4261 1213 4340 exurgat,
