2998 4984
303 498 365 565 368
678 521 855 568 mauranus
876 522 916 570 os
938 523 1073 571 ruurcns.

304 667 322 706 u
335 641 521 710 dirimentis
535 649 676 711 statuere
690 643 829 712 Summo
846 645 997 714 Pontifici
1013 647 1055 714 sit
1074 654 1317 717 reservatum.»
1334 649 1374 718 ln
1391 649 1444 718 hac

299 757 406 816 autem
433 772 530 818 causa
560 747 738 839 Segnensi,
767 751 925 841 agebatur
955 753 995 822 de
1030 755 1237 824 matrimonio
1267 757 1444 840 Quirinum

297 857 382 925 inter
396 865 428 924 ct
442 856 665 925 Catharinam.
680 858 772 926 Idem
793 859 953 941 Quirinus
970 860 1039 953 jam
1059 862 1223 952 sponsalia
1239 872 1445 932 contraxerat

298 987 372 1033 cum
401 964 507 1034 Clara.
542 963 623 1046 Qua
656 967 820 1056 sponsalia
851 990 927 1036 cum
962 979 1074 1059 postea
1108 970 1318 1058 detrectaret,
1349 972 1445 1041 Clara

296 1092 465 1139 recursum
496 1069 610 1139 habuit
640 1070 682 1138 ad
707 1071 925 1163 Episcopum,
957 1074 1015 1164 qui
1040 1076 1268 1166 pronuntiavit
1296 1085 1444 1146 masters

297 1176 338 1246 dc
370 1177 594 1266 sponsalibus,
626 1187 657 1245 ct
694 1179 862 1268 prohibuit
902 1181 1044 1271 parocho
1084 1191 1116 1250 et
1147 1183 1299 1275 Capitulo
1332 1185 1444 1254 cathe-

297 1286 409 1371 drahs,
426 1307 467 1354 nc
483 1285 687 1376 praesentiam
700 1289 911 1376 lpraestarent,
927 1288 956 1356 si
970 1289 1054 1358 lame
1069 1289 1174 1360 dictas
1189 1291 1349 1372 Quirinus
1372 1303 1445 1362 ten-

296 1403 379 1461 taret
411 1414 485 1460 cum
518 1392 585 1461 alia
619 1394 864 1462 matrimonium
899 1394 995 1464 inire.
1035 1395 1194 1476 Quirinus
1227 1406 1337 1468 autern
1368 1424 1443 1468 cum

297 1500 473 1570 Catharina
495 1508 527 1567 ct
550 1498 679 1568 duobus
702 1501 838 1570 testibus
863 1501 976 1570 fartim
995 1503 1164 1593 ingressus
1184 1513 1231 1574 cst
1253 1507 1442 1576 cubiculum

295 1608 420 1678 Vicarii
435 1605 606 1697 generalis,
623 1605 679 1697 qui
696 1605 730 1672 iu
750 1606 831 1676 lecto
845 1608 988 1678 sedebat.
1005 1608 1047 1677 Et
1065 1633 1175 1680 coram
1189 1611 1273 1702 ipso,
1290 1616 1444 1704 quamvis

297 1715 499 1807 obstrepente
511 1722 543 1784 et
563 1713 753 1800 reluctante,
778 1723 913 1785 mutnus
935 1717 977 1784 de
996 1719 1150 1809 praesenti
1169 1742 1348 1789 consensus
1365 1745 1444 1812 pro-

295 1823 464 1892 nuntiatus
479 1829 537 1890 est.
556 1818 655 1889 Sacra
669 1829 778 1889 autem
790 1823 1079 1914 Gongrcgatio,ad
1096 1827 1276 1917 quaesitum
1296 1851 1339 1896 an
1360 1852 1441 1900 con-

296 1941 395 2002 staret
414 1931 454 2000 de
472 1929 582 1998 valore
598 1929 673 1996 talis
689 1931 901 2018 matrimonii,
919 1931 972 2000 die
995 1937 1034 2000 17
1058 1935 1247 2004 novembris
1267 1939 1442 2005 tratres

295 2039 409 2132 pondit
431 2038 642 2129 affirmative.
672 2038 804 2109 Nullam
834 2059 912 2106 saue
942 2039 977 2106 iu
1003 2039 1065 2108 hoc
1094 2063 1170 2110 casu
1200 2043 1375 2134 specialem
1402 2045 1440 2112 ab

293 2145 452 2237 Episcopo
474 2147 734 2216 commissionem
754 2152 922 2235 acceperat
944 2145 1097 2214 Vicarius
1120 2146 1174 2215 ille
1197 2148 1363 2236 generalis
1382 2177 1390 2226 ;
1411 2160 1441 2216 et

294 2253 356 2320 nisi
369 2252 567 2320 ordinariam
577 2252 834 2343 jurisdictionem
849 2249 1005 2319 haberent
1014 2252 1142 2322 Vicarii
1157 2254 1339 2344 generales,
1354 2267 1439 2324 certo

293 2357 473 2427 invalidam
483 2358 596 2428 fnisset
609 2357 866 2427 matrimonium.
881 2358 964 2426 Cum
976 2379 1055 2447 ergo
1075 2358 1157 2427 illud
1170 2359 1319 2429 validum
1328 2361 1436 2430 decla-

293 2467 413 2534 raverit
427 2465 526 2535 Sacra
544 2466 774 2558 congregatio,
793 2465 1027 2556 aequivalenter
1039 2465 1216 2535 declaravit
1230 2469 1369 2538 Vicario
1383 2493 1437 2560 ge-

292 2573 394 2643 nerali
409 2583 589 2664 competere
603 2573 801 2642 ordinariam
819 2571 1092 2662 jurisdictionem.

336 2683 416 2750 Item
430 2681 471 2748 ah
485 2679 599 2749 eadem
614 2680 713 2750 Sacra
727 2679 986 2769 Congregatione
1000 2677 1147 2748 decisum
1161 2680 1224 2748 tuit
1236 2681 1350 2752 valere
1373 2709 1438 2754 ma-

291 2789 484 2857 trimonium
499 2787 616 2856 initum
631 2809 741 2857 coram
758 2785 923 2855 sacerdote
938 2807 1005 2854 non
1019 2787 1161 2877 parocho
1175 2785 1214 2855 de
1235 2788 1372 2858 licetur'a
1386 2815 1436 2883 qe·

290 2896 411 2963 ramulis
428 2895 558 2976 Vicani,
568 2904 665 2986 prout
676 2895 746 2963 loco
758 2895 854 2961 citato
867 2893 1026 2960 Thesauri
1035 2893 1273 2962 resolutionem
1285 2909 1437 2966 narratur

288 3003 340 3072 his
353 3003 479 3072 verbis:
495 3003 608 3070 «Cum
618 3003 714 3072 Vitas
784 3010 816 3068 ct
833 3000 936 3068 Maria
952 3000 1120 3069 Elisabeth
1189 3005 1435 3073 matrimonium

294 3136 310 3176 a
333 3112 418 3179 inter
430 3133 464 3177 sc
479 3130 537 3201 pcr
555 3109 654 3178 verba
671 3109 710 3177 de
725 3107 880 3200 praesenti
893 3107 1029 3193 initum,
1047 3130 1156 3176 coram
1172 3109 1315 3178 testibus
1335 3121 1371 3179 et
1386 3135 1436 3179 co-

293 3244 310 3284 c
333 3240 404 3285 ram
419 3216 607 3302 Valluchio,
623 3227 735 3284 curato
749 3215 904 3283 Ecclesiae
919 3213 955 3283 S.
973 3213 1075 3282 Marci
1092 3215 1159 3305 (qui
1177 3214 1251 3283 licet
1270 3239 1341 3284 non
1357 3229 1437 3286 esset

292 3349 309 3388 ι(
332 3322 492 3414 parochus
503 3322 775 3406 contrahentium,
789 3320 916 3388 dixerat
928 3327 1037 3386 tamen
1049 3341 1084 3387 se
1105 3319 1256 3388 hahuisse
1270 3321 1436 3391 licentium

290 3457 306 3501 a
332 3430 496 3499 aVicario
515 3428 660 3520 generali
680 3427 817 3496 civitatis
839 3424 1045 3494 Pistoriensis
1070 3426 1244 3516 praedictos
1265 3430 1436 3497 matrimo

291 3565 308 3606 a
333 3540 387 3608 nio
404 3536 577 3628 jungendi,
600 3535 727 3604 omissis
746 3535 846 3602 etiam
868 3533 1180 3623 denuntiationibus)
1202 3536 1437 3606 contenderent

290 3675 307 3713 u
330 3669 398 3714 esse
407 3643 568 3730 validum,
578 3665 616 3711 eo
629 3642 706 3735 quia
718 3640 890 3709 muchium
901 3639 1130 3708 Tridentinum
1139 3641 1228 3729 (sess.
1241 3643 1299 3729 24,
1311 3641 1356 3711 de
1368 3647 1437 3732 Res.

291 3753 495 3834 «matrim,
524 3776 552 3819 c.
583 3752 612 3840 l)
637 3749 839 3841 praescribat,
865 3747 1112 3816 matrimonium
1136 3747 1284 3816 contrahi
1315 3749 1437 3818 dehere

291 3888 308 3927 u
331 3867 490 3952 prasente
512 3855 665 3950 parocho,
687 3855 822 3924 velatio
847 3853 1011 3922 sacerdota
1032 3853 1073 3922 de
1087 3854 1191 3944 ipsius
1208 3855 1364 3946 parochi,
1385 3880 1437 3925 serr

289 3995 306 4034 a
333 3966 501 4036 ordinarii
515 3966 659 4042 licentia;
676 3971 707 4032 et
722 3962 853 4031 nomine
866 3960 1031 4030 Ordiuarii
1042 3961 1152 4042 veniat
1163 3961 1315 4032 Vicarius
1332 3987 1437 4052 gene-

288 4103 306 4142 a
329 4075 405 4143 ralis
420 4073 570 4165 Episcopi
586 4097 642 4158 ...5
661 4081 773 4138 contra
787 4091 865 4138 vero
879 4079 1097 4160 opponeretur
1110 4068 1278 4137 Vicarium
1293 4092 1437 4159 genera-

287 4211 305 4251 c
327 4183 392 4250 lem
413 4181 588 4250 concedere
611 4179 728 4247 dictam
750 4176 915 4245 licentiam
932 4199 998 4244 nou
1022 4177 1178 4268 potuisse,
1199 4197 1242 4243 ex
1261 4199 1331 4267 quo
1357 4179 1436 4269 Epi-

286 4319 304 4358 c
326 4311 442 4380 scopus
455 4309 532 4357 vcro
545 4296 577 4355 et
594 4285 725 4377 proprio
747 4283 1010 4354 contrahentium
1026 4281 1168 4374 parocho
1183 4281 1381 4354 inhibuerat
1395 4307 1434 4352 na
