3030 4980
277 465 338 530 520
646 489 823 535 rnscrsrus
845 491 884 536 nn
906 489 1040 536 runrcrrs.

274 607 465 678 inhibitione
479 631 561 701 opus
576 617 639 692 est;
658 610 736 702 quia
748 617 826 680 tune
838 611 909 702 ipso
921 610 1003 680 laeto
1018 611 1162 702 ligantur
1176 611 1300 702 judicis
1317 635 1339 680 a
1355 636 1416 706 quo

277 735 404 784 manus.

318 821 353 889 Si
369 845 447 892 vero
464 822 567 915 judex
583 847 602 892 a
621 847 686 916 quo
712 824 920 917 appellationi
941 846 1005 892 non
1030 823 1166 910 deferat,
1182 831 1289 916 potest
1314 832 1347 893 et
1368 848 1420 893 so-

263 929 316 1000 let
330 929 482 999 Vinarius
496 932 657 1020 generalis
671 931 927 1023 Arobiepiseopi,
945 931 1191 1023 appellationem
1208 953 1226 999 a
1249 931 1420 1000 definitiva

274 1038 444 1129 recipiens,
462 1038 514 1106 vel
528 1039 569 1107 ab
585 1039 826 1107 interlocutoria
842 1047 897 1107 aut
911 1039 1101 1128 gravamine
1121 1039 1202 1106 bene
1218 1038 1418 1131 appellatum

274 1145 374 1215 fuisse
396 1147 624 1237 pronuntians,
642 1147 868 1216 inhibitionem
894 1146 999 1214 facere
1024 1146 1110 1215 dicto
1130 1145 1232 1237 judici
1251 1170 1273 1213 a
1293 1169 1360 1238 qteo
1382 1171 1420 1214 ne

275 1253 361 1322 ultra
376 1253 411 1320 in
427 1275 523 1322 causa
543 1253 706 1345 procedat.

319 1365 350 1428 6.
367 1362 421 1428 An
435 1361 536 1452 possit
548 1360 702 1430 Vicarius
714 1360 969 1452 Arcbiepisoopi,
988 1360 1176 1454 predictam
1191 1360 1419 1430 inhibitionem

275 1469 379 1537 facere
405 1467 462 1536 sub
488 1491 589 1560 poena
613 1467 978 1536 excommunicationis?
1000 1466 1226 1559 Respondetur
1255 1469 1416 1556 negative.

279 1603 296 1641 a
318 1574 414 1644 Ratio
433 1583 481 1642 est
497 1574 574 1665 quia
588 1575 741 1644 Viearius
762 1574 1006 1667 Arcbiepiscopi
1023 1596 1089 1642 non
1114 1580 1219 1666 potest
1239 1573 1328 1642 ferre
1343 1597 1420 1642 sen-

279 1708 295 1746 «
319 1682 465 1766 tentiam,
476 1680 528 1748 vel
538 1703 688 1749 exercere
700 1681 971 1772 jurisdictionem,
983 1681 1035 1749 vel
1044 1679 1253 1772 promulgare
1266 1703 1420 1750 sensuras

279 1817 296 1854 «
319 1788 547 1856 ecclesiastices
566 1788 603 1856 in
624 1787 856 1877 suffraganeae,
875 1789 1032 1858 existente
1055 1789 1090 1856 iu
1110 1788 1281 1880 provincia
1301 1789 1420 1856 Araki-

279 1896 465 1987 aepiscopo
493 1897 576 1987 (sap.
611 1899 640 1980 l,
664 1895 703 1964 de
730 1897 844 1986 Officio
870 1896 990 1977 ordin„
1009 1896 1044 1962 in
1070 1896 1101 1987 6)
1126 1923 1134 1962 :
1160 1894 1247 1986 quod
1274 1895 1419 1985 procedit

280 2029 297 2068 a
321 2011 453 2094 propter
466 2003 679 2072 reverentiam
696 2002 863 2092 dignitatis
875 2003 1077 2095 episcopalis.
1094 2001 1158 2070 Sed
1173 2001 1371 2090 intelligitur
1383 2004 1420 2071 de

280 2109 477 2177 «sententia
509 2109 676 2177 definitiva
706 2132 930 2196 censurarum,
959 2121 990 2178 et
1017 2132 1082 2178 non
1111 2109 1241 2201 quando
1266 2109 1420 2178 Vicarius

281 2243 297 2282 u
321 2215 481 2306 generalis
506 2215 774 2308 Metropolitanus
801 2217 961 2285 inhiberet
990 2218 1051 2286 sub
1078 2239 1175 2308 poena
1199 2217 1420 2309 suspensionis

281 2352 298 2390 a
322 2346 378 2391 seu
393 2321 568 2390 interdicti.
587 2349 603 2387 u
622 2322 823 2414 (Pellegrini,
839 2324 910 2392 loeo
926 2324 995 2412 eit,
1012 2347 1046 2392 n.
1062 2326 1130 2414 21.)

321 2432 401 2499 Haeo
415 2429 535 2497 cursim
557 2429 711 2497 adnotare
726 2428 890 2496 voluimus
910 2429 1107 2521 paucissima
1122 2452 1163 2497 ex
1178 2429 1332 2520 plurimis
1348 2451 1419 2519 qum

277 2538 319 2606 ad
339 2536 509 2629 praesentis
531 2536 645 2626 eapitis
664 2536 831 2603 materiam
855 2537 1062 2626 pertinerent.
1080 2536 1127 2603 Ne
1148 2535 1266 2603 scilicet
1289 2544 1416 2620 eaetera,

277 2645 418 2738 propriis
434 2643 576 2730 sedibus,
593 2644 711 2711 sivein
729 2643 801 2732 hoc,
819 2643 887 2712 sive
903 2644 936 2711 in
952 2643 1024 2711 aliis
1045 2644 1233 2712 tractatibus
1252 2643 1417 2728 collocata,

277 2751 436 2820 inutiliter
455 2757 689 2841 repeterentur.

697 3413 778 3457 etrus
800 3412 877 3457 ‘toln
904 3411 1000 3456 Plllbll.
