3030 4980
545 448 619 494 rans
646 449 790 496 saeuum.
1171 434 1233 500 453

97 593 159 662 pus
170 571 317 663 judicare
331 580 363 641 et
378 573 497 663 punire
518 570 634 640 delicta
648 569 857 661 suffraganei,
884 573 998 641 merito
1017 573 1157 644 infertur
1178 601 1236 646 nec

99 701 191 769 posse
207 702 281 749 enm
292 679 437 771 judicare
452 687 484 748 et
500 679 616 772 punire
627 677 899 771 jurisdictionales
910 689 1011 767 actus,
1025 683 1235 776 etsiiniquos,

97 809 117 853 a
133 786 264 856 Vicario
277 786 421 878 generali
436 785 586 878 Episcopi
606 794 724 875 gestos.
742 786 955 856 Extendenda
972 787 1094 857 scilicet
1107 791 1237 860 videtur

98 901 275 962 memorata
289 894 406 986 synodi
429 893 631 963 Tridentium
657 893 825 985 dispositio
845 893 885 961 ad
909 894 1080 964 Vioarium
1101 919 1237 986 genera-

98 1000 163 1068 lem
177 999 339 1093 Episcopi,
356 1003 398 1069 ob
411 1001 504 1070 toties
515 999 708 1069 inculcatam
722 1022 884 1092 personae,
898 1002 1125 1095 auditoriique‚
1142 1015 1173 1074 et
1181 1007 1238 1098 ju-

98 1106 298 1176 risdictionis
313 1109 484 1200 utriusque
498 1106 709 1176 identitatem.

144 1213 210 1282 Nec
230 1216 357 1284 obstare
374 1214 506 1284 videtur
527 1213 694 1283 decretalis
715 1217 865 1282 Romana
890 1213 941 1307 (de
966 1217 1081 1308 Officio
1107 1219 1236 1304 Vicom'i,

98 1323 134 1388 in
158 1323 203 1411 6),
220 1321 332 1412 inqua
348 1321 650 1418 supponitnrposse
665 1319 828 1389 Officiales
843 1321 1123 1412 suffraganeorum
1139 1327 1239 1394 variis

97 1425 139 1495 de
164 1429 268 1496 causis
290 1428 330 1496 ab
357 1427 609 1519 Archiepiscopo
633 1428 927 1515 excommunicari3
952 1428 1016 1498 dici
1036 1432 1122 1500 enim
1139 1441 1243 1524 potest

99 1535 162 1602 hoc
173 1535 228 1626 jus
244 1535 387 1625 viguisse
402 1543 476 1603 ante
497 1534 729 1603 Tridentinum
743 1534 930 1621 concilium,
946 1537 1077 1628 quando
1093 1547 1240 1630 poterant

98 1641 344 1734 Archiepiscopi
367 1664 480 1710 causas
502 1641 688 1710 criminales
717 1639 997 1731 suffraganeorum
1028 1667 1220 1734 cognoscere
1226 1674 1236 1735 3

98 1771 167 1817 non
185 1757 293 1818 eutem
311 1771 352 1819 ex
372 1771 449 1840 quo,
466 1772 524 1840 per
546 1749 664 1818 dictam
680 1748 855 1841 synodum,
866 1749 922 1841 jus
943 1749 1025 1820 illud
1044 1753 1236 1823 amiserunt.

624 2051 724 2143 §tlt

486 2213 553 2274 Quid
570 2213 712 2266 tenendum
728 2213 854 2267 videatur.

144 2403 325 2472 Monacello
340 2402 518 2472 assentiens
543 2403 643 2495 (parte
666 2407 697 2491 3,
719 2402 769 2471 tit.
802 2407 832 2492 l,
858 2404 999 2474 formula
1027 2409 1080 2494 32,
1107 2431 1140 2475 n.
1169 2412 1188 2475 7
1210 2419 1241 2478 et

97 2510 200 2600 seq.),
217 2517 295 2600 puto
309 2508 349 2576 ad
366 2509 670 2600 Archiepiscopnm,
685 2516 871 2578 nouantem
885 2509 926 2577 ad
940 2511 1149 2604 Episcopum,
1166 2537 1239 2606 per·

98 2619 203 2686 tinere
219 2617 340 2686 Vicarii
357 2617 517 2706 generalis
533 2616 566 2684 in
581 2615 689 2683 officio
699 2639 759 2685 suo
768 2616 985 2709 delinquentis
1000 2621 1239 2709 coercitionem,

98 2725 169 2792 sive
184 2723 342 2816 particeps
356 2725 423 2792 sive
439 2745 556 2815 expers
570 2724 675 2815 culpae
690 2725 808 2790 existat
822 2725 1011 2816 Episcopus.

145 2831 181 2899 ld
196 2832 281 2900 enim
294 2831 375 2898 mihi
389 2831 537 2900 evincere
551 2827 681 2899 videtur
691 2852 844 2922 expressa
853 2827 1026 2900 declaratio
1036 2833 1144 2904 Sacrae
1154 2835 1240 2906 Con-

98 2939 297 3029 gregationis
311 2937 445 3007 Concilii
462 2938 508 3028 (in
521 2937 705 3020 Tarentino,
719 2942 759 3005 25
772 2937 928 3006 februarii
943 2940 1056 3031 1642);
1069 2965 1143 3032 ques
1154 2945 1240 3034 apud

99 3054 315 3114 memoratum
328 3045 545 3113 Monacellum
561 3045 642 3136 (loeo
654 3045 759 3134 citato)
775 3045 914 3113 refertur
925 3045 976 3113 his
988 3047 1096 3115 verbis
1117 3053 1242 3119 :Socra

100 3153 317 3244 Conprepotr'o
335 3151 473 3220 Concilii
489 3152 621 3232 censuit,
642 3151 925 3244 Arcdiepiscoprrm
938 3155 1239 3246 Metropolitanum,

98 3260 200 3328 etiam
216 3261 251 3330 in
271 3260 382 3352 primo
398 3259 568 3340 instantio,
590 3281 652 3326 esse
669 3257 818 3349 judicem
834 3272 1067 3350 competentem
1090 3263 1124 3330 io
1139 3266 1243 3334 courir

98 3379 213 3434 contro
243 3366 385 3434 Vicorios
413 3377 445 3433 et
474 3365 634 3458 officiales
659 3367 953 3457 sufflopaneorrrm,
979 3369 1109 3458 quondo
1137 3369 1243 3439 delin-

98 3487 204 3566 quunt
215 3475 248 3541 in
259 3474 365 3565 officio
373 3486 403 3541 et
405 3471 648 3564 jurisdictione.
663 3472 773 3564 (Libro
784 3477 823 3541 37
834 3474 1056 3562 Decretorum,
1067 3477 1240 3571 foliocot.)

149 3605 165 3646 a
181 3581 292 3671 Neque
307 3581 394 3672 apud
408 3602 458 3647 me
473 3580 540 3648 vim
554 3580 627 3648 lacit
644 3578 806 3648 distinctio
820 3581 988 3671 Pirrhing,
1000 3581 1122 3650 Vicarii
1138 3584 1243 3653 delin-

102 3715 119 3754 ι(
144 3688 271 3779 quentis
287 3688 321 3755 in
336 3687 456 3775 officio,
474 3689 593 3755 sciente
608 3687 778 3779 Episcopo,
796 3711 815 3756 a
830 3687 960 3756 Vicario
971 3687 1179 3780 delinquente
1191 3693 1242 3759 ci-

102 3821 119 3862 «
144 3803 194 3864 tra
207 3795 336 3886 culpam
350 3794 518 3885 Episcopi3
535 3794 614 3886 quia
630 3817 705 3863 cum
719 3795 947 3863 consistorium
965 3795 1115 3888 Episcopi
1131 3805 1162 3865 et
1178 3799 1243 3869 Vi-

102 3929 120 3968 o
145 3902 224 3972 cerii
238 3923 342 3971 unum
359 3909 390 3970 et
403 3898 489 3968 idem
503 3901 545 3968 sit
562 3951 613 3982 ...,
631 3910 662 3968 et
684 3901 863 3992 Episcopus
887 3901 1013 3970 dicatur
1034 3903 1138 3972 lacere
1154 3907 1241 3998 quod

102 4037 120 4076 c
144 4009 213 4100 ejus
228 4007 379 4078 Vicarius
398 4008 491 4088 facit;
515 4008 641 4077 ratione
660 4007 848 4095 affectionis,
871 4008 1002 4076 unionis
1025 4020 1057 4078 et
1075 4011 1242 4100 interesse,

102 4143 120 4184 c
145 4116 324 4207 Episcopus
335 4124 382 4182 est
395 4114 498 4206 judex
515 4121 702 4206 suspectus,
722 4115 802 4182 etin
819 4122 957 4206 utroque
971 4138 1050 4186 casu
1066 4119 1245 4212 inproprie

104 4251 123 4290 o
146 4245 244 4292 causa
259 4221 499 4315 quodammodo
511 4221 658 4316 judicare
671 4221 845 4291 diceretur.
857 4222 1067 4314 Experientia
1082 4228 1169 4295 enim
1186 4229 1246 4297 do·
