3046 4968
561 481 635 528 PARS
658 481 763 528 intua.

561 755 704 825 CAPUT
734 755 776 823 ll.

451 951 489 997 DE
511 949 615 998 causis
642 949 878 997 §elatrantibus

139 1143 332 1234 spirituales
350 1141 503 1212 dicuutur
518 1163 624 1212 causa
642 1141 706 1210 illae
724 1167 741 1206 s
757 1165 831 1234 qun
852 1165 894 1210 ex
910 1143 1033 1234 objecto
1052 1163 1112 1212 suo
1133 1163 1233 1210 sacrae

100 1277 115 1312 a
138 1257 228 1336 suut,
244 1272 302 1318 seu
318 1272 391 1341 quae
408 1257 579 1318 versantur
592 1249 677 1317 circa
691 1271 760 1316 rem
776 1271 900 1316 sacram
922 1257 954 1318 et
973 1247 1187 1340 spiritualem.
1213 1275 1230 1312 a

96 1355 411 1446 (Schmalzgrneber,
429 1356 463 1424 lu
485 1356 617 1424 titulum
639 1355 678 1423 dc
692 1355 837 1438 Iudiciis,
857 1355 933 1424 libri
957 1360 975 1424 2
1004 1355 1233 1442 morantium,

95 1487 126 1530 n.
147 1463 216 1552 50.)
236 1463 331 1531 Tales
350 1471 427 1530 sunt
452 1485 526 1553 quae
548 1462 588 1530 ad
609 1461 720 1548 fidem,
738 1471 950 1550 sacramenta,
967 1460 1236 1530 absolutionema

96 1569 179 1637 votis
203 1579 235 1638 et
256 1569 463 1661 juramentis,
487 1568 697 1656 sacrificinm,
722 1569 978 1655 sacramentalia,
1000 1569 1083 1637 ritus
1113 1589 1233 1654 sacros,

94 1699 249 1744 censuras
264 1686 296 1744 ct
309 1676 388 1746 alies
403 1698 516 1768 poenas
533 1697 620 1744 mere
643 1675 883 1760 ecclesiasticas,
898 1677 1026 1768 aliaque
1045 1675 1097 1744 bis
1113 1675 1236 1744 similia

94 1785 268 1876 pertinent.

136 1892 366 1984 spiritualium
382 1892 478 1960 etiam
493 1914 665 1961 causarum
681 1891 812 1960 nomine
829 1891 964 1959 veniunt
979 1889 1057 1977 illm,
1072 1913 1147 1982 quae
1164 1888 1238 1958 licet

95 2001 269 2068 intrinsece
284 1999 469 2091 spirituales
488 2023 553 2068 non
573 1999 651 2086 sint,
667 2021 705 2067 eo
724 1998 810 2089 quod
838 2020 950 2066 aarum
972 1997 1133 2090 objectum
1153 1996 1188 2064 in
1203 2019 1238 2064 se

96 2107 267 2174 dumtaxat
290 2107 529 2176 consideratum
557 2106 599 2174 sit
625 2104 703 2197 quid
731 2105 919 2196 temporale,
943 2103 1166 2195 spiritualibus
1186 2111 1238 2172 te-

95 2237 171 2281 men
198 2212 427 2301 adnectuntur,
452 2221 484 2280 et
509 2215 634 2282 ratione
663 2211 761 2304 hujus
793 2211 987 2281 aduexionis
1014 2209 1238 2303 spiritualibus

12 2377 13 2382 ,
94 2321 306 2388 annumerari
322 2319 438 2389 debent
457 2349 464 2386 :
482 2318 665 2411 cujusmodi
681 2328 769 2406 suut,
787 2319 879 2388 verbi
893 2319 1010 2409 gratia,
1027 2339 1133 2388 cauaae
1150 2317 1238 2386 cirea

95 2427 246 2497 redditus
275 2427 516 2514 ecclesiasticos,
541 2427 625 2495 circe
650 2425 802 2512 decimas,
827 2433 887 2494 etc.
910 2453 926 2490 a
951 2425 1045 2494 Ratio
1072 2433 1132 2512 est,
1161 2424 1238 2516 quia

99 2561 114 2598 r
139 2535 249 2624 magis
271 2533 408 2622 dignum
433 2533 533 2602 trahit
553 2534 593 2602 ed
616 2555 650 2601 se
676 2533 784 2601 minus
800 2532 938 2622 dignum
959 2531 1119 2622 (arguitur
1132 2530 1237 2621 capita

97 2667 113 2704 a
139 2639 241 2724 Quod
254 2641 288 2708 cir
301 2639 407 2708 dubis
424 2643 455 2726 3,
473 2639 512 2707 cle
528 2641 675 2708 Consecr.
690 2639 764 2707 cccl.
780 2639 832 2707 vel
850 2638 979 2727 altar.);
995 2647 1026 2708 et
1042 2660 1093 2706 res
1108 2645 1236 2727 tempo·
1337 2711 1338 2718 ,

98 2775 114 2811 s
136 2746 222 2813 ralis
235 2745 353 2814 desinit
365 2769 434 2815 asae
450 2745 533 2834 talis,
547 2747 791 2838 quamprimum
808 2745 968 2837 spirituali
984 2766 1111 2813 annexa
1125 2743 1235 2828 luerit,

12 2923 13 2938 χ
96 2881 112 2918 s
137 2861 240 2945 prout
253 2853 401 2922 elucescit
414 2877 479 2923 uon
496 2863 623 2922 tautum
642 2875 683 2921 ex
696 2854 771 2945 jure
794 2875 884 2922 sacro
903 2853 984 2944 (can.
1002 2851 1044 2920 Si
1057 2851 1128 2942 qur's
1141 2851 1237 2940 obje-

12 2939 14 2982 l
97 2989 112 3023 a
136 2959 221 3028 ecrit
240 2963 273 3047 7,
289 2983 378 3028 carra.
408 2964 439 3047 l,
468 2983 500 3051 q.
529 2961 576 3049 3),
592 2959 648 3028 sed
672 2960 769 3028 etiarn
792 2983 833 3029 ex
856 2960 930 3051 jore
955 2957 1103 3049 profano,
1126 2958 1146 3048 ἓ
1169 2958 1236 3026 Sa-

96 3094 112 3132 a
135 3089 203 3135 erce
220 3071 251 3154 8,
262 3067 337 3134 lust.
351 3065 390 3134 de
403 3069 476 3134 lter.
494 3065 589 3134 diois
606 3091 622 3130 s
638 3065 953 3156 (Schmalzgrueber,
965 3066 999 3132 ia
1014 3063 1145 3132 titulum
1164 3065 1177 3129 l
1195 3061 1235 3130 de

92 3173 243 3255 Iudiciis,
262 3172 336 3240 libri
353 3177 372 3239 2
389 3173 619 3258 Decretalium,
636 3195 669 3240 u.
690 3172 757 3262 50.)

136 3281 213 3362 Qua
227 3280 395 3370 praemissa
408 3279 448 3348 de
463 3279 569 3348 causis
581 3279 806 3372 spiritualibus
822 3279 964 3366 notione,
981 3279 1035 3364 sit,

137 3387 381 3455 Paorosrr1012.
398 3425 443 3438 -
460 3387 574 3456 Cornea
596 3385 785 3476 spirituales
804 3386 851 3455 cd
862 3389 974 3478 sorum
990 3385 1236 3454 ecclesiasticum

12 3515 14 3590 l
93 3493 255 3562 melariae
269 3505 299 3561 et
307 3495 445 3585 proprio
456 3494 537 3584 jure
547 3493 725 3585 pertinent.
743 3532 788 3545 -
801 3493 962 3562 Probatur
973 3491 1094 3584 primo,
1113 3515 1152 3560 ex
1170 3515 1237 3561 uno

93 3626 110 3668 e
124 3609 269 3693 quatuor
284 3623 383 3691 supra
397 3601 576 3692 praemissis
590 3599 768 3692 principiis.
786 3600 939 3668 Vidimus
955 3623 1070 3692 nempe
1086 3623 1139 3670 eas
1154 3621 1235 3667 cau-

94 3731 147 3775 sas
169 3729 239 3774 esse
261 3704 332 3774 foro
347 3707 558 3776 ecclesiastico
579 3707 804 3792 accensendas,
821 3729 902 3798 quas
927 3729 995 3776 suae
1018 3705 1235 3799 jurisdictioni

12 3867 13 3876 ,
94 3815 277 3906 subjacere,
302 3835 360 3905 per
384 3812 510 3882 decreta
535 3813 752 3882 universalem
778 3813 980 3906 disciplinam
1011 3815 1237 3883 constituentia

94 3919 239 3989 Ecclesia
259 3917 481 3988 declaraverit.
504 3919 606 4011 Atqui
632 3916 666 3986 id
691 3917 834 3986 maxime
856 3917 1043 3987 verificatur
1068 3919 1107 3988 de
1132 3918 1237 3987 causis

94 4025 336 4119 spiritualilius5
362 4035 398 4094 ut
427 4026 523 4118 plane
549 4026 652 4117 liquet
680 4048 721 4093 ex
750 4027 958 4117 sequentibus
986 4025 1134 4114 decretis,
1161 4049 1236 4118 quae

12 4165 13 4168 ¹
95 4145 254 4227 tauquam
267 4133 354 4223 leges
368 4133 519 4203 Ecclesia
532 4133 697 4226 generales
714 4135 903 4205 auctoritate
916 4133 1091 4228 apostolica
1104 4135 1237 4205 collecta

12 4253 13 4276 ²
96 4249 174 4310 suut
187 4246 220 4309 et
235 4239 420 4334 publicata:

12 4527 14 4578 l
