3046 4968
546 469 619 513 rsus
643 469 748 514 emus.
855 525 859 536 Ι
1163 447 1222 512 lic

82 587 175 656 dictis
203 591 414 680 qualitatibus
440 589 558 676 vestiti,
581 589 729 681 scqrritur
757 589 884 656 nullum
910 590 978 656 lore
998 599 1029 658 et
1054 613 1113 680 pro
1135 591 1224 658 nullo

84 697 268 765 habendum
295 698 485 790 rescriptum
516 697 643 790 papale,
669 719 735 787 quo
764 695 907 787 aliquem
934 695 985 763 bis
1014 697 1225 788 qrrnlitatibus

81 813 243 872 carentmn
259 804 435 895 delegaret,
453 805 516 872 uisi
532 804 711 874 contineret
727 802 905 872 clausulam
920 825 960 869 cc
972 815 1061 870 certa
1077 803 1222 884 scientia,

83 911 136 978 vel
152 913 248 980 aliam
263 912 349 980 dieto
360 911 428 1002 juri
440 911 608 980 ordinario
623 910 845 1000 derogantem.

130 1023 161 1086 8.
177 1019 350 1108 Delegatns
364 1027 473 1087 autem
489 1018 642 1109 Episcopi
656 1017 708 1086 vel
728 1015 862 1086 alterim
883 1016 1045 1088 inferioris
1060 1017 1227 1089 Ordinarii

84 1135 187 1216 potest
216 1149 284 1194 esse
314 1126 452 1218 simplex
472 1125 621 1212 clericus,
647 1125 798 1217 quamvis
825 1147 883 1192 nec
907 1126 1082 1195 canonicus
1106 1151 1164 1196 uec
1191 1130 1225 1197 in

82 1231 238 1320 dignitate
274 1234 478 1303 constitutus.
510 1233 558 1300 De
588 1254 654 1326 qno
684 1231 776 1300 ncilla
807 1231 892 1299 iuter
919 1230 1066 1302 doctores
1095 1243 1226 1304 contro-

84 1340 204 1407 versia.

130 1452 163 1514 9.
180 1449 232 1516 An
257 1448 422 1538 delegatus
446 1449 546 1538 possit
573 1469 642 1516 esse
661 1445 769 1538 quoad
792 1443 939 1515 eamdem
960 1469 1090 1517 censam
1116 1451 1226 1519 multi-

83 1555 182 1646 plex?
193 1555 401 1648 Respondent
411 1555 609 1624 affirmative
620 1554 820 1622 unanimiter
832 1555 1017 1625 canonistae.
1031 1557 1127 1626 Nulla
1138 1559 1224 1628 enim

82 1670 130 1727 cst
148 1662 229 1730 ratic
245 1662 296 1730 vel
310 1663 377 1748 lex,
394 1685 470 1753 quae
487 1661 659 1753 prohibeat
674 1683 715 1728 ne
731 1683 829 1728 causa
844 1661 1063 1731 committatur
1077 1664 1227 1754 pluribus

83 1768 312 1859 potiusquam
337 1769 413 1854 uni;
436 1769 503 1836 imo
525 1777 673 1838 constans
693 1767 756 1836 fuit
779 1776 811 1836 et
835 1777 1003 1860 permanet
1029 1770 1064 1838 in
1085 1771 1228 1843 Ecclesia

82 1899 198 1944 causas
214 1875 361 1967 pluribus
374 1876 598 1945 committendi
619 1875 744 1969 praxis,
763 1881 799 1942 ut
819 1883 940 1965 preater
953 1875 1017 1945 alia
1034 1877 1228 1950 documenta

82 1985 268 2071 innumera,
290 1991 426 2052 testatur
447 1982 629 2053 Celestinus
655 1983 769 2051 tertius
794 1980 846 2048 his
871 1981 1001 2051 verbis:
1021 1985 1084 2054 itta
1106 1989 1226 2080 quippe

79 2091 149 2180 [uit
164 2092 301 2182 antipam
317 2090 411 2160 Sedis
427 2091 619 2182 Apostolicae
628 2089 787 2182 provisio,
796 2101 834 2158 ot
845 2089 1038 2180 hujusmodi
1050 2117 1225 2164 causarum

82 2198 289 2288 coquitioncs,
306 2198 430 2267 duobos
452 2220 554 2289 quam
578 2197 647 2278 uni,
672 2197 776 2264 tribus
802 2219 903 2287 quam
931 2195 1055 2266 duobus
1075 2200 1226 2270 libmtius

84 2303 256 2394 deleqaret.
275 2305 367 2396 (Cap.
384 2303 601 2374 Prudentiam
617 2307 673 2390 21,
691 2303 781 2372 tituli
796 2308 851 2390 29,
868 2303 944 2372 libri
962 2308 975 2370 l
996 2306 1134 2397 Deerat.)

627 2605 684 2674 tv.

85 2779 212 2839 Quomodo
227 2777 361 2842 procedere
383 2780 479 2842 peretot
501 2779 542 2828 oet
562 2777 671 2828 debeant
695 2777 820 2842 dclepctr',
836 2779 936 2843 quando
956 2781 1045 2844 ptores
1060 2782 1095 2832 od
1110 2785 1222 2835 eamdem

398 2873 500 2910 caurum
515 2858 689 2908 dirimendam
707 2858 826 2922 deputati
840 2862 908 2908 runt.

125 3058 207 3125 Eam
232 3057 455 3125 difficultatem
481 3057 645 3125 solvemus
671 3054 896 3147 praemittendo
917 3057 1025 3126 varias
1046 3057 1086 3127 de
1106 3060 1165 3130 bae
1189 3089 1223 3132 re

82 3165 266 3247 decretales,
283 3173 315 3232 et
341 3172 449 3256 postea
473 3161 720 3232 determinando
744 3160 824 3253 quid
847 3163 931 3254 juris
950 3187 991 3231 ex
1012 3165 1052 3232 iis
1081 3171 1223 3240 textibus

83 3279 248 3363 sequatur.

125 3379 180 3447 Sic
195 3379 336 3448 decrevit
350 3378 536 3448 Bonifacius
552 3377 631 3447 Vlll
649 3405 656 3445 :
679 3403 696 3442 c
712 3378 795 3446 Cum
818 3376 942 3467 plures,
959 3379 1019 3446 sub
1036 3380 1091 3450 illa
1107 3385 1223 3476 forma,

87 3515 102 3550 ιι
126 3499 164 3554 ut
190 3509 298 3554 omnes
318 3500 377 3554 aut
392 3484 457 3553 duo
474 3484 525 3553 vel
543 3508 628 3554 unus
650 3507 764 3552 eorum
789 3483 988 3553 mandatum
1010 3493 1224 3578 apostolicum

87 3625 102 3658 ιι
125 3606 339 3684 exequantur,
357 3601 413 3660 aut
427 3592 493 3660 alia
506 3591 683 3676 consimili,
696 3591 823 3682 judices
841 3592 890 3660 vel
906 3603 1094 3664 executores
1110 3621 1128 3665 a
1143 3599 1225 3668 Sede

86 3699 311 3790 «Apostolica
337 3699 485 3791 deputari
511 3698 682 3787 contingit,
712 3698 860 3789 ipsorum
883 3699 1020 3788 quilibet
1043 3702 1226 3793 injunctum

85 3835 99 3872 ιι
125 3815 231 3898 potest
246 3806 346 3874 libere
367 3805 544 3897 adimplere
561 3804 763 3873 mandatum.
782 3805 885 3873 Porro
906 3827 973 3874 unc
996 3830 1109 3876 eorum
1127 3835 1228 3904 nego-

84 3945 99 3977 ι
124 3915 211 3981 tium
225 3911 396 3980 inchoante
412 3912 635 4031 commissum,
650 3912 705 3979 alii
720 3912 901 4002 nequibunt
916 3935 949 3979 se
972 3914 1106 3984 ulterius
1121 3920 1228 3991 intro-

84 4051 99 4084 ι
126 4021 253 4088 mittere
276 4019 316 4086 de
341 4018 515 4105 eodem,
485 4019 548 4086 msi
571 4019 622 4087 vel
645 4017 846 4104 infirmitate,
864 4017 917 4087 vel
940 4018 1033 4088 alia
1022 4031 1109 4112 Justa
1134 4049 1229 4099 causa

5 4133 6 4138 ’
84 4127 222 4195 «illurn
247 4125 448 4215 contingeret
474 4124 655 4216 impediri:
674 4134 730 4194 aut
751 4125 779 4192 si
807 4125 919 4211 nollet,
940 4124 992 4192 vel
1016 4128 1229 4204 malitiosam

5 4183 7 4290 i

83 4257 166 4303 ‹eo
193 4233 366 4324 procedere
393 4241 565 4302 recusaret.
587 4233 712 4325 »issep
741 4237 772 4320 8,
795 4233 882 4302 tituli
906 4235 957 4320 tl,
982 4231 1161 4325 librit,1n
1182 4245 1227 4336 6.)
