3030 4980
292 445 353 508 tot
663 463 837 512 nucerinus
860 465 1054 512 otescalcus.

293 610 310 650 a
333 584 538 657 cancellarios
554 605 622 655 esse
637 585 770 656 clericos
785 609 885 679 quarn
899 585 1014 672 leieos;
1031 585 1084 656 oui
1099 585 1244 656 adheret
1258 585 1434 656 Pax-Jor-

288 719 305 758 ιι
328 691 504 763 danus...»
523 692 716 783 (Monacclli,
731 701 821 786 parte
836 698 865 783 1,
880 694 927 762 tit.
950 696 981 782 l,
995 693 1092 764 form.
1110 698 1143 781 5,
1155 691 1266 762 adnot.
1283 691 1331 783 6.)
1345 693 1434 762 Item
1502 701 1503 776 l

287 799 423 869 Carolus
436 798 477 868 de
492 800 631 886 Grassis,
647 809 818 894 postquam
834 802 942 894 posuit
959 824 1019 894 pro
1041 800 1155 892 regula
1172 799 1328 892 generali,
1350 801 1436 870 Gle-

287 907 392 976 ciuem
404 929 469 975 non
478 930 571 999 posse
587 929 651 976 esse
666 909 884 992 tabellionem,
896 909 1089 1001 subjungit:
1107 909 1290 978 Limitotor
1304 908 1343 976 in
1354 910 1435 1000 soro
1502 909 1503 984 5

287 1026 318 1082 et
333 1014 580 1106 meqistrotidus
595 1014 831 1100 ecclesiasticis·
846 1040 906 1110 pro
926 1039 991 1108 qua
1013 1017 1169 1086 sententia
1183 1016 1259 1084 citet
1273 1015 1434 1086 undecim
1502 987 1503 1036 ¹

288 1121 348 1191 hoo
363 1120 450 1190 idem
466 1129 610 1194 tenentes
624 1131 783 1194 auctores.
805 1125 865 1216 (De
877 1124 1054 1216 Effectibus
1069 1123 1252 1204 clericatus,
1268 1121 1376 1192 effect.
1399 1126 1434 1210 8,

287 1253 321 1297 n.
342 1233 396 1318 lt,
413 1229 532 1320 pagina
547 1234 622 1318 327,
640 1229 718 1300 edit.
736 1232 851 1304 Venet.
872 1231 983 1322 1638.)
1002 1229 1073 1321 Ego
1093 1240 1201 1300 autem
1221 1231 1331 1300 asari
1352 1253 1436 1322 pos—

288 1361 361 1406 sum
376 1359 488 1406 omnes
501 1337 736 1408 hodiernorum
758 1339 871 1410 Galliae
887 1340 1120 1433 Episcoporum
1137 1337 1345 1408 cancellarios
1361 1361 1436 1406 esse

287 1445 433 1533 clericos,
446 1445 640 1538 eosdemque
651 1447 684 1514 in
698 1448 797 1517 sacris
808 1447 1008 1518 constitutos.
1023 1447 1104 1528 Qua
1118 1444 1316 1515 consuetudo
1329 1447 1433 1514 etiam

287 1552 410 1621 obtinet
425 1552 459 1620 in
473 1552 653 1640 Sabaudia3
673 1563 704 1622 et
721 1554 828 1646 (prout
851 1554 932 1623 mihi
953 1553 1134 1623 retulerunt
1149 1553 1213 1622 viri
1236 1551 1301 1621 fide
1321 1550 1434 1642 digni]

289 1661 323 1728 in
339 1660 502 1753 plerisque
518 1661 653 1752 insuper
665 1659 781 1730 mundi
795 1661 943 1730 catholici
959 1661 1160 1752 regionibus.

334 1773 367 1836 4⁹
381 1768 466 1838 Hinc
482 1767 716 1837 moderandum
734 1769 864 1838 videtur
875 1769 962 1860 quod
978 1769 1070 1837 docet
1084 1767 1258 1858 Fognanus
1271 1767 1317 1855 (in
1331 1775 1435 1858 capnt
1502 1715 1503 1810 i

178 1894 179 1910 ¹
289 1876 382 1944 Sicut
405 1889 447 1958 tc,
464 1877 513 1945 Nc
535 1875 642 1944 clerici
662 1875 715 1944 vel
735 1876 899 1958 monachi,
914 1898 949 1944 n.
968 1880 1005 1944 ot
1028 1882 1059 1946 ct
1081 1875 1177 1966 seq.),
1195 1873 1345 1942 illicitum
1363 1896 1434 1942 asse

288 1983 411 2051 clericis
426 1982 545 2052 notarii
559 2005 617 2051 seu
629 1982 811 2052 cancellarii
825 1982 981 2070 officinm,
998 1983 1096 2052 etism
1119 1983 1153 2051 in
1173 1981 1263 2052 curia
1275 1989 1308 2048 et
1323 2003 1434 2070 nego-

287 2089 346 2158 tiis
359 2089 511 2182 Episcopi
523 2090 675 2181 (cxceptis
690 2089 769 2160 fidei
783 2089 899 2182 causis)
913 2111 1062 2160 exercere
1075 2115 1083 2173 ;
1099 2097 1131 2158 et
1143 2111 1209 2158 non
1225 2095 1355 2156 mutum
1368 2087 1434 2156 cle-

287 2195 365 2262 ricis
382 2195 543 2286 majorum
558 2193 725 2281 ordinum,
737 2194 791 2264 sed
805 2204 837 2264 et
853 2198 1030 2282 minorum,
1040 2197 1143 2288 iisque
1157 2194 1253 2263 etiam
1269 2193 1434 2262 beneficio

287 2303 482 2372 carentibus.
499 2303 583 2372 Nam
601 2303 675 2372 licet
698 2304 832 2372 fateare
856 2303 1065 2374 celeberrimo
1083 2302 1249 2372 canonista
1270 2300 1305 2368 id
1325 2302 1434 2392 logice

287 2418 319 2478 et
339 2409 484 2499 rigorose
509 2408 625 2478 deduci
645 2433 685 2479 en
709 2411 811 2502 capite
835 2412 876 2478 Ut
898 2411 1044 2502 officium
1060 2410 1109 2498 (cle
1127 2408 1308 2488 Haeretieis,
1327 2408 1366 2476 iu
1385 2410 1431 2498 6),

287 2517 417 2586 videtur
449 2525 555 2586 tamen
584 2539 650 2586 non
682 2518 758 2586 satis
789 2518 944 2586 rationem
980 2516 1131 2586 habuisse
1171 2515 1431 2602 consuetudinis,

286 2647 361 2717 quae
376 2625 538 2694 contraria
551 2634 582 2695 et
597 2625 777 2717 antiquitus
791 2625 863 2710 fuit,
879 2634 911 2693 et
931 2634 1041 2716 postea
1056 2625 1246 2716 permansit,
1265 2632 1297 2691 et
1316 2623 1434 2692 hodie-

286 2732 366 2802 dum
390 2741 568 2825 permanet.
592 2733 659 2802 Nec
674 2754 788 2802 verum
810 2739 857 2800 est
883 2732 983 2823 qnod,
997 2733 1067 2800 loco
1091 2732 1202 2817 citato,
1218 2753 1362 2800 numero
1378 2735 1431 2816 63,

287 2839 427 2908 affirmat
443 2867 450 2906 :
469 2839 591 2930 Ubique
605 2841 751 2907 locorum
764 2839 907 2908 octccorii
919 2861 974 2907 sco
989 2839 1179 2908 concellarii
1190 2839 1433 2930 Episcopum-um

286 2959 363 3014 sont
385 2945 472 3026 laci,
491 2946 555 3014 nisi
576 2946 636 3014 hoc
657 2945 815 3034 intelligat
839 2967 877 3014 eo
901 2968 1010 3033 sensu,
1025 2945 1113 3038 quod
1139 2945 1260 3036 ubique
1283 2943 1432 3013 locorum

286 3052 490 3144 reperiantur
502 3052 577 3120 laici
593 3052 694 3144 aliqui
713 3074 751 3120 eo
773 3074 906 3120 munere
928 3052 1113 3141 iungentes,
1129 3051 1204 3120 licet
1225 3052 1434 3143 reperiantur

289 3159 405 3250 majori
416 3181 553 3228 numero
568 3158 686 3228 elerici.
702 3157 811 3228 Sedet
827 3160 861 3226 in
876 3158 937 3227 hoo
949 3159 1064 3228 ultimo
1080 3180 1176 3228 sensu
1189 3179 1269 3226 vera
1281 3158 1351 3250 jam
1365 3181 1433 3226 essa

288 3265 382 3336 desiit
402 3265 486 3334 dicta
509 3265 699 3352 affirmatio;
724 3287 798 3334 cum
824 3265 918 3334 hodie
941 3264 1092 3357 pluribus
1111 3266 1144 3332 in
1169 3264 1250 3334 locis
1272 3263 1434 3334 laicorum

288 3372 397 3440 nullus
413 3372 447 3440 id
459 3370 559 3440 officii
574 3372 713 3464 expleat.

336 3483 369 3545 5⁰
394 3477 663 3548 Concludendum
689 3501 767 3569 ergo
794 3478 924 3548 videtur
950 3477 1216 3547 consuetudinem
1246 3476 1280 3545 in
1313 3476 1376 3546 hac
1398 3499 1433 3546 re

290 3585 356 3676 legi
372 3586 499 3676 scriptae
522 3585 699 3678 praevalere
716 3613 723 3653 :
740 3609 834 3677 posse
857 3585 976 3654 scilicet
992 3587 1044 3677 (ex
1062 3585 1158 3677 praxi
1181 3585 1262 3654 adeo
1285 3585 1433 3675 generali

290 3702 322 3762 et
335 3693 506 3780 constanti,
523 3702 561 3761 nt
584 3693 618 3761 in
639 3694 694 3784 jus
719 3713 892 3762 commune
912 3693 1087 3784 transierit)
1106 3693 1224 3762 notarii
1249 3691 1433 3762 officiume

290 3800 426 3887 clericis,
444 3800 540 3868 eliam
562 3801 724 3891 majorum
744 3800 911 3887 ordinum,
927 3799 1034 3893 quoad
1050 3809 1142 3870 actus
1160 3801 1261 3870 cnriae
1282 3808 1316 3868 et
1331 3823 1433 3892 nego-

291 3908 411 3976 tiorum
431 3906 596 3999 Episcopi,
612 3906 698 3975 licite
717 3908 872 3977 exerceri.
894 3909 941 3977 Dc
966 3931 1031 4000 qua
1054 3909 1159 4000 legem
1181 3907 1267 3975 inter
1279 3915 1313 3974 et
1333 3929 1432 3997 gene-

291 4013 391 4082 ralem
422 4013 688 4083 consuetudinem
716 4015 951 4102 contrarietate,
977 4014 1059 4084 forte
1085 4013 1150 4083 dici
1177 4021 1297 4107 posset,
1323 4015 1431 4084 citatas

291 4119 466 4190 decretales
481 4143 541 4212 pro
556 4122 750 4214 quibusdam
773 4121 852 4190 lacis
876 4122 1059 4207 dumtaxat,
1075 4129 1108 4190 et
1130 4122 1173 4191 ob
1189 4121 1372 4213 peculiares
1387 4123 1429 4190 ibi

291 4227 439 4296 inductos
452 4227 693 4316 abusus,luisse
706 4227 786 4297 latos
802 4235 932 4320 :postea
942 4249 1033 4319 varo,
1049 4228 1181 4321 quando
1196 4229 1375 4320 Gregorius
1385 4227 1428 4296 lX
