3032 4976
561 497 635 544 raes
657 497 763 544 rema.
1165 481 1227 544 305

93 617 259 700 caelum,
283 625 314 686 et
340 616 543 708 cunjuncta
563 617 738 710 aliqnando
764 617 905 709 plenem,
931 617 1106 711 aliqnando
1131 622 1229 688 semi-

93 751 111 788 «
135 723 265 814 plenam
281 725 504 817 probationem
518 725 625 794 efficit.
645 751 661 790 a
684 723 997 818 (Scbmelzgrueber,
1013 724 1085 794 loco
1100 727 1169 817 cit.)

135 832 225 900 Nota
241 834 274 899 2.
291 869 336 884 -·
355 831 537 901 «Probatio
546 831 745 923 plusquam
757 831 956 923 sami-pleno
972 829 1007 898 id
1021 831 1158 923 speciale
1172 831 1233 902 ba-

95 965 112 1002 c
135 936 203 1025 bet,
220 938 308 1029 quod
326 939 503 1032 aliquando
523 940 559 1008 in
577 939 684 1008 censis
702 939 856 1008 civilibus
880 938 922 1008 sit
941 937 1058 1008 idonea
1070 939 1111 1008 ed
1125 939 1233 1008 teren-

94 1043 212 1114 «dem
238 1047 441 1132 sententiam,
469 1046 595 1116 etiamsi
622 1045 856 1115 adminiculum
892 1043 1021 1114 nullum
1049 1044 1232 1115 accedat.»

94 1149 411 1242 (Scbmalzgrneber,
426 1152 497 1224 loco
513 1153 580 1243 eit.)

135 1312 344 1394 Qnesr107·.
361 1352 405 1367 -
426 1317 478 1384 An
501 1313 684 1406 ecquando
705 1313 780 1382 dua
801 1313 1005 1406 semi-plenae
1024 1312 1235 1406 probationes

86 1420 218 1509 faciam
232 1443 338 1489 unam
347 1423 508 1513 plenam?
518 1458 562 1473 -
571 1419 740 1489 Sustinent
751 1419 929 1489 canonistae
940 1420 1086 1512 plurimi,
1097 1443 1139 1490 ex
1152 1422 1235 1490 dua-

89 1528 153 1596 bus
168 1529 378 1622 semi-plenis
392 1551 553 1618 exurgere
569 1529 699 1622 plenem
712 1528 935 1620 probationem
950 1556 958 1608 ;
975 1550 1035 1619 pro
1046 1549 1113 1620 quo
1125 1527 1235 1596 addu-

90 1645 171 1703 cunt
188 1645 285 1728 caput
302 1639 385 1706 Cum
400 1658 535 1704 causam
550 1637 620 1727 (13,
636 1634 675 1703 de
690 1635 854 1724 Probat),
871 1643 969 1725 eaput
986 1637 1150 1704 Praeterea
1166 1637 1232 1726 (27,

90 1740 131 1809 de
148 1743 315 1834 Postibus),
329 1754 361 1812 et
372 1752 468 1836 ceput
480 1741 577 1810 finale
591 1741 631 1810 de
646 1743 790 1810 Success.
807 1741 849 1809 ab
862 1741 1027 1810 intestato.
1044 1743 1109 1812 Sed
1121 1765 1236 1814 revere

90 1850 124 1916 id
141 1851 177 1918 in
192 1873 290 1918 sensu
304 1852 451 1939 rigoroso
470 1849 685 1918 terminorum
698 1847 827 1917 admitti
842 1849 966 1938 nequit.
984 1849 1080 1934 Nam,
1104 1849 1236 1919 latenti-

88 1958 154 2025 bus
177 1957 341 2042 omnibus,
361 1955 469 2049 quoad
491 1977 604 2024 causas
631 1954 830 2042 criminales,
856 1975 916 2023 uec
941 1954 1017 2022 duae
1040 1976 1100 2022 uec
1125 1958 1236 2047 plures

88 2063 296 2153 semi-plenas
318 2063 524 2155 probationes
540 2062 671 2153 plenam
692 2059 838 2129 efficiunt
848 2087 858 2148 ;
881 2069 913 2128 et
933 2070 1040 2128 tamen
1060 2063 1087 2129 si
1107 2064 1235 2153 plenam

88 2171 125 2236 in
139 2170 250 2260 aliquo
271 2192 346 2237 casn
372 2191 447 2237 vere
464 2169 643 2254 efficerent,
667 2168 700 2234 id
727 2168 761 2234 in
785 2167 938 2235 omnibns
960 2167 1088 2236 casibus
1105 2169 1237 2237 deberet

88 2278 291 2366 contingere.
314 2275 447 2345 Rectius
462 2298 541 2365 ergo
555 2275 619 2344 dici
640 2297 733 2368 posse
755 2274 899 2361 videtur,
921 2273 1004 2341 duas
1021 2275 1236 2367 semi-plenas

88 2384 297 2474 probationes
312 2383 428 2452 baberi
441 2383 635 2472 regulariter
650 2403 710 2474 pro
725 2404 791 2450 una
804 2381 902 2473 plena
916 2390 948 2449 et
967 2383 1118 2450 eumdem
1139 2383 1235 2451 effec-

88 2499 162 2559 tum
179 2492 300 2560 sortiri.

133 2598 262 2665 Dicitur
288 2597 506 2689 repuleritam
529 2620 605 2666 narn
626 2596 844 2666 communiter
864 2596 1012 2664 doctores
1036 2595 1229 2688 excipiunt:

90 2707 126 2772 1ο
142 2727 257 2773 causes
272 2705 466 2792 criminales,
483 2705 517 2771 in
541 2703 661 2795 quibus
674 2703 749 2771 duae
767 2701 917 2794 pluresve
937 2702 1141 2793 semi-plenae
1155 2727 1233 2796 pro-

87 2813 236 2882 bationes
250 2835 315 2880 non
330 2811 497 2879 sufficiunt
508 2810 549 2879 ad
562 2811 860 2896 condemnandum,
876 2809 932 2877 sed
948 2809 1053 2877 solum
1066 2807 1107 2876 ad
1122 2811 1232 2902 inqui-

87 2919 250 3005 rendum;
275 2920 351 3010 qnia
374 2940 490 3010 nempe
513 2919 547 2986 in
568 2917 731 3008 ejusmodi
750 2919 856 2985 causis
878 2917 1091 3007 requiruntur
1114 2921 1232 3010 proba-

88 3029 195 3094 tiones
221 3026 293 3094 luce
317 3026 497 3094 meridiana
518 3025 689 3110 clariores;
712 3033 810 3115 prout
831 3022 951 3091 dicitur
971 3024 1004 3090 in
1025 3023 1096 3114 lega
1116 3025 1231 3094 ultim

87 3133 178 3201 tituli
193 3131 233 3201 da
246 3131 507 3212 Probotionibus,
525 3132 560 3200 in
574 3131 777 3200 lustinieneo
793 3129 920 3216 codioe;
936 3133 968 3196 2·
981 3151 1094 3198 census
1118 3135 1230 3224 matri-

88 3240 266 3320 monialem
284 3250 320 3308 ut
334 3261 449 3330 nempe
463 3238 693 3329 pronuntietur
708 3245 820 3305 contra
832 3235 976 3304 valorem
989 3238 1058 3327 jam
1072 3237 1144 3306 initi
1160 3262 1230 3308 rna-

88 3348 248 3434 trimonii,
266 3348 361 3439 plena
381 3346 558 3438 requiritur
578 3345 746 3436 probatio;
765 3349 796 3410 3·
817 3365 929 3411 causas
949 3345 1063 3412 civiles
1079 3344 1160 3416 adeo
1173 3369 1229 3416 ar-

88 3453 184 3542 duas,
201 3463 238 3523 ut
250 3453 474 3522 criminalibus
490 3453 743 3543 equiparentnr.

133 3619 278 3699 Quesrro
306 3619 350 3683 8³.
368 3651 412 3668 --
428 3613 570 3685 Geinum
590 3611 760 3681 inocrmbot
781 3634 851 3680 rem
866 3613 902 3679 in
918 3611 1049 3703 judicio
1068 3628 1226 3686 assertam

84 3724 252 3818 probandi
266 3727 422 3792 onusl-
436 3723 462 3791 Ι.
480 3723 536 3790 Est
549 3722 663 3810 regula
678 3720 853 3809 generalis,
868 3728 900 3786 et
919 3729 1072 3811 tanquam
1088 3733 1175 3791 certa
1186 3728 1228 3794 ab

87 3834 242 3904 omuibus
268 3832 421 3920 admissa,
452 3830 501 3898 ilii
529 3828 717 3897 incumbere
742 3827 900 3920 probandi
921 3849 1004 3896 onus
1028 3830 1085 3920 qui
1105 3831 1228 3924 aliquid

87 3941 181 4010 alteri
196 3940 350 4010 nocivum
364 3937 536 4030 injudicio
555 3934 708 4021 affirmet,
727 3935 895 4003 nechabet
916 3957 975 4026 pro
995 3958 1028 4002 sc
1046 3958 1229 4032 praesump-

88 4052 213 4120 tionem
234 4047 332 4140 juris.
348 4049 395 4114 ltu
417 4067 569 4138 expresse
588 4044 740 4112 statuitur
756 4043 885 4134 lugolli
899 4042 1057 4112 incumbit
1074 4045 1119 4137 (2,
1136 4047 1170 4114 ff.
1190 4049 1229 4117 de

89 4155 368 4246 Prohotionibus)‚
392 4165 423 4222 et
441 4154 512 4243 lega
539 4155 580 4220 Ut
598 4149 738 4220 creditor
762 4152 807 4241 (l,
832 4173 859 4220 c.
886 4147 1225 4247 demutationibus).

90 4267 173 4336 Hine
188 4264 269 4357 quie
281 4263 444 4332 ordinarie
456 4267 554 4330 Actor
569 4261 602 4328 in
615 4259 737 4351 judicio
753 4257 896 4327 affirmat
910 4257 1035 4350 aliquid
1054 4261 1088 4328 in
1107 4265 1228 4354 praeju-

250 4391 270 4434 r.
1030 4371 1070 4434 tu
