3046 4968
580 489 655 537 ress
678 491 783 538 eninr.
1189 473 1250 536 115

106 613 278 705 septimum
294 633 397 704 usque
413 611 584 712 saeculump
603 612 765 700 catholici,
780 612 877 680 etiam
893 612 927 681 in
940 610 1056 698 Gallia,
1073 612 1253 704 quidquam

107 731 270 813 usurpatae
291 719 457 790 saeculsris
480 722 657 812 potestatis,
681 729 737 790 aut
760 721 852 788 factm
875 744 894 788 a
916 720 1118 813 principibus
1140 721 1253 788 liberes

106 829 332 913 concessionis,
351 828 385 895 iu
402 827 461 896 hec
473 827 624 894 Ecclesiae
640 828 760 916 agendi
776 829 902 896 ratione
924 827 1139 895 somniarunt.

146 935 314 1004 Gubernia
329 957 420 1019 vero,
437 957 512 1025 quae
527 957 567 1002 ex
582 943 660 1002 tunc
675 957 713 1002 eo
731 935 889 1024 regimine
906 934 1081 1002 Ecclesiam
1096 935 1255 1004 violenter

107 1042 298 1131 spoliarunt,
306 1041 382 1132 jure
393 1040 607 1109 ecclesiastice
618 1063 793 1132 usurpasse
804 1041 941 1109 dicendo
954 1050 1043 1109 sunt.
1058 1040 1153 1120 Quod
1168 1049 1255 1132 petet

107 1149 250 1240 quotidie
259 1172 299 1218 ex
309 1149 511 1240 permanenti
520 1149 793 1234 etinextricebili‚
805 1149 840 1216 in
849 1171 947 1240 qurum
958 1171 1027 1216 sese
1037 1148 1254 1239 projecerunt,

107 1257 358 1326 contradictione
378 1285 386 1324 :
404 1258 484 1324 dum
497 1257 584 1324 enim
598 1277 640 1325 ex
656 1279 722 1324 unu
735 1265 825 1348 purte
841 1258 982 1324 tutentur
993 1256 1033 1324 ad
1051 1279 1085 1324 ae
1098 1279 1163 1323 non
1178 1273 1256 1348 per-

108 1367 209 1434 tinere
223 1364 264 1432 de
278 1363 485 1454 dogmatibus
503 1373 534 1431 et
548 1385 626 1432 vere
640 1362 808 1453 religionis
821 1370 853 1432 et
868 1385 995 1432 morum
1017 1365 1148 1431 notione
1161 1361 1257 1453 judi-

107 1474 207 1558 cium,
227 1472 360 1540 aliunde
384 1480 492 1539 tamen
516 1471 613 1539 modo
637 1471 829 1560 magistrum
851 1471 1014 1563 expellere
1035 1477 1197 1562 coguntur
1217 1488 1255 1540 eo

105 1580 193 1670 qnod
207 1577 358 1648 catholici
371 1577 537 1646 clamitent
553 1577 752 1646 heterodoxo
766 1586 797 1645 et
813 1578 984 1646 inhonesta
1010 1578 1050 1646 ub
1072 1579 1142 1671 ipso
1159 1577 1255 1646 disci-

107 1687 192 1777 pulis
215 1683 359 1770 iuiuudi,
380 1683 477 1751 modo
496 1691 600 1752 certos
619 1683 720 1752 libros
740 1684 866 1752 admitti
892 1705 997 1774 posse,
1018 1685 1099 1751 alios
1119 1705 1197 1784 vero
1219 1693 1256 1752 ut

106 1815 225 1883 pravos
234 1792 325 1882 rejici
336 1792 526 1860 decernunt.
539 1791 575 1857 ln
588 1813 654 1881 quo
664 1799 749 1858 certe
762 1791 822 1858 iste
834 1791 993 1881 gubernia
1005 1791 1044 1859 de
1056 1790 1120 1858 fide
1129 1799 1161 1858 et
1173 1793 1254 1881 dog-

107 1901 250 1968 matibus
267 1907 299 1966 et
319 1919 448 1968 morum
474 1899 639 1966 sanctitate
664 1899 890 1988 pronuntient,
911 1899 1122 1988 quantumvis
1142 1897 1176 1965 id
1197 1917 1255 1965 ue-

106 2017 199 2096 gsnt3
220 2029 258 2074 ec
273 2004 410 2096 proinde
423 2005 574 2073 Ecclesiae
589 2027 622 2072 se
641 2005 855 2092 substituunt,
875 2015 906 2072 et
927 2005 961 2072 iu
983 2025 1169 2097 supremum
1186 2027 1255 2074 sese

107 2112 308 2204 spiritualem
323 2119 512 2203 potestatem
528 2112 672 2201 erigunt.

148 2221 201 2288 Ex
220 2219 397 2310 praemissis
415 2227 524 2286 autem
540 2219 815 2310 propositionibus
835 2220 940 2288 soluta
959 2229 1103 2288 remanet
1117 2224 1256 2312 quaestio

107 2329 200 2398 initio
218 2327 389 2418 presentis
407 2326 521 2417 capitis
536 2326 652 2418 positu,
672 2349 718 2394 an
735 2341 765 2396 et
781 2340 941 2418 quatenus
956 2350 1060 2396 cause
1079 2327 1118 2395 de
1132 2329 1256 2418 juven-

107 2436 188 2503 tutis
200 2434 400 2514 educatione,
418 2423 596 2500 necnon'de
609 2433 755 2523 ejusdem
772 2446 844 2502 tum
858 2434 1021 2525 relipiosu,
1040 2447 1112 2502 tum
1127 2435 1255 2504 litteru-

106 2544 158 2610 rr'o
169 2555 200 2610 et
209 2542 383 2632 sciertifica
396 2541 609 2610 instructione
618 2540 783 2632 adfurum
793 2541 1041 2610 ecclesiasticum
1048 2544 1252 2632 pertineant.

107 2649 201 2716 Tunc
215 2669 332 2738 nempe
347 2669 445 2716 cause
457 2647 520 2716 lori
532 2647 736 2717 ecclesiastici
750 2646 912 2716 censenda
927 2649 999 2735 erit,
1014 2649 1145 2740 quaudo
1157 2650 1198 2718 dc
1214 2651 1255 2719 iis

105 2757 206 2826 rebus
218 2763 347 2845 agetur,
364 2777 445 2845 quas
460 2754 612 2824 Ecclesiae
628 2755 780 2845 regimini
792 2755 957 2846 subjacere
973 2754 1183 2825 ostendimus.

557 3083 699 3154 CAPUT
728 3085 800 3154 Vll.

434 3297 472 3342 DE
494 3295 596 3342 crusta
617 3296 700 3344 sutus
724 3295 931 3342 PATROMTUS.

25 3559 26 3594 r
151 3517 321 3584 Pertinent
336 3514 496 3606 ejusmodi
511 3537 617 3584 causae
631 3514 751 3582 directe
765 3524 797 3582 et
810 3537 868 3606 per
884 3537 917 3582 se
933 3515 974 3585 ad
988 3517 1131 3608 judicem
1153 3515 1255 3585 eccle-

25 3601 27 3630 *
105 3624 287 3707 nescierim,
307 3631 345 3690 ut
364 3643 516 3712 expresse
533 3631 657 3690 constet
678 3643 718 3689 ex
738 3618 889 3689 decretali
912 3623 1053 3705 Quando
1072 3625 1193 3714 (cap.3,
1215 3621 1255 3692 de

25 3759 26 3802 t
104 3728 245 3797 Iudiciis
263 3733 295 3815 1,
314 3728 391 3796 libri
414 3734 432 3794 t
450 3729 678 3819 Decretalium)
700 3728 882 3797 Alexandri
898 3730 961 3816 111,
979 3753 1053 3822 quae
1070 3731 1115 3796 sic
1130 3730 1226 3798 habet
1244 3761 1251 3798 :

25 3887 27 3916 ‚
106 3839 221 3906 Causa
234 3859 310 3904 vero
319 3837 409 3926 juris
420 3849 620 3927 patronatus
631 3836 680 3903 itu
696 3837 872 3927 conjunctu
889 3850 934 3904 cst
950 3849 981 3904 et
995 3857 1140 3904 connexa
1156 3838 1255 3929 spiri-

25 3995 26 4008 ,
103 3945 253 4014 tualibus
265 3944 382 4026 causis,
397 3941 486 4035 quod
494 3944 625 4012 nonnisi
636 3943 844 4012 ecclesiastico
849 3943 978 4034 judicio
989 3943 1097 4012 velem
1110 3943 1251 4036 definiri.

103 4053 232 4144 Estque
257 4051 297 4119 de
324 4051 385 4120 hoc
409 4051 591 4119 communis
619 4049 788 4119 doctorum
819 4051 1051 4119 catholicorum
1080 4054 1252 4121 sententie.

107 4187 125 4223 u
150 4157 251 4225 Ratio
269 4165 329 4244 est,
349 4158 394 4224 ait
413 4156 715 4246 Schmelzgrueber,
737 4158 814 4247 quia
827 4157 883 4250 jus
903 4157 976 4242 hoc,
1000 4157 1051 4224 vel
1075 4157 1254 4228 secundum

107 4295 125 4332 ι
150 4287 190 4334 sc
205 4273 291 4333 etex
308 4263 432 4355 objecto
448 4287 508 4332 suo
521 4274 569 4332 est
583 4263 765 4354 spirituale,
782 4273 818 4332 ut
833 4264 943 4356 plures
966 4263 1111 4334 doctores
1126 4275 1252 4359 putent,
