3056 4972
573 527 647 574 PARS
669 527 772 573 Pitffl.

586 845 730 918 CAPUT
752 845 779 914 1.

417 1057 487 1113 Qun>
509 1057 556 1104 alr
579 1057 673 1104 FORUS
695 1057 734 1104 ΕΤ
755 1055 944 1112 Quorum.

158 1279 191 1343 1·
208 1275 297 1360 Ouid
308 1277 440 1346 uomitu
450 1276 519 1368 fori
537 1273 784 1366 irrtetliqendum
798 1275 918 1344 ueniat.
931 1313 976 1330 -
995 1301 1012 1341 n
1027 1273 1129 1346 Varia
1143 1275 1246 1366 signi-

108 1407 129 1448 «
156 1381 505 1454 ficationarooabulum
518 1381 611 1469 illud,
629 1389 706 1450 testo
717 1381 825 1468 Festo,
836 1383 987 1472 usurpari
1000 1383 1091 1452 tolet.
1104 1382 1245 1474 Aliquo-
1270 1424 1274 1432 ·

108 1516 127 1554 ι
155 1489 217 1558 ties
236 1490 323 1560 enim
346 1489 487 1559 sumitur
509 1511 568 1582 pro
581 1488 651 1558 loro
674 1487 854 1557 vendendis
872 1496 904 1554 at
922 1487 1068 1558 emendis
1087 1489 1246 1558 mercibus
1305 1560 1307 1564 .

109 1623 129 1662 s
155 1595 334 1666 destinato:
348 1603 380 1664 at
394 1597 440 1664 sic
455 1595 574 1665 dieitur
588 1595 699 1666 iorum
710 1594 809 1681 Livii,
822 1592 1061 1684 Semproniuni,
1071 1593 1161 1682 Julii,
1170 1605 1246 1682 ete„

109 1729 129 1766 ι
154 1725 197 1770 er
213 1702 344 1772 nomine
358 1702 477 1772 scilieet
490 1724 604 1772 eorum
617 1701 690 1793 qui,
705 1701 774 1770 haeo
792 1699 863 1770 looa
876 1699 919 1768 ed
936 1698 1057 1771 dictum
1076 1699 1174 1773 finem
1192 1724 1246 1771 so-

110 1836 129 1875 n
156 1809 413 1879 commodarunt.
436 1807 636 1900 Quandoque
649 1807 796 1897 designat
815 1807 923 1876 locum
938 1807 972 1876 in
987 1830 1055 1899 quo
1072 1806 1143 1880 fieri
1158 1808 1248 1900 judi-

109 1945 129 1984 ιι
156 1918 217 2004 cia,
234 1917 287 1986 vel
303 1917 432 1986 tractari
454 1939 529 1984 eum
547 1916 666 2008 populo
689 1916 851 1986 solebat...
876 1915 1099 2006 Usurpubatur
1117 1915 1249 2010 insuper

109 2051 128 2092 α
156 2047 215 2116 pro
230 2025 301 2092 loco
318 2023 509 2094 adunationi
527 2023 694 2094 civitatum
714 2023 776 2092 sub
793 2021 968 2114 provincis
989 2021 1127 2114 preside
1149 2023 1250 2092 desti-

109 2158 129 2196 «
156 2129 366 2200 nuto...1tem
383 2153 442 2222 pro
457 2130 618 2198 territorio
634 2129 720 2198 iutra
736 2129 829 2220 eujus
846 2128 927 2198 fines
944 2129 1000 2219 jus
1019 2151 1041 2200 a
1059 2129 1251 2218 magistratu

109 2267 129 2304 ι
155 2239 284 2325 dicitur,
300 2237 502 2308 dirimuntur
517 2237 601 2321 lites,
619 2237 800 2326 puniuntur
814 2236 872 2308 rei.

161 2345 258 2414 «Nos
271 2365 349 2412 vero
364 2364 422 2434 per
437 2345 558 2410 Forum
577 2340 667 2410 aliud
685 2365 749 2410 non
771 2341 995 2432 inteiligimua,
1015 2365 1113 2434 quam
1129 2344 1250 2434 ipsam-

111 2479 130 2518 «
163 2459 227 2520 met
249 2450 428 2540 legitimam
448 2448 683 2534 auctoritatem,
706 2447 747 2516 ad
770 2470 869 2538 quam
886 2448 990 2518 nitatur
1011 2457 1117 2539 partas
1137 2449 1247 2518 venire

109 2585 129 2624 s
157 2565 318 2643 tenentur,
336 2563 384 2643 ut,
400 2555 566 2646 proposita
580 2555 717 2641 actione,
735 2554 921 2645 auditisque
940 2565 1047 2626 actore
1070 2565 1182 2644 atreo,
1205 2557 1247 2625 ab

111 2692 131 2730 a
162 2663 272 2733 eadem
289 2662 477 2732 auctoritate
499 2662 726 2753 pronuntietur
747 2660 958 2730 absolutionis
977 2661 1029 2732 vel
1046 2661 1246 2732 condamna-

111 2797 129 2836 α
157 2772 250 2840 tionis
265 2769 433 2840 sententia.
449 2793 467 2832 n
486 2768 647 2859 (Biannhi,
664 2779 689 2837 t.
708 2773 740 2856 t,
759 2791 835 2860 pag.
855 2771 944 2859 584.)

159 2903 176 2944 α
198 2877 302 2946 Forus
311 2897 369 2946 sau
377 2876 512 2960 Forum,
523 2875 568 2944 ait
578 2875 735 2965 Pirrhing
748 2875 794 2968 (in
806 2873 938 2944 titulum
951 2878 986 2962 2,
1001 2875 1078 2944 libri
1093 2880 1112 2946 2
1125 2876 1245 2947 Decre-

110 3013 129 3052 o
154 2985 282 3071 talium,
298 2991 373 3054 sect.
393 2988 424 3070 1,
442 2983 464 3074 ξ
481 2985 525 3073 1),
543 2982 630 3075 quod
646 3006 687 3052 err
706 2984 867 3076 primaeva
881 2982 1028 3052 nominis
1042 2983 1247 3074 impositione

109 3119 129 3159 a
153 3091 314 3183 significat
331 3091 439 3160 locum
455 3090 625 3181 publicum
639 3089 681 3160 ad
701 3113 798 3181 quem
819 3112 871 3158 ras
891 3089 1021 3158 venales
1038 3088 1243 3179 deferuntur,

109 3227 127 3264 a
152 3201 186 3268 in
200 3198 363 3290 proposito
377 3196 548 3287 significat,
566 3197 727 3287 imprimis
741 3191 847 3266 locum
861 3197 894 3268 iu
909 3219 975 3287 quo
989 3196 1063 3266 lites
1080 3205 1111 3267 et
1121 3197 1245 3288 judicia

109 3333 128 3370 ι
151 3313 353 3392 exornentur,
370 3325 428 3374 seu
443 3303 501 3373 uhi
516 3304 589 3394 quis
604 3304 776 3372 convenire
792 3311 912 3394 potest;
929 3302 1034 3394 capite
1055 3306 1157 3374 Foras
1170 3306 1240 3396 (tt),

109 3443 127 3480 a
151 3415 268 3502 Extra,
291 3413 330 3482 de
351 3412 526 3482 Verborum
547 3407 809 3504 siqnisicotioue);
834 3411 1027 3480 ubidicitur
1048 3439 1055 3480 :
1075 3415 1178 3487 Fortu
1200 3427 1245 3484 eat

109 3547 127 3584 s
151 3519 404 3589 anemurum
419 3519 529 3587 titium
551 3518 650 3587 lorus.
667 3518 708 3586 Et
723 3517 783 3586 hoo
799 3518 908 3586 torum
927 3518 1006 3587 alias
1022 3519 1119 3587 etiam
1139 3520 1245 3588 trihu-

109 3655 128 3692 «
151 3629 217 3715 nul,
241 3627 292 3696 vel
314 3625 524 3714 auditorium,
548 3625 732 3712 ueletiam,
755 3634 901 3716 respectu
923 3625 1021 3716 Papae
1043 3635 1099 3694 aut
1122 3626 1243 3718 judicis

110 3762 129 3799 ι
150 3735 362 3822 ecclesiastici,
387 3733 614 3802 consistorium
646 3742 794 3819 vocetur,
820 3740 856 3800 ut
883 3739 972 3800 notat
990 3733 1170 3801 Hostienais
1192 3737 1240 3828 (in

110 3867 130 3906 a
152 3846 305 3924 Summo,
331 3840 427 3909 titulo
450 3839 489 3909 de
508 3843 592 3908 Foro
613 3851 764 3931 compet„
782 3863 816 3907 n.
842 3842 856 3905 t
880 3847 912 3906 et
930 3839 976 3929 2).
1000 3839 1122 3908 Forum
1143 3842 1239 3911 etiam

111 3974 129 4012 s
152 3947 421 4037 signifieattotum
436 3947 634 4016 territorium
646 3948 681 4014 in
693 3969 757 4039 quo
769 3946 905 4039 quisque
912 3944 1014 4036 judex
1030 3947 1127 4017 habet
1138 3950 1241 4042 juris-

111 4081 129 4118 «
153 4055 321 4123 dictionem
334 4054 415 4148 (lege
428 4054 590 4144 Pupillus,
602 4058 679 4141 239,
690 4055 726 4124 ff.
741 4054 781 4123 de
795 4053 968 4122 Verborum
979 4054 1238 4151 sipuifioatioue);

112 4186 130 4225 s
155 4184 216 4252 quo
237 4183 332 4229 sensu
352 4161 448 4228 etium
467 4166 533 4228 tota
549 4159 695 4228 dioecesis
713 4159 832 4230 dicitur
856 4161 1056 4230 territorium
1077 4163 1238 4258 Episcopi.

111 4295 130 4334 a
155 4269 245 4338 Putat
271 4278 375 4336 temen
402 4267 603 4355 Hostiensis,
627 4267 715 4360 quod
740 4267 844 4338 Forus
867 4271 901 4336 in
925 4271 1103 4341 masculino
1124 4297 1241 4364 gauere
