3032 4976
321 467 383 532 256
690 483 863 532 meminus
885 485 924 532 nn
945 485 1076 532 runicus.

322 635 338 672 «
361 629 423 700 que
438 607 566 677 boeotia
585 605 793 698 suffraganei,
818 609 972 699 quamvis
994 615 1130 700 utraque
1153 627 1228 699 pers
1251 607 1441 697 litigantium

321 743 337 782 u
361 716 450 803 volit,
467 723 498 784 et
512 715 545 784 in
560 738 637 785 eum
652 716 840 785 consentiat.
856 741 874 782 o
895 715 1077 808 (Pirrbing‚
1092 715 1127 783 in
1140 714 1191 782 tit.
1206 719 1239 802 2,
1255 713 1331 783 libri
1347 718 1366 782 2
1382 713 1443 781 lle-

317 830 409 909 oret,
427 845 460 891 n.
482 823 572 915 191.)

362 931 495 1014 Quinto,
516 929 616 998 «imo
631 951 735 1021 neque
756 930 819 1021 ipsi
832 929 985 1021 Episcopi
1005 927 1215 1020 suffraganei,
1237 929 1307 998 sine
1321 927 1443 997 licentia

318 1063 335 1102 «
359 1035 600 1128 Arobiepiseopi
613 1057 670 1104 seu
682 1035 921 1127 metropolitani
935 1035 999 1125 sni,
1014 1044 1150 1128 possunt
1161 1057 1336 1128 prorogare
1348 1034 1443 1127 juris-

319 1142 535 1213 «dictionem
560 1144 594 1210 in
623 1143 766 1212 alienum
788 1142 933 1234 judicem
955 1142 1205 1212 ecclesiasticum
1229 1170 1236 1210 :
1260 1141 1344 1224 Quia
1368 1143 1444 1209 siout

316 1275 335 1317 u
359 1251 534 1343 Episcopus
549 1257 596 1319 est
614 1250 715 1341 judex
732 1249 916 1319 ordinarius
936 1249 1127 1320 clericorum
1152 1249 1214 1318 sibi
1230 1248 1442 1334 subditorum,

318 1384 335 1423 c
359 1357 402 1426 ita
425 1357 524 1425 etiam
546 1355 816 1449 Archiepisoopus
837 1377 974 1425 suorum
999 1355 1292 1446 suffraganeorum.
1319 1381 1336 1420 a
1367 1355 1444 1445 (Pir-

314 1463 673 1556 rbing,looocit.lQuae
683 1470 792 1532 tamen
805 1463 923 1532 ultima
932 1464 1032 1532 verba
1042 1461 1252 1553 intelligenda
1260 1470 1336 1531 sunt
1344 1461 1444 1553 quom

314 1592 351 1638 ea
365 1592 467 1662 peuce
481 1568 653 1637 dumtaxat
670 1569 704 1636 in
719 1567 840 1660 quibus
854 1567 1123 1660 metropolitauus
1136 1567 1400 1659 jurisdictionem
1414 1568 1444 1633 in
1498 1591 1499 1644 ὴ

315 1676 533 1766 suffraganeos
560 1681 632 1767 post
656 1673 830 1743 concilium
858 1674 1090 1743 Tridentinum
1113 1673 1326 1744 conservavit.
1352 1673 1443 1756 Nam,
1498 1647 1499 1738 l

315 1790 352 1851 ut
367 1792 480 1852 notum
500 1790 560 1870 est,
575 1781 670 1850 valde
684 1781 830 1850 restricte
844 1781 907 1852 tuit
921 1781 1170 1873 metropolitana
1182 1781 1217 1848 in
1231 1779 1445 1870 suffraganeos

311 1889 502 1981 jurisdictio.

359 2001 391 2063 7⁰
404 1997 453 2065 Au
464 1995 607 2086 relipiosi
620 1995 764 2086 eeempti
775 2008 807 2063 et
820 1997 920 2088 Papae
931 1993 1121 2064 immediate
1131 1993 1279 2086 subjecti,
1290 2015 1352 2086 por
1362 1993 1445 2060 oiom

308 2103 552 2194 proropotiouis
569 2123 602 2169 se
620 2100 777 2193 subjicere
792 2100 1020 2192 jurisdictioni
1045 2100 1299 2170 Ordiuoriorum
1310 2099 1441 2192 possint.

314 2247 357 2262 -
374 2235 391 2274 u
407 2208 493 2278 Satis
508 2207 658 2275 convenit
676 2207 760 2276 inter
775 2206 921 2276 doctores
944 2208 1005 2276 boe
1019 2229 1073 2276 eos
1094 2228 1159 2276 nou
1176 2229 1269 2299 posse
1288 2207 1357 2275 sine
1373 2227 1445 2274 oon-

317 2341 334 2381 α
357 2337 452 2383 sensu
473 2313 582 2405 Papae,
600 2313 634 2380 in
650 2312 690 2381 iis
705 2335 780 2404 qum
794 2313 957 2405 pertinent
977 2313 1018 2382 ad
1036 2313 1297 2403 jurisdictionem
1319 2321 1446 2382 couten-

318 2449 335 2488 u
356 2423 514 2491 tiosam...
526 2422 580 2489 An
589 2419 674 2490 idem
689 2417 864 2488 dicendum
872 2420 907 2487 in
919 2419 959 2488 iis
973 2441 1047 2512 quse
1062 2420 1225 2512 portinent
1238 2419 1279 2489 ad
1290 2418 1445 2510 jurisdic-

318 2557 333 2596 u
359 2529 480 2598 tionem
500 2527 731 2616 voluntariam,
757 2525 941 2618 cujusmodi
963 2536 1012 2595 est
1037 2527 1195 2596 absolutio
1222 2549 1241 2595 a
1264 2527 1400 2619 peccatis
1419 2535 1447 2594 et

318 2666 335 2704 u
357 2637 514 2722 censuris,
531 2635 727 2726 dispensatio
750 2635 783 2700 in
806 2635 902 2722 votis,
917 2634 1124 2725 juramentis,
1142 2633 1443 2722 irregularitatibus,

319 2771 337 2810 c
358 2743 498 2833 legibus,
521 2742 705 2810 recitatione
720 2740 887 2827 breviarii,
907 2739 1037 2832 jejunii,
1053 2748 1128 2827 etc,
1145 2740 1302 2809 dissident
1320 2740 1403 2808 inter
1416 2759 1445 2806 se

318 2878 335 2916 u
357 2852 512 2920 doctores.
537 2872 554 2913 o
576 2846 891 2937 (Schmalzgrueber,
908 2847 942 2915 in
960 2847 1093 2916 titulum
1116 2852 1150 2934 2,
1172 2847 1248 2915 libri
1263 2850 1283 2914 2
1300 2847 1445 2916 Decreta-

312 2957 409 3046 lium‚
427 2980 460 3025 n.
477 2957 564 3046 tra.)
587 2955 858 3025 Communiorem
881 2956 1074 3024 sententiam
1089 2976 1228 3046 sequens
1247 2955 1363 3023 citatus
1376 2976 1446 3023 auc·

315 3075 366 3135 tor
380 3072 482 3157 putat,
499 3063 533 3131 in
556 3062 609 3130 bis
624 3061 751 3130 casibus
764 3083 858 3153 posse
878 3060 1048 3151 religiosos
1068 3061 1110 3130 ad
1132 3061 1281 3154 Episcopi
1298 3061 1446 3151 jurisdic-

314 3173 436 3242 tionem
461 3191 639 3256 recurrere,
662 3169 722 3236 sub
747 3168 797 3236 bis
819 3175 929 3236 tamen
954 3167 1238 3236 restrictionibus:
1262 3169 1388 3252 Primo,
1413 3175 1445 3234 ut

315 3279 405 3348 facile
420 3277 504 3346 adiri
525 3298 591 3345 non
604 3275 704 3366 possit
720 3274 809 3367 Papa
824 3275 875 3343 vel
890 3275 960 3366 ejus
976 3275 1117 3364 legatns3
1134 3274 1284 3357 secundo,
1302 3284 1340 3344 ut
1354 3296 1445 3366 supe·

315 3389 417 3456 riores
436 3383 566 3454 Ordinis
586 3389 740 3474 potestate
758 3380 965 3474 dispensandi
987 3389 1132 3468 osreant3
1148 3381 1227 3473 quia
1247 3381 1392 3475 alioquin
1408 3379 1444 3448 ed
1497 3401 1498 3436 ῑ

314 3496 374 3565 hos
391 3500 423 3561 et
440 3514 506 3560 non
524 3489 564 3557 ed
585 3489 783 3581 Episcopum
803 3494 886 3557 esset
904 3487 1156 3575 recurrendum
1178 3488 1287 3570 tertio,
1305 3497 1343 3558 ut
1360 3491 1445 3558 Pre-
1497 3501 1498 3568 ξ

312 3602 398 3672 latus
417 3597 585 3687 religionis
598 3595 687 3664 bunc
707 3595 749 3662 ad
768 3593 982 3686 episcopalem
1000 3593 1259 3686 jurisdictionem
1279 3617 1443 3664 recursum
1497 3569 1498 3653 l

314 3706 492 3800 permittat.
516 3701 644 3772 Sufficit
662 3709 770 3770 autem
793 3700 888 3768 tacita
909 3701 1011 3792 ipsius
1031 3701 1174 3790 licentia,
1196 3701 1248 3769 vel
1270 3701 1367 3771 otiam
1391 3701 1445 3770 ali-

316 3815 441 3906 quoties
452 3817 666 3904 presumpta,
680 3807 772 3878 verbi
784 3806 901 3898 gratia,
919 3809 949 3875 si
964 3808 1005 3877 sit
1018 3807 1206 3899 impeditus.

359 3922 409 3988 Ex
431 3919 471 3988 iis
485 3925 594 3987 autem
611 3937 685 4008 quae
702 3914 741 3983 de
755 3914 986 4006 prorogatione
1001 3913 1227 4002 dissernimus,
1244 3915 1322 3984 satis
1336 3915 1445 4007 poterit

315 4028 416 4097 lector
431 4025 633 4116 dignoscere,
656 4029 769 4091 utrum
790 4021 864 4112 quis
884 4021 945 4090 hnc
963 4021 1017 4091 via
1032 4021 1292 4112 jurisdictionem
1313 4022 1445 4115 acquin-

316 4135 413 4221 verit,
429 4141 461 4201 et
474 4139 658 4223 competens
670 4128 777 4220 quoad
795 4136 916 4196 certam
931 4127 1075 4220 aliquam
1097 4151 1230 4198 causam
1249 4129 1340 4221 (atim
1352 4128 1445 4221 juris·

316 4239 447 4313 dictioni
460 4261 528 4308 suas
544 4237 743 4328 aroannam)
758 4235 862 4304 iactos
875 4235 987 4304 fuerit.
