3046 4962
297 451 335 520 ll
669 475 845 524 rnncrnrcs
869 476 906 524 nn
928 477 1061 526 mmmm.

299 623 315 660 «
339 597 378 665 cle
392 597 642 667 circumstantiis
657 598 730 667 lacti
743 600 919 692 qnaeritnr;
935 601 1076 692 exempli
1093 600 1208 690 gratia,
1221 601 1295 694 quis
1308 596 1429 692 lecerit,

294 730 311 770 c
334 706 520 796 quomodo,
536 730 602 798 quo
616 707 699 795 loco,
710 730 775 799 qno
789 717 943 800 tempore,
955 711 1075 802 quihus
1091 709 1426 796 circumstantiis,etc.
1513 769 1514 792 ,

298 841 315 882 c
336 813 426 882 turis
439 815 573 906 questio
589 823 648 903 est,
664 815 795 906 quondo
810 817 972 908 quaeritur
987 817 1027 886 de
1043 817 1119 886 lacti
1147 815 1273 906 meritc,
1291 817 1379 910 quod
1396 821 1429 887 in
1513 795 1514 840 ³

296 950 313 988 ι(
335 947 373 992 eo
387 922 543 1009 consistit,
561 932 597 990 nt
614 923 669 1013 jns
689 923 772 991 lacto
789 931 872 994 recte
893 924 1099 1016 applicetur:
1117 927 1337 1016 interrogatur
1352 949 1429 1017 crgo
1513 997 1514 1038 ἦ

295 1057 312 1100 c
336 1031 371 1099 in
397 1030 469 1117 hoc,
486 1051 528 1096 an
549 1028 583 1097 id
599 1028 687 1122 quod
712 1029 832 1099 lactum
858 1041 918 1117 est,
933 1031 1007 1122 jure
1030 1033 1151 1102 factum
1172 1031 1224 1119 sit,
1243 1041 1275 1101 et
1297 1033 1430 1125 quidde
1513 1051 1514 1080 ¹

294 1165 311 1204 c
334 1137 395 1207 hoc
419 1137 502 1205 lecto
522 1136 610 1225 leges
633 1137 823 1224 statuerint;
847 1139 988 1231 exempli
1014 1139 1129 1230 gratia,
1151 1161 1193 1208 an
1219 1147 1304 1208 recte
1326 1140 1429 1209 Titius

295 1243 486 1314 «occiderit
515 1244 643 1329 Caium,
674 1251 706 1310 et
736 1244 764 1311 si
794 1244 879 1314 mele
906 1245 1035 1332 occidit,
1067 1269 1133 1339 qua
1161 1268 1258 1338 poena
1287 1246 1328 1314 sit
1356 1247 1429 1316 affi-

295 1380 311 1420 o
334 1352 499 1422 ciendos»
524 1351 569 1441 (in
594 1350 725 1420 titulum
753 1355 784 1437 t,
803 1350 880 1419 libri
904 1357 922 1419 2
948 1352 1181 1441 Decretnlium,
1207 1377 1241 1421 n.
1273 1355 1316 1443 3).
1341 1353 1428 1423 Vide

289 1461 387 1529 ctiam
408 1459 553 1528 Maschat
569 1459 801 1548 (lmtitcticnes
822 1459 995 1543 canonicae,
1014 1468 1093 1529 tom.
1114 1461 1142 1545 1,
1160 1483 1234 1552 pag.
1255 1463 1331 1549 art,
1349 1461 1425 1532 edit.

289 1568 403 1636 Romae
429 1566 540 1656 1757).

336 1673 676 1744 interdicencium
693 1680 779 1766 patet
794 1673 898 1765 qualis
918 1675 1049 1765 proprie
1064 1676 1106 1742 sit
1123 1673 1242 1768 judicis
1261 1683 1400 1766 potestas
1418 1704 1425 1744 ε

288 1792 336 1852 est
357 1804 474 1873 nempe
490 1791 627 1872 potestas
639 1780 873 1872 jurisdictionis
899 1781 997 1848 simul
1018 1789 1050 1850 ct
1071 1781 1212 1872 imperii,
1230 1803 1288 1849 scu
1310 1782 1357 1873 (nt
1377 1783 1428 1851 di·

289 1900 367 1959 cunt
388 1887 592 1983 pragmatici)
604 1886 793 1978 jurisdictio
809 1887 947 1978 imperio
963 1888 1080 1958 macto.
1101 1888 1183 1957 Nam
1196 1888 1355 1980 primario
1370 1913 1427 1959 seu
1513 1901 1514 1984 ζ

288 1995 508 2090 principaliter
532 1994 635 2086 judex
674 1993 818 2062 efficitur
846 1993 964 2085 aliquis
998 2017 1056 2086 per
1085 2002 1274 2086 potestatem
1316 2019 1428 2064 causas
1513 1987 1514 1996 ’

289 2103 503 2195 cognoscendi
521 2111 551 2171 et
564 2103 619 2193 jus
633 2101 739 2192 quoad
754 2124 809 2170 cas
821 2101 950 2169 dicendi
964 2127 972 2183 ;
988 2125 1063 2193 quae
1079 2111 1217 2193 potestas
1236 2101 1426 2193 jurisdictio
1513 2147 1514 2182 Ξ

287 2222 431 2285 vocatur.
449 2209 512 2280 Sed
532 2211 639 2277 inanis
660 2217 841 2278 remaneret
864 2216 1003 2299 potestas
1027 2209 1109 2294 lraec,
1127 2208 1190 2276 nisi
1213 2209 1244 2276 ei
1267 2209 1427 2300 adjunge·

287 2330 378 2390 retur
404 2329 435 2388 et
463 2319 597 2387 facultas
623 2318 691 2386 vim
720 2317 895 2384 coactivam
926 2315 1068 2406 aliquam
1097 2315 1262 2385 exerendi.
1291 2315 1426 2386 Necesse

287 2450 404 2519 nempe
418 2437 465 2495 est
480 2435 516 2494 ut
530 2425 627 2494 simul
643 2422 744 2515 possit
761 2423 863 2514 judex
885 2431 991 2514 partes
1011 2423 1122 2491 citatas
1147 2432 1178 2490 ct
1200 2431 1296 2492 testes
1311 2446 1426 2513 cogere

286 2535 326 2604 ad
343 2533 609 2626 comparendum,
625 2553 751 2599 necnon
771 2531 944 2599 sententias
961 2551 1036 2598 snas
1053 2529 1093 2598 ad
1113 2531 1334 2598 executionem
1349 2529 1427 2599 elli-

286 2639 402 2708 caciter
416 2637 573 2707 deducere
592 2663 598 2704 :
618 2642 756 2727 potestas
771 2644 878 2704 autem
900 2634 1068 2704 coercendi
1093 2635 1269 2727 imperium
1284 2634 1422 2722 dicitur;

286 2749 374 2816 unde
391 2766 504 2813 revera
516 2742 697 2835 jurisdictio
714 2743 748 2811 in
766 2742 886 2833 jndice,
904 2754 939 2810 ut
955 2764 1032 2810 vera
1053 2742 1095 2809 sit
1117 2748 1149 2810 et
1169 2764 1235 2811 non
1254 2741 1424 2831 derisoria,
1513 2751 1514 2824 j

288 2854 380 2924 dehet
400 2852 579 2921 necessario
594 2873 661 2919 esse
682 2872 756 2918 cnm
777 2849 886 2941 aliquo
911 2848 1047 2941 imperio
1067 2849 1249 2940 conjuncta.
1279 2849 1425 2919 Dicimus

286 2985 361 3031 cum
376 2961 487 3052 aliquo
493 2984 507 3042 ‚·
522 2959 612 3050 quia,
628 2965 748 3026 attenta
768 2955 931 3047 judicialis
946 2955 1111 3046 potcstatis
1135 2956 1286 3044 essentia,
1304 2956 1426 3025 sufficit

285 3093 324 3140 ea
338 3068 508 3138 coercendi
523 3065 671 3150 incultas,
688 3086 762 3155 quae
779 3063 957 3132 necessaria
970 3072 1018 3131 cst
1037 3061 1077 3131 ad
1100 3061 1301 3153 judiciorum
1323 3087 1424 3157 expc-
1513 3113 1514 3118 η

285 3177 439 3246 ditionem
460 3185 494 3242 et
508 3172 740 3242 sententiarum
762 3171 994 3239 executionem.
1025 3169 1066 3236 Et
1090 3191 1160 3238 eam
1184 3169 1315 3261 quidem
1331 3193 1424 3238 cocr-
1513 3203 1514 3226 n

285 3283 379 3353 cendi
393 3289 580 3374 potestatem
606 3278 723 3346 habere
746 3275 848 3368 judex
862 3284 1022 3363 censetur,
1039 3275 1098 3342 hcc
1122 3278 1193 3367 ipso
1212 3277 1299 3368 quod
1319 3277 1423 3367 judex

283 3391 428 3480 legitime
451 3389 664 3456 constituatur
690 3413 697 3451 :
720 3383 872 3474 majorem
894 3392 1002 3450 autem
1018 3405 1059 3450 ex
1082 3382 1150 3452 solo
1172 3383 1292 3474 judicis
1313 3385 1422 3454 officio
1513 3379 1514 3462 ξ

286 3519 352 3566 non
368 3498 472 3564 habet.
