3030 4980
1160 451 1216 514 531

54 649 55 652 Ἰ
145 592 252 654 Quaestio
275 595 325 640 tas.
349 591 379 642 et
399 603 433 642 an
453 589 585 654 corrigere
609 603 731 642 excessus
749 589 929 653 religiosorum
956 594 1145 654 exemptorum,

173 674 244 721 extra
256 673 367 721 claustra
378 669 530 734 degentium
553 705 1145 721 ...............
1178 675 1224 720 ssa

145 753 253 813 Quaestio
268 756 319 802 lta
333 752 365 802 Et
376 766 410 802 an
421 751 649 802 excommunicare
683 785 1144 801 ............
1180 754 1223 800 433

145 833 254 893 Quaestio
267 832 319 881 w.
330 833 362 882 Et
374 845 407 882 an
421 830 579 894 suspendere
595 836 620 881 et
632 830 788 882 interdicere
807 866 1144 880 .........
1178 834 1223 880 433

146 912 258 974 Quaestio
272 914 323 960 tta.
335 911 366 960 Et
377 925 410 960 an
425 911 536 962 clericos
554 909 753 961 concubinarios
765 911 797 960 ab
811 909 1031 962 administratione
1050 909 1146 960 beneti-

173 991 273 1040 ciorum
284 991 441 1053 suspendere
476 1025 1146 1040 .................
1180 993 1224 1039 tae

144 1073 253 1133 Quaestio
265 1077 316 1121 16⁸.
331 1073 363 1122 Et
382 1086 415 1122 an
434 1071 548 1122 notarios
567 1086 613 1122 seu
631 1072 759 1122 actuarios
777 1072 809 1122 ab
831 1070 916 1122 officio
936 1072 969 1122 ob
990 1071 1147 1136 imperitiam

173 1153 331 1216 suspendere
348 1187 1146 1202 ....................
1179 1153 1225 1202 433

144 1234 252 1295 Quaestio
265 1236 308 1282 tte
330 1233 362 1282 Et
373 1245 408 1282 an
420 1231 526 1296 gratiam
539 1233 634 1293 iacere,
649 1231 675 1280 id
690 1235 737 1289 est,
750 1245 853 1295 poenam
870 1233 1021 1282 remittere?
1056 1269 1062 1280 .
1099 1269 1105 1282 .
1140 1270 1146 1281 .
1181 1235 1223 1281 433

146 1314 254 1376 Quaestio
267 1317 317 1361 lta.
325 1312 432 1371 Quando
443 1312 561 1375 inceptus
571 1316 610 1362 est
621 1325 758 1375 processus
768 1311 908 1362 criminalis
922 1317 1012 1362 eontra
1023 1313 1145 1378 aliquem,

173 1409 205 1443 en
220 1395 300 1458 possit
310 1393 427 1444 vicarius
438 1394 565 1457 generalis
574 1395 671 1458 absque
683 1394 789 1457 speciali
804 1393 935 1454 mandato,
948 1396 1011 1458 quiu
1026 1409 1102 1444 causa
1112 1394 1146 1444 ad

172 1476 269 1524 asilum
284 1475 440 1538 perducetur
450 1477 476 1523 et
487 1474 615 1523 sententia
627 1473 757 1524 definitiva
769 1474 959 1538 pronuntietur,
969 1475 1047 1525 talem
1062 1475 1146 1525 absol·

171 1569 242 1617 rere,
254 1555 280 1604 id
296 1557 342 1614 est,
355 1555 465 1604 liberum
479 1554 609 1604 dimittere
644 1590 1144 1604 .............
1180 1558 1224 1604 433

143 1637 252 1699 Quaestio
267 1639 317 1685 133.
333 1635 365 1686 Et
377 1649 409 1685 an
424 1649 529 1699 poenam
543 1633 708 1684 interiorem
722 1637 839 1696 mulare;
854 1639 879 1684 et
894 1635 921 1684 in
939 1636 1036 1698 specie,
1046 1649 1077 1685 an
1091 1649 1145 1699 poe·

171 1731 218 1766 nas
230 1717 378 1780 corporales
390 1717 432 1766 rel
443 1731 548 1780 paenam
567 1715 737 1779 depositionis
752 1720 850 1766 mutare
869 1716 896 1764 in
915 1717 1101 1780 pecuniariam.
1137 1753 1143 1765 .
1178 1721 1221 1766 tao

142 1799 252 1860 Quaestio
266 1797 319 1846 2⁰¹.
332 1797 362 1847 Et
374 1811 406 1846 an
421 1809 511 1846 causas
524 1795 723 1847 matrimoniales
736 1809 895 1858 cognoscere
910 1800 935 1846 et
944 1796 1062 1860 judicare
1096 1835 1102 1845 .
1138 1834 1143 1844 .
1179 1799 1218 1844 431

142 1881 250 1941 Questio
265 1883 317 1928 ara.
329 1879 361 1928 Et
371 1893 404 1928 an
417 1877 500 1928 valide
513 1877 685 1928 matrimoniis
696 1877 817 1928 assistere
848 1913 1143 1926 ........
1179 1881 1223 1925 433

141 1962 250 2022 Quaestio
261 1965 312 2010 333.
331 1961 363 2011 Et
383 1975 416 2010 an
430 1961 532 2010 visitare
553 1961 719 2022 monasteria,
731 1959 880 2023 hospitalia,
893 1959 993 2022 aliaque
1008 1960 1067 2008 loca
1086 1959 1129 2022 pio
1137 1974 1145 2022 ;

171 2039 233 2090 item
249 2040 380 2090 Ecclesiae
394 2043 537 2103 exemptas,
550 2040 594 2088 rel
608 2039 704 2090 nullius
723 2039 845 2090 dioeoesis
847 2071 1144 2089 ........
1178 2043 1222 2089 tlt

141 2121 252 2183 Quaestio
264 2121 318 2168 2³⁸.
330 2121 361 2170 Et
374 2133 406 2170 an
424 2120 494 2170 circa
508 2133 664 2170 concursum
683 2132 730 2184 pro
751 2119 945 2184 parochialibus
964 2118 1087 2169 Ecclesiis
1100 2134 1144 2169 va-

170 2201 296 2263 cantibus,
307 2200 334 2250 id
349 2199 432 2249 iacere
446 2199 515 2264 quod
527 2202 611 2264 potest
624 2199 768 2264 Episcopus
802 2236 1141 2251 .........
1177 2205 1219 2250 433

140 2281 249 2343 Quaestio
260 2283 311 2330 tls.
326 2279 358 2330 Et
371 2293 403 2328 an
418 2278 571 2328 confirmare
583 2283 676 2330 statuta
690 2281 807 2343 capituli,
817 2294 866 2330 nec
879 2293 932 2330 non
946 2281 1005 2331 loco
1020 2281 1143 2346 Episcopi

170 2375 324 2412 consensum
337 2363 457 2426 praestare
472 2361 572 2410 statutis
586 2361 770 2424 capitularibus
804 2398 1140 2412 .........
1175 2367 1218 2411 434

139 2444 375 2505 peccabamus
396 2441 589 2491 consentirent
611 2441 700 2491 clerici
719 2441 819 2506 litigent
847 2441 915 2507 apud
937 2441 1007 2493 aliud
1028 2443 1141 2492 tribunal

169 2522 372 2572 ecclesiasticum
388 2536 464 2584 quam
477 2535 551 2571 suurn
555 2557 1141 2572 ...............
1176 2527 1220 2571 433

139 2603 248 2664 Quaestio
259 2606 310 2650 363.
323 2603 361 2650 dn
378 2600 487 2650 claustra
501 2599 651 2650 monialium
666 2599 831 2664 ingrediendi
841 2599 972 2650 licentiam
986 2599 1140 2651 concedere.
1173 2604 1217 2650 433

138 2684 247 2744 Quaestio
261 2687 312 2731 373.
327 2685 366 2732 An
381 2685 486 2745 recepta
498 2681 598 2744 regula,
613 2695 666 2730 non
685 2695 760 2744 posse
776 2681 906 2730 Vicarium
920 2682 1068 2744 generalem
1081 2697 1141 2732 cau·

168 2777 208 2811 sas
218 2761 364 2812 criminales
373 2761 470 2826 absque
481 2761 587 2825 speciali
597 2759 717 2810 mandato
727 2773 896 2825 cognoscere,
903 2761 1000 2826 aliquas
1011 2762 1141 2826 exceptio-

167 2857 213 2891 nes
232 2843 342 2906 patictur
344 2877 1139 2892 ....................
1174 2847 1217 2892 433

138 2932 247 2994 Questio
259 2937 309 2981 tte.
324 2935 361 2982 dn
383 2931 463 2995 possit
475 2930 591 2981 vicarius
612 2931 741 2995 generalis
762 2945 922 2996 cognoscere
940 2945 1031 2982 causas
1050 2931 1139 2982 civiles

167 3012 216 3062 iori
235 3012 405 3063 ecclesiastici
408 3046 1138 3065 ..................
1171 3017 1216 3062 436

137 3095 247 3156 Quaestio
262 3095 315 3142 29¹.
331 3093 363 3143 Et
378 3109 411 3144 an
425 3106 585 3157 cognoscere
607 3093 639 3142 de
652 3092 782 3143 validitate
797 3093 997 3158 dispensationis
1017 3093 1091 3146 iactae
1105 3094 1137 3146 ab

167 3175 296 3240 Episcopo
336 3211 1136 3225 ....................
1171 3180 1214 3224 433

137 3257 246 3318 Quaestio
261 3260 311 3304 333.
322 3255 354 3304 Et
368 3269 399 3304 an
413 3268 571 3320 cognoscere
587 3255 619 3305 de
632 3255 785 3319 obreptione
798 3256 841 3304 rel
853 3255 1020 3319 subreptione
1033 3255 1138 3319 dispen-

166 3334 271 3384 sationis
285 3337 327 3384 aui
341 3334 429 3398 gratier
446 3333 586 3398 pontificias
588 3369 1137 3387 ..............
1170 3339 1216 3385 433

139 3425 247 3485 Quaestio
262 3429 311 3472 tls.
323 3423 457 3481 Quomodo
469 3423 666 3487 intelligendum
679 3423 721 3486 sit,
733 3437 786 3474 non
799 3437 875 3488 posse
887 3424 1018 3475 vicarium
1031 3439 1136 3490 genera·

165 3505 227 3564 lem,
241 3504 337 3566 absque
350 3503 457 3566 speciali
467 3503 588 3554 iacultate
600 3503 731 3567 Episcopi,
744 3505 795 3554 sibi
808 3505 869 3554 dare
888 3505 1053 3554 substitutum
1088 3542 1094 3553 .
1128 3543 1133 3554 .
1170 3508 1213 3553 433

137 3595 247 3656 Quaestio
262 3596 313 3641 32³.
333 3595 371 3643 An
390 3593 471 3656 possit
484 3592 601 3644 Vioarius
614 3593 752 3657 generalis,
764 3593 860 3656 absque
882 3594 990 3658 speciali
1005 3593 1134 3656 mandate,

165 3672 215 3722 sibi
230 3673 385 3724 constituere
400 3671 545 3736 delegatum
550 3707 1134 3724 ...............
1168 3679 1212 3724 437

136 3763 247 3823 Questio
261 3766 312 3810 aaa,
326 3762 495 3820 Quandonam
513 3761 663 3812 substitutus
678 3762 772 3812 vicarii
790 3763 919 3826 generalis
936 3767 1042 3814 vocetur
1060 3765 1136 3814 uices-

166 3846 296 3906 parasset
318 3842 486 3906 qrrandonam
508 3842 685 3893 locum-teneas
699 3857 708 3890 :
721 3845 747 3892 et
766 3857 799 3892 an
819 3844 851 3892 ab
872 3843 928 3908 ipso
952 3845 984 3893 ad
1004 3845 1135 3894 Vicarium

164 3923 311 3985 generalem
320 3922 395 3972 detur
408 3921 546 3986 appellatio
550 3957 1133 3974 ...............
1169 3930 1212 3975 tat

136 4014 245 4075 Quaestio
268 4015 319 4060 stt.
339 4013 379 4062 dn
400 4015 425 4062 et
447 4011 578 4076 quomodo
603 4015 687 4062 cesset
706 4011 850 4076 jurisdictio
872 4012 1013 4076 substituti,
1032 4016 1134 4079 quando

166 4091 405 4142 excommunicatur
419 4092 536 4142 Vicarius
550 4093 679 4157 generalis
712 4128 1133 4147 ...........
1168 4101 1211 4146 tel

137 4183 248 4245 Quaestio
267 4186 318 4230 35⁸.
334 4185 374 4233 An
385 4183 466 4244 possit
480 4181 596 4232 vicarius
609 4182 748 4246 generalis,
759 4181 856 4246 absque
870 4182 977 4248 speciali
992 4185 1132 4236 mandato:

165 4267 190 4316 1⁰
205 4275 300 4327 cogere
312 4263 441 4328 parochos
453 4264 480 4313 ut
491 4261 539 4312 sibi
550 4263 691 4328 adjungant
703 4267 887 4329 cooperatores
894 4279 903 4328 3
915 4267 942 4312 2⁰
957 4267 1077 4330 parochis
1086 4267 1134 4318 im·
