3030 4980
259 469 319 534 518
632 489 808 536 raecrnrus
832 489 870 536 on
892 489 1027 536 runicus.

257 613 473 682 universalem
492 611 670 703 (moraliter
693 611 806 680 saltem
830 611 1003 704 loquendo)
1026 611 1284 703 jurisdictionem
1310 609 1402 679 illins
1510 597 1511 610 ¹

256 742 354 810 aquo
369 719 586 788 constituitur.
604 719 642 786 ln
667 741 744 786 casu
764 727 873 786 autem
889 719 1067 811 proposito,
1084 719 1190 788 neutri
1207 741 1248 786 ex
1269 717 1401 786 duobus

256 825 416 917 deputatis
427 826 566 895 Vicariis
589 825 719 895 videtur
740 834 922 916 competere
943 825 1135 894 universalis
1154 823 1401 915 Arcbiepiscopi

253 932 438 1026 jurisdictio
466 961 473 1000 :
502 955 567 1000 non
597 933 729 1003 Vicario
753 932 952 1018 dioecesano,
977 932 1139 1023 siquidem
1167 953 1233 1000 non
1265 931 1402 1000 haberet

253 1039 512 1132 jurisdictionem
528 1039 810 1131 metropolitanam
830 1065 837 1107 ι
857 1062 923 1108 non
940 1039 1197 1131 metropolitano,
1215 1061 1290 1108 cum
1307 1059 1399 1106 care·
1511 1123 1512 1128 ἵ

144 1233 149 1246 ¹
255 1157 304 1216 ret
323 1147 515 1216 diecesana.

298 1255 371 1325 Non
387 1254 469 1324 mihi
484 1255 624 1323 occurrit
638 1253 725 1346 apud
744 1262 891 1322 auctores
913 1253 1058 1322 discussa
1082 1253 1189 1321 haecce
1209 1251 1397 1320 difficultas.

255 1361 349 1432 Unde
363 1369 394 1430 et
407 1362 449 1429 ab
462 1362 552 1429 omni
574 1361 779 1430 conclusione
801 1359 989 1428 deducenda
1011 1359 1191 1427 abstinebo.
1210 1358 1246 1426 ld
1268 1367 1399 1427 tantum

253 1467 474 1538 adnotandum
491 1468 633 1553 videtur,
650 1468 754 1536 tutius
769 1467 881 1536 saltem
897 1489 965 1535 esse
982 1475 1017 1534 ut
1035 1464 1309 1556 Arcbiepiscopus
1330 1489 1400 1534 non

254 1575 427 1643 constituat
448 1575 590 1642 limitare
612 1575 653 1642 ad
673 1574 930 1666 metropolitanae
948 1572 1184 1665 jurisdictionis
1204 1573 1402 1641 exercitium

254 1705 330 1750 eum
351 1705 370 1750 a
390 1704 468 1773 quc,
486 1690 641 1772 tanquam
661 1681 792 1749 Vicaric
815 1680 971 1770 generali,
990 1679 1061 1748 vult
1082 1679 1173 1748 illam
1194 1679 1402 1770 jurisdictio·
1512 1699 1513 1702 ’

255 1813 329 1858 uem
346 1790 508 1874 exerceri3
526 1789 582 1858 sod
600 1811 675 1858 eum
697 1788 829 1880 deputet
854 1787 1039 1856 indistincte
1056 1788 1163 1879 quood
1185 1796 1284 1856 totam
1304 1809 1402 1856 suam

252 1896 530 1987 jurisdictionem
562 1919 603 1964 ue
630 1895 712 1965 lorte
739 1894 884 1987 alioquin
910 1893 1070 1986 ejusmodi
1093 1893 1268 1963 vicariatus
1296 1917 1403 1984 geue-

254 2003 332 2074 ratis
347 2005 382 2070 iu
397 2003 610 2093 questionem
625 2013 770 2087 vocetur,
788 2013 820 2070 et
841 2025 900 2094 pro
925 2024 1015 2070 mera
1030 2001 1231 2092 delegatione
1252 2025 1327 2070 eum
1346 2005 1403 2072 in-

256 2109 358 2199 telligi
372 2108 488 2178 debere
514 2107 737 2178 contendatur.
755 2110 920 2176 luteutum
936 2117 1044 2176 eutem
1069 2131 1166 2176 suum
1190 2108 1285 2176 lacile
1307 2109 1402 2178 obti-

255 2217 345 2286 nebit
371 2216 656 2308 Arcbiepiscopus,
682 2215 710 2283 si
737 2215 910 2283 constituto
939 2215 1060 2306 absque
1090 2214 1175 2284 dicta
1204 2215 1402 2286 limitatione
1513 2263 1514 2290 i

255 2323 386 2394 Viccrio
401 2321 544 2413 generali
565 2321 727 2412 injungat,
745 2333 780 2390 ut
795 2344 814 2388 a
828 2321 1060 2410 cognoscendis
1080 2321 1186 2390 causis
1207 2321 1403 2392 dioecesauis

254 2430 423 2515 abstineat,
441 2439 472 2498 et
493 2428 749 2520 metropolitane
774 2427 945 2496 dumtaxat
964 2427 1182 2519 jurisdictioni
1206 2431 1402 2498 exercende

254 2538 431 2608 incumbat.

770 2755 792 2846 a
818 2754 874 2822 ur.

363 2946 399 2996 De
416 2943 501 2996 officio
518 2943 613 2996 vicarii
631 2943 759 3009 generalia
775 2941 970 3006 Arcbiepiscopi
986 2941 1071 3006 quoad
1091 2941 1288 3007 appellationes.

303 3186 333 3248 1·
349 3181 482 3250 Certum
497 3178 631 3248 omnino
646 3187 694 3246 est
714 3176 786 3245 dari
808 3199 828 3244 a
845 3175 1058 3265 suffraganeis
1079 3175 1246 3267 Episcopis
1268 3175 1312 3244 ad
1328 3199 1405 3247 me-

256 3288 489 3379 tropolitanum
509 3285 650 3354 tribunal
665 3284 928 3376 appellationem
947 3305 1125 3374 causasque
1144 3282 1405 3375 appellationum

255 3419 349 3488 posse
377 3403 409 3462 ct
440 3393 542 3462 solere
574 3393 616 3460 ab
645 3391 976 3482 Arcbiepisccporum
1010 3390 1151 3458 Viceriis
1191 3391 1404 3479 generalibus

256 3501 407 3592 cognosci
428 3507 460 3568 et
481 3497 640 3589 expediri.
667 3499 800 3566 Constat
824 3521 866 3564 ex
889 3498 994 3587 capite
1018 3497 1211 3578 Paetoralie,
1230 3496 1269 3565 de
1291 3499 1404 3590 officio

255 3608 381 3691 ordin.,·
401 3629 444 3674 ex
467 3607 626 3697 capitibus
648 3605 802 3684 Dilectus,
824 3606 910 3672 Cum
933 3625 1035 3671 causa
1059 3615 1091 3672 et
1118 3603 1401 3688 Sollicitudinem,

255 3716 342 3785 tituli
356 3713 395 3782 dc
408 3711 706 3804 Appellationibas;
720 3735 761 3780 cx
777 3713 880 3802 capite
900 3711 1007 3802 primo
1026 3709 1065 3777 dc
1081 3713 1166 3780 Foro
1188 3715 1401 3802 competenti,

254 3823 290 3891 in
311 3826 346 3908 ὃς
372 3830 403 3888 et
429 3841 471 3888 ex
496 3818 599 3910 capite
615 3821 776 3900 nomana,
794 3817 834 3885 de
851 3815 1143 3909 Appellationibus,
1163 3817 1199 3884 in
1223 3822 1254 3886 6.
1281 3845 1299 3882 ι(
1317 3819 1402 3900 Qum

259 3957 276 3996 c
298 3926 461 3997 conclusio
479 3925 535 4016 (ait
549 3925 736 4014 Pellegriui‚
750 3934 839 4016 parte
854 3927 886 4012 1,
899 3933 977 3993 sect.
997 3927 1029 4010 3,
1043 3924 1182 3993 subsect.
1205 3928 1234 4011 l,
1251 3947 1285 3994 n.
1307 3926 1338 4018 5)
1354 3934 1405 3994 est

259 4067 275 4104 a
298 4037 379 4104 adeo
400 4056 489 4120 vera,
503 4039 540 4101 ut
554 4031 582 4099 si
597 4031 777 4123 Episcopus
792 4031 1017 4122 suffraganeus
1039 4039 1111 4122 post
1133 4029 1401 4122 appellationem,

258 4171 275 4208 c
298 4147 530 4234 promoveatur
544 4137 579 4203 in
595 4136 895 4228 Arcbiepiscopum‚
914 4135 1014 4227 possit
1034 4157 1103 4204 esse
1126 4135 1231 4225 judex
1253 4137 1404 4228 appella-

258 4276 274 4314 «
300 4246 395 4316 tionis
414 4267 434 4312 a
455 4245 611 4312 seirtcntia
632 4267 730 4336 quam
753 4244 822 4336 ipse
844 4243 992 4334 protulit,
1008 4241 1088 4311 dum
1113 4251 1182 4311 erat
1204 4241 1401 4335 Episcopus.
