3030 4980
310 455 373 521 iiio
684 471 859 524 rescrirns
880 471 919 522 nn
940 469 1074 524 murone.

304 604 436 685 nentur,
461 619 499 666 ec
530 595 638 668 debite
674 599 884 690 perturbetur
906 593 1173 667 administrandis
1193 596 1332 690 justitim
1354 591 1437 664 ratio.
1496 621 1498 630 ¹

302 703 389 773 Hinc
403 705 485 772 tenti
504 705 671 794 momenti,
688 714 720 774 et
734 701 958 798 quotidianum
980 704 1112 798 praxim
1127 713 1196 774 tem
1211 704 1326 772 intime
1346 703 1439 772 ettiu-

301 821 432 902 gcntem
453 813 682 905 questionem,
705 835 773 882 non
788 814 909 884 cursim
929 821 962 883 et
974 813 1207 907 perfunctorie,
1228 811 1284 881 sed
1299 820 1440 880 eccnmtu

301 918 455 1038 indagine
476 919 710 990 enucleandam
737 921 906 990 duximus.
932 918 986 990 Ad
1005 920 1094 1014 quod
1115 918 1354 1012 promendum,
1376 939 1439 986 mc-

299 1023 384 1116 joris
396 1026 550 1096 claritatis
564 1026 683 1116 gretie,
699 1035 872 1120 sequentes
885 1025 1081 1098 adhibemus
1095 1026 1330 1120 paragraphus.

1498 1079 1499 1114 i

1498 1139 1499 1184 i

1497 1191 1499 1230 i

474 1555 511 1608 ite
526 1554 637 1608 sumtis
650 1553 839 1606 etdeiinitione
852 1552 996 1606 Vioerictrrs
1008 1549 1281 1621 gemrnnsspisccpt

348 1780 532 1851 Pnorosrrro
551 1779 594 1850 1⁸.
610 1817 656 1834 -
676 1783 724 1848 Dc
741 1779 881 1849 amentio
910 1773 1095 1850 Vicuriotue
1116 1773 1278 1872 poneretis
1296 1779 1500 1872 Episcopi

305 1901 349 1955 esi
371 1889 485 1980 aliqua
497 1899 641 1981 potestas
662 1888 885 1957 ecclesiastica.
909 1925 955 1940 -
974 1885 1148 1957 Conclusio
1170 1886 1242 1956 hmo
1262 1887 1446 1979 probatione

303 2017 371 2065 non
385 1995 559 2086 indigeret,
576 2013 651 2065 cum
665 2015 724 2087 per
737 2013 771 2063 se
787 2001 893 2086 petest
908 2003 941 2063 et
957 1995 1040 2064 nulii
1055 1995 1286 2064 conuovmeiee
1311 1994 1447 2064 obnoxia

303 2102 356 2170 sit.
371 2103 453 2173 Eum
466 2111 575 2172 temon
586 2104 832 2195 promittimus,
843 2109 882 2171 ut
892 2119 912 2170 e
923 2119 1042 2193 genere
1057 2119 1200 2188 summo,
1211 2101 1273 2171 tuh
1284 2117 1353 2194 quo
1365 2101 1448 2192 ejus-

304 2209 394 2278 modi
407 2209 552 2280 officium
567 2205 866 2302 comprehenditur,
884 2206 1102 2297 exordientee,
1119 2225 1224 2299 genus
1240 2207 1325 2276 illud
1340 2213 1448 2300 posiec
1500 2279 1501 2282 ,

303 2316 541 2408 restringendo,
561 2317 603 2386 ed
619 2319 796 2408 peninum
821 2325 853 2386 et
872 2317 1007 2386 omnino
1028 2315 1278 2385 determinatum
1305 2313 1448 2407 ejusdem

304 2422 406 2492 oificii
421 2424 586 2493 notionem
603 2432 673 2493 tuto
688 2443 803 2514 gressu
818 2424 1042 2493 deveniemus.
1068 2424 1160 2492 Petei
1180 2440 1298 2516 nempe
1320 2419 1449 2493 conciu-

304 2529 365 2617 sio,
392 2533 424 2596 1ο
447 2553 490 2599 ex
506 2531 577 2622 ipso
605 2532 726 2600 Viccrii
748 2530 906 2622 Episcopi
929 2531 1092 2600 nomine:
1110 2548 1187 2599 nem
1202 2549 1273 2626 esse
1293 2531 1446 2616 vicerim,

304 2636 390 2704 nihii
408 2637 498 2706 alind
518 2647 566 2707 est
592 2655 692 2730 quem
712 2631 783 2706 loco
801 2645 834 2706 et
853 2638 986 2708 nomine
1006 2637 1142 2706 ulterius
1164 2657 1287 2727 egere3
1311 2655 1394 2728 ergo
1407 2643 1450 2705 est

304 2743 457 2812 tecercid
472 2743 656 2836 quodelter
675 2744 915 2838 incompotem,
935 2763 1013 2835 crgo
1029 2753 1242 2814 eetexercere
1259 2749 1450 2837 potestatem
1501 2725 1502 2814 i

304 2850 439 2919 alterius
465 2849 655 2943 propriam
679 2871 759 2942 ergo
778 2869 847 2921 esse
868 2849 1021 2922 Vicnrius
1051 2849 1203 2945 Episcopi
1227 2860 1276 2921 est
1301 2869 1451 2921 exercere

305 2965 494 3050 potestatem
510 2957 660 3050 Episcopi
676 2960 863 3051 proprium
884 2959 940 3027 sed
954 2965 1094 3051 potestas
1110 2955 1266 3051 Episcopi
1279 2967 1329 3027 est
1346 2967 1451 3051 potes-

304 3073 353 3132 tus
366 3065 593 3146 ecclesiastice3
611 3087 690 3156 ergo
703 3089 773 3135 esse
788 3067 974 3136 Viceriotus
989 3067 1154 3158 Episcopi,
1171 3075 1220 3135 est
1242 3083 1335 3158 posse
1358 3085 1452 3136 excr-

305 3193 376 3240 cere
401 3171 545 3264 aliquem
566 3180 755 3264 potestatem
774 3173 1046 3260 ecclesiasticum
1072 3173 1129 3242 sed
1151 3173 1213 3242 hoc
1228 3174 1339 3265 ipsum
1358 3195 1452 3264 posse

307 3301 451 3347 coercere
481 3279 632 3372 aliquam
649 3289 848 3372 potestatem
870 3275 1118 3349 ecclesiasticam
1141 3289 1191 3348 est
1209 3301 1287 3349 vere
1314 3289 1452 3371 potestus

307 3385 537 3473 ecclesiastice;
558 3409 638 3478 ergo
662 3386 702 3456 de
722 3387 860 3456 essentie
883 3387 1035 3456 Vicerius
1058 3387 1220 3477 generalis
1238 3386 1393 3478 Episcopi
1408 3394 1453 3454 est

306 3494 416 3585 ulique
438 3493 651 3562 ecclesiastica
673 3497 835 3584 potestes3
862 3493 895 3562 2⁰
918 3489 1005 3562 idem
1032 3503 1157 3563 certum
1182 3491 1258 3562 tecit
1286 3493 1453 3562 unanimis

307 3600 455 3670 omnium
471 3623 665 3688 consensus,
681 3617 851 3693 nunquam
867 3599 955 3669 enim
978 3601 1095 3670 vicarii
1117 3601 1281 3692 generalis
1301 3600 1453 3692 Episcopi

308 3709 439 3776 nomine
461 3707 648 3797 designatus
669 3709 843 3799 reperitur,
861 3707 925 3776 nisi
947 3708 1053 3800 isqui
1080 3716 1186 3800 potest
1209 3708 1280 3776 vice
1301 3705 1453 3799 Episcopi

309 3813 433 3904 aliquid
449 3813 573 3902 fecere3
591 3836 627 3882 uc
641 3813 777 3905 proinde
790 3815 854 3883 nisi
871 3816 900 3882 is
918 3815 975 3906 qui
991 3816 1079 3883 velet
1097 3814 1166 3884 loco
1181 3815 1333 3906 Episcopi
1349 3821 1453 3907 potes·

309 3929 406 3988 tutem
420 3921 523 4010 ipsius
536 3921 646 4012 eiiquo
663 3919 759 3989 modo
772 3941 940 4009 exercere3
954 3941 991 3990 sc
1004 3922 1141 4013 proinde
1157 3922 1220 3990 nisi
1231 3922 1260 3990 is
1273 3920 1332 4014 qni
1345 3931 1451 4014 potes·

310 4033 407 4094 tutem
424 4028 566 4119 uliquem
581 4027 830 4097 ecclesiasticum
845 4028 953 4098 hebet.
966 4028 1061 4098 Nunc
1074 4047 1227 4120 quaenem
1243 4029 1286 4096 sit
1295 4048 1336 4097 ce
1347 4035 1452 4120 potes-

310 4140 358 4200 tus
372 4132 594 4223 ecclesiastice,
604 4135 838 4226 Episcoporum
849 4133 993 4204 Viceriis
1003 4145 1201 4226 competens,
1213 4136 1448 4226 expendamus.

356 4240 538 4309 Psorosrrro
550 4241 606 4310 11².
615 4277 659 4294 -—
668 4245 814 4311 Potestne
830 4243 957 4311 Vicario
968 4242 1125 4334 Episcopi
1134 4255 1329 4334 competens,
1344 4256 1392 4312 est
1406 4263 1450 4308 cs·
