3030 4980
307 535 369 604 398
681 557 857 606 reserares
879 559 919 604 on
941 557 1076 606 sumena.

307 707 325 746 a
347 677 545 772 permittitur
565 679 647 772 (tage
664 680 780 750 ultima
803 679 941 763 Codicis,
963 679 1002 748 dc
1020 679 1125 748 Crine.
1149 677 1280 761 socril.,·
1294 685 1326 746 et
1339 677 1431 768 leget

307 813 324 853 a
350 786 487 868 Codicis,
515 786 554 855 de
577 788 700 858 Divers.
725 789 826 880 offic,
847 789 904 856 lib.
930 789 1023 878 12)...
1052 787 1118 858 Nec
1136 785 1334 876 suffragatur
1359 785 1432 877 quod

305 893 497 984 «Episcopi
528 893 781 984 praedecessoras
811 893 1006 962 retinuerint
1035 891 1183 962 Vicarios
1212 891 1431 959 dioeocsanos:

305 1025 321 1063 <r
345 1000 422 1092 quia
447 1021 513 1068 non
540 1011 587 1067 est
608 1000 770 1092 exemplis
790 998 1055 1093 judicandum.»
1079 999 1130 1067 Ab
1150 998 1210 1066 hac
1230 999 1375 1087 generali
1391 1021 1433 1066 rc-

300 1107 378 1196 gula
408 1106 543 1175 concedi
572 1107 768 1199 quandoque
804 1107 971 1199 Episcopis
1004 1107 1280 1198 dispensationem
1315 1103 1433 1173 adnata

299 1212 423 1282 ibidem
451 1215 567 1282 citatus
594 1223 707 1282 auctor
733 1214 784 1282 his
808 1214 918 1282 verbis
947 1242 955 1280 :
983 1213 1113 1282 «Solet
1138 1220 1247 1281 tamen
1270 1211 1433 1306 aliquando

304 1346 321 1386 a
345 1320 459 1389 eadem
477 1322 576 1389 Sacra
589 1321 807 1412 Congregatio
822 1321 1022 1413 dispensare,
1040 1328 1077 1388 ut
1093 1319 1284 1412 Episcopus,
1301 1339 1433 1410 praeser-

303 1453 320 1491 a
346 1427 408 1494 tim
425 1426 584 1516 residens,
599 1436 707 1496 tenere
722 1429 823 1519 possit
833 1428 1005 1497 Vicarium
1018 1427 1251 1511 dioecesanum,
1264 1425 1433 1493 dummodo

303 1560 321 1601 a
345 1557 410 1604 non
425 1535 569 1626 praebeat
588 1535 794 1604 occasionem
817 1535 1047 1627 querelarum;
1069 1534 1168 1626 idque
1184 1531 1296 1600 multis
1310 1532 1351 1601 de
1365 1555 1433 1600 rau-

305 1668 321 1707 u
344 1643 388 1710 sis
408 1668 415 1709 :
432 1641 520 1733 quod
535 1641 718 1733 Episcopus
731 1641 837 1710 adhuc
852 1649 1047 1710 extraneum
1060 1640 1217 1710 idoneum
1229 1641 1375 1708 invenire
1387 1661 1434 1707 nc·

304 1773 320 1815 r
343 1749 485 1841 quiverit
505 1775 513 1815 :
540 1749 626 1840 quod
646 1748 797 1818 Vioarius
816 1757 948 1817 exterus
973 1769 1040 1816 non
1058 1747 1122 1816 cito
1142 1747 1241 1838 possit
1260 1746 1405 1816 accedere
1425 1772 1431 1812 :

304 1883 321 1920 a
343 1864 476 1949 propter
492 1855 660 1924 fructuum
675 1854 828 1924 Ecclesia
844 1855 1035 1923 tenuitatem
1054 1879 1062 1922 t
1080 1861 1212 1946 propter
1227 1853 1312 1922 aeris
1324 1854 1433 1921 intem·

182 1999 187 2018 ι
304 1989 321 2028 a
344 1963 468 2055 pariam
486 1987 495 2033 ε
514 1971 645 2054 propter
661 1962 811 2030 notitiam
830 1962 994 2032 bonarum
1013 1962 1209 2053 qualitatum
1229 1961 1301 2030 talis
1324 1960 1432 2032 Vicarii

288 2072 322 2136 'a
347 2070 532 2139 dioecesani.
548 2095 565 2134 a

349 2182 381 2246 3⁰
396 2178 489 2246 Adeo
502 2176 677 2246 concordes
690 2176 817 2267 reperio
831 2175 979 2246 doctores
993 2185 1128 2246 caeteros
1142 2177 1185 2268 (1)
1199 2176 1234 2243 in
1244 2173 1432 2244 admittenda

299 2283 414 2353 cadem
438 2283 584 2352 doctrina
604 2293 759 2374 tanquam
782 2294 881 2369 certa,
906 2289 937 2351 et
960 2283 1059 2375 (quod
1081 2283 1340 2375 peremptorium
1359 2304 1433 2373 pre-

301 2392 393 2483 cipue
416 2393 475 2481 est)
506 2391 541 2458 in
568 2389 746 2458 attestando
775 2391 860 2458 tacto
888 2388 928 2458 de
957 2389 1147 2458 memoratis
1176 2388 1433 2458 declarationibus

300 2509 331 2566 et
345 2498 481 2566 decretis
500 2497 608 2566 Sacrra
632 2496 902 2586 Congregationis
923 2495 1156 2588 Episcoporum
1180 2495 1430 2585 stragularum,

299 2617 337 2675 ut
372 2627 580 2696 nequaquam
614 2605 738 2695 possim
775 2603 938 2671 declinare
972 2603 1214 2671 conclusionem
1247 2603 1330 2671 hano
1360 2631 1366 2669 :
1394 2605 1431 2668 De

293 2715 316 2804 j
318 2737 377 2782 ore
391 2711 569 2792 communi,
587 2733 651 2778 oon
665 2710 758 2780 licere
774 2711 937 2801 Episcopo
951 2710 987 2778 in
1008 2711 1175 2779 Vivarium
1189 2711 1372 2800 pereeralom
1381 2707 1431 2776 ett-

300 2843 374 2911 pcre
390 2820 618 2898 dioecesanum,
641 2817 762 2908 absque
783 2817 958 2909 pontificio
983 2817 1221 2908 dispereatioue
1243 2845 1254 2884 :
1278 2819 1369 2900 Quod
1386 2816 1430 2905 jus

301 2949 476 2996 commune
490 2923 668 2993 hodiedum
686 2925 785 2992 etiam
802 2925 912 3013 vigere
929 2926 1065 2994 omnino
1079 2923 1279 2992 censendum
1295 2924 1428 2996 videtur;

300 3035 363 3102 nisi
377 3035 458 3101 forta
473 3033 547 3123 quis
561 3030 682 3099 alicubi
695 3031 858 3100 contraria
873 3041 904 3098 et
916 3031 1062 3120 legitime
1075 3030 1264 3122 praescripta
1273 3037 1430 3098 consuctu-

300 3142 376 3208 dine
398 3139 592 3228 abrogatum
609 3136 663 3228 jus
684 3136 764 3205 illud
784 3136 958 3223 sustineat;
982 3135 1076 3228 cujus
1095 3147 1205 3206 tamen
1227 3133 1430 3226 abrogationis

299 3247 448 3340 probatio
464 3244 593 3314 videtur
608 3244 703 3312 valde
717 3243 869 3318 difficilis.

346 3359 379 3422 4⁰
395 3356 449 3420 An
468 3373 558 3438 vero,
576 3373 642 3418 non
661 3359 789 3418 tantum
809 3358 844 3420 ut
862 3351 947 3419 licite
964 3351 1065 3441 possit
1083 3353 1158 3442 quis
1178 3351 1331 3421 constitui
1345 3371 1432 3442 gene-

261 3480 264 3488 *
300 3461 376 3529 ralis
394 3460 558 3544 Vicnrius,
578 3457 634 3526 sed
651 3459 751 3526 etiam
771 3455 812 3525 ad
832 3466 965 3525 actuum
987 3457 1091 3548 ipsius
1111 3457 1314 3527 validitatem
1334 3456 1433 3548 requi·

298 3576 391 3638 ratur
402 3577 439 3634 ut
453 3567 649 3651 sitexterus,
666 3585 733 3633 non
745 3564 872 3655 reperio
887 3564 929 3631 ab
940 3564 1129 3632 auctoribus
1146 3564 1342 3634 discussum.
1358 3565 1432 3632 Puto

299 3674 332 3742 id
344 3673 467 3764 requiri
481 3671 523 3739 ad
536 3671 709 3739 liceitatem
722 3681 863 3756 tantum,
882 3692 959 3738 cum
975 3693 1041 3738 non
1056 3671 1213 3762 pmbetur
1224 3672 1344 3740 dictam
1360 3691 1431 3739 con-

299 3781 459 3849 ditionem
473 3779 533 3847 sub
549 3800 646 3870 poena
658 3778 816 3846 nullitatis
831 3779 931 3868 exigi.

216 3933 219 3942 ι
343 3891 443 3958 Nota.
458 3886 552 3969 Quod
563 3885 825 3956 Poenitentiarius
837 3894 977 3977 nequeat
988 3907 1057 3954 esse
1067 3887 1169 3955 simul
1180 3885 1333 3956 Vicarius
1343 3905 1428 3976 gene·

299 3995 377 4063 ralis
390 3993 555 4085 Episcopi,
572 3992 719 4061 diximus
733 3993 768 4059 in
783 4001 921 4061 tractatu
934 3993 1162 4085 decapitatis,
1180 4017 1256 4086 pag.
1278 3999 1350 4064 126.

332 4263 364 4326 (tt
377 4260 441 4310 Vide
455 4257 523 4310 inter
536 4261 601 4310 allos
616 4257 762 4310 Ferrarium
775 4259 816 4321 (ad
829 4272 921 4310 rocam
936 4261 1053 4312 Virarr'ur
1063 4262 1201 4327 permutat,
1215 4265 1265 4313 art.
1280 4267 1304 4326 t,
1315 4277 1341 4313 n.
1353 4261 1396 4324 at),
1406 4259 1426 4306 et

300 4341 454 4393 Laurentum
466 4339 506 4402 [de
521 4339 631 4388 Vicorr'is
639 4339 736 4403 Epiro,
751 4338 834 4403 capite
850 4343 875 4401 1,
889 4353 914 4403 p.
929 4339 978 4403 17].
