3032 4976
109 469 114 476 .
237 420 300 486 282
603 438 781 488 rnrcrirus
805 439 845 487 ns
866 439 1001 488 moruus.

233 583 253 628 c
280 561 425 652 portibus
450 585 560 632 eorem
587 562 650 632 loci
673 561 860 652 Ordinatio,
881 562 983 654 possit
1007 560 1380 654 opponeredeoiineto-

234 667 320 738 rum
334 669 409 756 fori,
423 677 454 744 ct
469 678 577 762 petere
590 677 629 740 ut
644 689 741 740 muse
754 671 796 738 cd
815 669 951 740 Curium
967 669 1152 738 Romanum
1173 668 1376 738 remittetur.

276 775 349 846 Nisi
371 777 411 846 de
435 775 495 846 hoc
509 795 545 846 ne
565 785 692 846 exteret
712 776 859 868 specialis
879 775 1049 868 dispositio
1072 773 1252 867 pontificis,
1278 775 1384 844 modo

234 883 438 975 exponendo,
448 883 575 952 ciorum
586 891 670 952 esset
683 882 723 952 de
733 883 808 976 jure
820 884 994 953 communi
1008 904 1101 974 pomo
1113 881 1382 974 quantitates

236 990 351 1060 Rome
371 1000 580 1084 prasonem,
601 992 774 1061 conveniri
798 991 898 1061 etism
919 997 1013 1060 ertrc
1035 991 1220 1060 Romanum
1240 989 1382 1060 Curium

235 1119 345 1168 coram
362 1099 466 1190 ipsius
476 1097 651 1168 Ordiuerio
667 1125 678 1167 ε
700 1098 815 1182 «Quin
839 1121 917 1168 eum
938 1097 1113 1189 utrobique
1131 1097 1245 1166 iomm
1259 1097 1384 1165 sortie-

241 1230 257 1270 ι(
280 1213 346 1292 tur,
360 1213 411 1274 est
430 1207 465 1274 in
487 1206 620 1297 optione
644 1207 763 1276 ceteris
785 1225 864 1274 eum
890 1205 1065 1274 convenire
1084 1203 1120 1272 in
1141 1227 1207 1296 quo
1226 1203 1387 1274 metuerit

240 1337 257 1378 c
280 1311 362 1380 foro.
379 1312 420 1380 Fr
430 1312 567 1404 quidem
581 1335 693 1382 eornm
710 1312 887 1382 Ordinerio
906 1311 1065 1380 domicilii
1087 1311 1255 1379 conveniri
1275 1317 1388 1402 potest

241 1443 258 1483 c
280 1419 478 1507 indistincte,
494 1420 567 1490 iicet
580 1421 622 1488 sit
635 1420 765 1506 absens,
781 1419 880 1488 stium
895 1441 955 1511 pro
971 1418 1188 1486 contractibus
1209 1418 1286 1486 ciihi
1300 1441 1386 1509 ges-
1514 1428 1515 1433 ’

241 1552 258 1590 e
280 1526 335 1612 tis,
350 1527 402 1595 vei
416 1526 543 1596 delictis
554 1527 636 1596 olibi
653 1526 844 1619 perpetretis
863 1535 921 1594 :et
935 1533 983 1594 est
1003 1526 1191 1594 eommunis
1208 1524 1333 1618 opinio.
1361 1552 1383 1590 c

239 1633 436 1722 (chusnus,
448 1634 566 1726 incip.
580 1635 734 1721 Lioctiti,
745 1633 830 1702 tituli
846 1637 879 1719 2,
890 1631 966 1700 libri
980 1636 1000 1700 2
1017 1631 1292 1719 Decretalium,u.
1310 1632 1391 1724 te.)

283 1739 347 1810 Sed
374 1741 547 1812 intervenit
572 1742 612 1810 dc
634 1741 694 1810 heo
716 1741 787 1832 ipss
813 1739 951 1810 ureteric
975 1739 1031 1808 iex
1056 1738 1388 1831 ecclesiasticum

239 1848 426 1917 constitutio
441 1849 641 1940 queniano
662 1847 773 1916 vocari
793 1848 884 1928 solet,
903 1846 938 1914 in
953 1868 1019 1937 qua
1038 1845 1084 1913 sie
1105 1844 1247 1914 decrevit
1270 1846 1391 1935 Euge·

239 1955 313 2022 nius
325 1954 375 2024 IV
391 1981 400 2022 ε
421 1981 439 2022 e
454 1955 572 2024 Divino
586 1955 620 2022 in
636 1955 793 2024 eminenti
808 1953 903 2024 Sed's
918 1951 1115 2044 Apostniiose
1130 1952 1260 2044 speculo
1268 1951 1389 2044 dispo-

244 2087 261 2125 «
284 2069 379 2130 uento
402 2062 577 2131 clementie
602 2062 781 2148 constituti,
802 2061 843 2130 ed
868 2083 906 2128 ec
931 2060 1070 2129 libenter
1088 2060 1304 2145 intendimus,
1325 2083 1391 2151 per

245 2193 261 2232 e
283 2191 359 2259 que
373 2167 528 2239 officinies
543 2168 709 2262 prudiotte
722 2167 822 2240 Sedis
834 2168 999 2260 ohsequiis
1015 2167 1086 2258 eius
1098 2167 1149 2258 (ed
1164 2189 1266 2259 quem
1282 2166 1390 2236 veluti

245 2301 261 2340 c
284 2274 433 2344 fidelium
445 2277 600 2346 omnium
614 2284 769 2363 metrum,
781 2289 845 2367 pro
859 2275 1051 2344 animorum
1068 2273 1171 2342 solute
1190 2273 1387 2365 querende,

245 2409 262 2448 e
282 2391 316 2452 et
327 2381 454 2475 justitie
469 2383 707 2476 prosequende,
722 2383 762 2452 de
786 2381 927 2451 diversis
948 2382 1065 2450 mnudi
1086 2381 1236 2474 pentibus
1250 2381 1392 2450 confluit

247 2516 263 2556 e
287 2491 474 2582 multitudo)
491 2492 594 2560 tutius
614 2500 645 2559 ot
671 2490 814 2582 quietius
831 2512 869 2560 so
895 2489 1117 2582 pompisonis
1139 2489 1270 2558 vuimnt
1288 2489 1392 2557 exhi-

245 2625 261 2663 α
284 2599 361 2668 bere
378 2625 386 2666 ι
403 2598 481 2668 iiuc
491 2607 544 2667 est
557 2598 645 2691 quod
663 2611 725 2666 uos
740 2619 780 2665 ex
795 2598 893 2666 certis
904 2597 1153 2666 notionchilibus
1168 2597 1275 2665 ceusu
1290 2597 1385 2679 muti,

246 2733 263 2770 e
283 2707 386 2774 etiem
426 2707 662 2775 nonnullorum
703 2705 979 2796 predecessorum
1015 2712 1205 2774 metrorum
1240 2703 1393 2794 vestigiis

246 2839 263 2879 c
286 2813 495 2898 inhaerentes,
514 2813 692 2882 districtius
707 2812 897 2880 inhibemus
915 2812 1063 2881 locorum
1075 2811 1259 2880 Ordine-riis
1275 2861 1328 2896 ...,
1347 2833 1391 2880 ue

248 2947 265 2987 o
286 2928 400 2990 contro
412 2920 565 2990 officiales
579 2920 745 3012 prefatos,
758 2939 972 3010 quocumque
987 2919 1121 2988 nomine
1141 2926 1389 3010 nuncupentur,

248 3027 322 3094 eiu
347 3028 525 3096 nostriset
552 3027 646 3097 dicte
672 3025 765 3096 Sedis
792 3024 956 3117 obseqrriis
983 3047 1070 3094 nune
1096 3033 1129 3094 et
1156 3047 1216 3117 pro
1241 3034 1393 3116 tempore

249 3155 265 3194 e
288 3133 610 3218 esisoeutesmecuon
624 3151 850 3224 quoecumque
862 3131 943 3199 dios
956 3153 1015 3222 pro
1028 3131 1139 3200 suiset
1151 3149 1267 3218 corum
1279 3129 1393 3198 ersis

252 3259 268 3298 e
290 3235 342 3304 vel
354 3237 493 3326 negotiis
508 3235 743 3329 prosequendis
757 3235 800 3304 nd
815 3237 927 3305 sedem
948 3237 1140 3328 predictum
1156 3237 1336 3322 venientes,
1353 3258 1394 3305 eo

251 3368 269 3408 e
291 3343 326 3412 in
338 3365 379 3412 ea
393 3344 543 3435 [duecte
556 3345 765 3435 negotiorum
781 3351 813 3412 et
828 3363 1004 3414 censum
1020 3343 1209 3434 injusrnodi
1228 3364 1395 3434 prosecu-

253 3477 271 3518 «
293 3451 390 3540 tione)
409 3473 538 3520 morem
552 3452 727 3539 trahentes,
743 3459 775 3520 et
789 3451 975 3520 recedentes
995 3451 1037 3518 eii
1057 3450 1185 3538 endem,
1202 3448 1392 3542 procedere,

254 3567 349 3626 curt
372 3558 406 3628 iu
431 3579 485 3630 eos
510 3557 869 3644 excommunicationis,
893 3556 1115 3649 suspensionis
1135 3557 1188 3626 vei
1213 3553 1393 3642 interdicti,

254 3673 350 3732 «eut
377 3664 568 3756 privationis
595 3665 779 3736 officiorum
805 3672 862 3734 cut
886 3664 1134 3751 beneficiorum,
1157 3684 1214 3732 seu
1235 3661 1397 3754 quemvis

255 3794 273 3835 «
295 3770 396 3839 eiiam
412 3772 604 3840 sententiam
619 3772 829 3864 promulgare
840 3778 1055 3863 praesument.
1073 3796 1090 3835 o
1111 3771 1201 3862 (an.
1220 3769 1341 3838 Divino
1359 3771 1395 3856 3,

253 3875 340 3944 tituli
355 3881 387 3966 7,
404 3878 480 3947 libri
498 3883 529 3967 5,
547 3878 830 3967 extravegeutium
848 3878 1102 3968 communium.)

296 3982 373 4052 Post
388 3984 491 4054 icon
502 3985 587 4054 iliud
599 3985 781 4070 decoetum,
795 3985 863 4076 jem
875 4002 945 4054 non
961 3991 1137 4075 potnerunt
1151 3990 1244 4052 extre
1257 3981 1397 4052 Curiam

253 4087 436 4158 Romanam
459 4093 624 4160 conveniri
642 4091 796 4183 officiales
815 4090 911 4160 Sedis
925 4090 1130 4182 Apostolioae,
1146 4102 1178 4158 et
1196 4089 1400 4182 piceumque

252 4195 324 4279 elii,
336 4197 462 4292 quinto
470 4200 538 4268 sois
545 4198 683 4290 nepotiis
694 4195 900 4291 eopedieudis
909 4196 1044 4266 adiano
1053 4196 1172 4268 sedem
1180 4211 1397 4268 accensorum.
