3030 4980
637 521 812 566 mertrus
836 520 874 566 ou
895 519 1029 566 sturmis.

690 889 834 957 CAPUT
856 887 979 956 XVIII.

347 1103 384 1146 ou
405 1101 494 1146 cunta
519 1101 792 1163 ancutmtscorntn
818 1101 995 1146 emaum
1021 1101 1059 1144 ΕΤ
1082 1099 1316 1145 tannacum.

302 1337 468 1404 De'Iineata
480 1337 580 1404 cnriae
593 1337 786 1428 episcopalis
800 1337 918 1420 forma,
935 1343 1080 1404 remanet
1093 1345 1131 1403 nt
1144 1355 1293 1402 normam
1304 1335 1408 1402 etiam

257 1444 528 1534 Metropolitanee,
552 1443 813 1535 Primatialiaqne
838 1451 871 1512 et
896 1441 1128 1512 Patriarchalis
1158 1442 1259 1510 curia
1292 1441 1410 1532 paucis

257 1549 452 1620 iudicemus.

792 1764 862 1854 gr.

256 1934 391 1992 Quomodo
403 1935 482 1984 curiae
495 1935 638 1998 episcopali
654 1934 745 1984 similis
756 1935 841 1999 quoad
855 1933 975 1996 formam,
989 1933 1092 1983 diuersa
1107 1946 1170 1984 vero
1186 1933 1272 1997 quoad
1286 1933 1414 1996 jnrtsdie·

407 2025 506 2074 tionem
517 2025 549 2074 att
561 2025 769 2088 metropolitana,
781 2023 932 2074 primatialis
943 2027 969 2073 et
979 2023 1159 2074 patriarchalis
1175 2023 1256 2072 cuna.

304 2241 335 2304 1.
360 2235 413 2304 ad
436 2238 576 2305 formam
596 2261 652 2306 seu
673 2247 788 2330 typum
809 2237 1002 2329 episcopalis
1024 2238 1125 2306 curiae
1144 2246 1281 2329 possunt
1301 2247 1333 2305 et
1359 2261 1415 2306 so-

258 2345 325 2414 lent
338 2344 410 2413 uliae
426 2353 614 2413 memoratae
631 2345 782 2414 constitui
797 2353 829 2414 et
849 2344 1006 2413 ordinari.
1031 2346 1189 2414 Constant
1206 2365 1325 2436 nempe
1344 2347 1416 2412 Ar-

258 2451 474 2541 cbiepiscopo,
491 2451 543 2518 vel
557 2450 712 2536 Primate,
735 2449 786 2518 vel
807 2449 995 2518 Patriarcha
1016 2458 1171 2542 tanquam
1187 2448 1297 2540 judice
1320 2450 1417 2517 ordi-

260 2556 352 2625 nario
386 2557 556 2647 primario,
598 2558 730 2626 Vieario
766 2579 879 2625 eorum
920 2557 1065 2647 generali
1107 2567 1262 2647 tanquam
1302 2555 1417 2647 judice

260 2663 427 2733 ordinario
455 2663 658 2748 secundario,
681 2675 866 2757 promotore
892 2666 1005 2746 fiscali,
1032 2667 1189 2752 actuario,
1215 2664 1358 2754 aliisque
1382 2665 1417 2731 in

261 2771 352 2838 curia
380 2771 555 2863 episcopali
586 2771 735 2839 adhiberi
764 2772 876 2839 solitis.
906 2772 1002 2840 Unde
1027 2772 1132 2839 forma
1158 2795 1196 2839 ac
1223 2771 1419 2840 constitutio
1513 2787 1514 2790 ’

258 2878 386 2946 iuterna
401 2879 536 2947 omnino
549 2878 668 2947 similis
683 2879 746 2946 dici
763 2887 880 2969 potest.

307 2991 337 3054 2.
364 2986 534 3076 Objectum
562 3009 641 3054 vero
662 2987 747 3054 circa
769 2987 856 3077 quod
878 2996 1027 3055 versatur
1054 2985 1218 3054 dictarum
1245 2989 1419 3055 curiarum

264 3201 453 3269 dimcesanae
476 3199 655 3268 diversum.
673 3199 756 3269 Nam
780 3211 898 3290 praeter
913 3200 1177 3291 jurisdictionem
1198 3201 1419 3292 episcopalem

265 3310 298 3376 in
325 3308 492 3400 propriam
514 3307 691 3393 dioecesim,
715 3307 997 3398 metropolitanam
1022 3307 1119 3375 habet
1142 3307 1421 3399 archiepiscopus

265 3417 298 3483 iu
318 3415 473 3483 dioeceses
490 3415 723 3505 suffraganeas,
742 3415 957 3506 primatialem
977 3415 1105 3482 Primas
1126 3416 1161 3482 in
1179 3416 1342 3505 primatus
1368 3417 1421 3484 sui

265 3523 479 3607 territorium,
496 3531 527 3590 et
540 3523 785 3613 patriarchalem
802 3521 990 3590 Patriarcha
1004 3522 1038 3588 in
1053 3545 1113 3590 suo
1135 3521 1372 3612 patriarchatu.

311 3633 349 3700 In
364 3653 428 3722 quo
444 3629 578 3720 praecise
590 3637 650 3698 stet
659 3630 843 3720 jurisdictio
857 3629 992 3698 Primati
1008 3638 1039 3697 et
1054 3627 1252 3698 Patriarchae
1269 3632 1420 3721 propria,

269 3761 334 3807 non
351 3746 397 3803 est
408 3759 467 3802 eur
482 3735 534 3802 hic
549 3735 767 3822 disseramus;
783 3735 908 3827 aliquid
922 3745 1031 3805 autem
1047 3737 1087 3804 de
1113 3737 1172 3804 hac
1191 3760 1225 3805 re
1249 3738 1423 3827 attigimus

271 3845 304 3912 in
322 3851 455 3910 tractatu
474 3841 514 3908 de
529 3841 700 3932 Episcopo.

317 3950 381 4020 Sed
406 3959 437 4016 et
461 3948 739 4016 determinandam
765 3951 1011 4041 Archiepiscopi
1037 3959 1228 4043 potestatem
1252 3949 1294 4017 ad
1322 3973 1425 4018 eum-

273 4061 347 4126 dem
374 4065 544 4123 tractatum
573 4057 780 4145 remittimus,
805 4057 965 4125 adnotatis
992 4057 1161 4126 dumtaxat
1190 4057 1324 4148 paucis,
1346 4080 1423 4149 qna

274 4163 379 4250 magis
392 4161 432 4228 ad
446 4171 641 4253 praesentem
657 4186 791 4254 scopum
810 4163 924 4231 referri
941 4162 1107 4230 videntur.

318 4269 431 4340 Primo
449 4293 577 4359 nempe,
597 4279 751 4361 tanquam
772 4278 840 4337 tuta
860 4269 973 4360 regula
996 4269 1163 4359 recipitur,
1185 4268 1310 4337 nullam
1329 4292 1423 4338 com-
