3022 4978
546 478 621 528 ress
644 479 749 528 rurus.
1161 463 1227 530 279·

78 603 180 695 pessit
204 601 415 674 beneficiatus
435 601 524 695 apud
545 600 757 676 Ordinorinm
778 601 856 690 loci,
875 602 910 672 in
930 626 997 695 que
1010 609 1100 674 extet
1121 605 1227 676 bene-

81 711 205 797 ficium,
221 710 402 798 conveniri,
421 733 486 778 non
507 717 635 780 tentum
652 709 687 777 in
705 710 813 778 causis
830 709 1024 780 beneficium
1047 711 1227 805 respicien-

80 817 182 904 tibus,
208 817 264 888 sed
292 816 390 886 etiem
417 816 452 886 is
475 815 567 895 ellim
592 815 670 907 quie
695 816 820 886 ratione
845 816 993 886 beneficii
1018 817 1227 890 resilientiem

81 924 254 1016 exigentis,
271 922 406 994 clericus
423 921 533 994 evadit
547 941 646 997 verus
666 928 699 992 ct
719 922 872 1020 proprius
894 923 1045 1015 Episcopi
1060 924 1122 998 loci
1136 924 1227 996 illius

81 1030 245 1117 subditus,
257 1029 386 1100 ebamsl
408 1028 532 1100 ibidem
553 1029 596 1098 de
610 1028 696 1100 ieotn
716 1051 783 1100 nou
807 1029 957 1100 resideat.
974 1031 1015 1104 Et
1033 1030 1097 1102 bec
1110 1053 1227 1102 verum

81 1146 229 1208 remanet
243 1137 350 1230 quoad
368 1136 498 1228 singula
518 1135 709 1227 hujusmodi
723 1136 893 1224 beneficis,
907 1138 939 1206 si
953 1139 1049 1231 plura
1061 1139 1096 1208 iu
1112 1137 1226 1209 diver-

81 1248 129 1316 sis
143 1244 337 1316 dioecesibus
348 1267 392 1312 ex
414 1243 653 1334 dispensatione
676 1245 842 1336 pontilicis
856 1244 959 1316 simul
975 1245 1148 1337 possideat.
1165 1246 1227 1316 Sin

81 1361 192 1422 autem
217 1351 414 1422 beneficium
433 1374 477 1420 ex
493 1351 534 1420 iis
555 1351 599 1420 sit
623 1371 698 1443 quus
720 1351 930 1422 residentiam
957 1373 1024 1422 non
1047 1353 1225 1444 postulent,

81 1459 295 1528 beneficiatus
323 1459 365 1528 ab
395 1457 555 1549 Episcopo
584 1458 646 1528 looi
674 1457 828 1528 beneficii
856 1458 1017 1551 dependet
1053 1459 1228 1530 dumtaxat

81 1565 190 1660 quoad
213 1588 326 1636 carmes
345 1564 542 1634 beneficium
565 1564 784 1656 respitientes.
811 1566 893 1649 Qum
918 1567 1107 1636 communis
1129 1589 1229 1636 cono-

82 1676 244 1744 nistarum
265 1681 297 1740 et
317 1673 548 1762 theologorum
573 1670 731 1760 doctrine,
747 1672 883 1744 omuino
911 1691 972 1763 pro
990 1674 1105 1762 regule
1125 1675 1228 1744 ecole-

82 1781 210 1850 siastice
228 1779 366 1850 tenende
387 1788 446 1848 eet.
468 1778 565 1872 (Vide
586 1779 755 1868 Pirrbing,
773 1779 808 1848 iu
828 1779 879 1848 tit.
899 1783 932 1866 2,
948 1780 1024 1848 libri
1047 1785 1066 1850 2
1083 1782 1226 1870 Decret,

82 1912 117 1958 u.
138 1893 197 1976 163
214 1896 246 1956 et
259 1887 565 1977 Schmolzgrueber,
581 1884 711 1971 eodem,
727 1907 761 1954 n.
783 1887 850 1976 14.)

130 2001 163 2064 6⁰
189 1995 238 2064 De
267 1992 435 2064 domicilio
462 1992 537 2061 ficio
565 1992 655 2084 qued
683 1992 826 2084 quisque
855 1992 972 2064 Romae
1002 1994 1121 2066 hebere
1150 2020 1229 2066 cen-

83 2111 186 2188 setur,
211 2100 343 2194 quando
369 2100 416 2169 ibi
441 2117 586 2192 presens
611 2107 670 2169 est.
690 2138 738 2154 -
763 2100 891 2182 Primo,
913 2110 1040 2170 eertum
1062 2111 1110 2172 est
1133 2127 1229 2195 posse

83 2208 264 2301 quemlibet
279 2207 435 2276 clericum
460 2208 570 2276 statim
592 2225 629 2276 ac
640 2207 759 2276 Romm
774 2227 920 2298 praesens
931 2217 992 2294 est,
1008 2209 1131 2280 ibidem
1147 2235 1228 2281 con-

82 2317 203 2403 veniri,
218 2316 370 2409 quemvis
386 2314 502 2386 Rome
517 2313 723 2386 domicilium
739 2323 796 2384 sut
809 2315 1128 2407 qussi-domicilium
1144 2341 1228 2389 non-

82 2424 167 2494 dum
182 2423 403 2517 acquisiverit,
422 2445 481 2492 uec
503 2422 549 2490 ibi
571 2421 727 2493 delirum
750 2423 938 2515 patraverit,
955 2432 1012 2494 aut
1026 2435 1229 2496 conuectum

82 2532 259 2624 peregerit,
275 2551 336 2598 use
349 2531 468 2600 Rome
483 2529 546 2598 site
566 2530 610 2598 sit
631 2552 682 2598 res
704 2551 852 2621 proque
872 2531 1077 2602 convenitur.
1095 2532 1229 2604 Goustat

82 2639 188 2732 capite
200 2639 294 2708 ,Licet
308 2637 378 2729 (20,
395 2637 483 2706 tituli
497 2641 529 2725 2,
546 2637 622 2706 libri
639 2641 658 2708 2
674 2637 919 2729 Decretalium),
933 2639 988 2708 wcui
1008 2639 1080 2710 bec
1097 2641 1228 2712 rubrica

82 2747 294 2840 praeligitur:
314 2746 455 2840 Quisque
476 2746 611 2816 clericis
629 2758 738 2838 potest
762 2747 798 2814 ie
820 2746 925 2816 Ocea
948 2752 1099 2819 nonme
1113 2773 1227 2821 conce-

82 2855 163 2938 niri,
181 2854 255 2923 licet
268 2854 353 2922 oliae
366 2853 510 2946 specifice
521 2856 636 2946 sorum
651 2853 698 2922 idi
718 2875 785 2922 non
800 2854 960 2924 sortiatur
977 2857 1100 2926 :babet
1115 2873 1227 2930 tamen

81 2987 123 3033 ee
134 2985 238 3032 causa
246 2961 309 3053 jue
323 2961 498 3032 revocandi
511 2961 660 3031 domum.
678 2962 716 3029 In
731 2960 883 3032 decretali
898 2970 1007 3032 sulem
1022 2964 1092 3054 ipse
1105 2967 1151 3034 sic
1164 2967 1226 3038 de-

81 3071 219 3141 clersvil
233 3069 413 3158 Gregorius
423 3068 473 3138 IX
491 3096 499 3136 ι
515 3069 605 3138 Licet
619 3068 748 3137 ratione
761 3069 880 3151 delicti,
895 3084 1148 3143 recenseremus
1168 3091 1228 3146 ont

80 3176 255 3258 domicilii,
272 3176 338 3246 eive
360 3175 409 3244 eei
431 3175 470 3244 de
494 3198 560 3267 qua
585 3188 701 3244 cosdra
724 3195 937 3267 possessorem
958 3201 1057 3246 emma
1079 3197 1229 3252 moestior

84 3285 217 3378 (quidne
228 3287 342 3374 sorum
354 3283 550 3373 copularier
564 3283 637 3375 quis
651 3284 814 3375 sortituri,
825 3285 1005 3378 Episcopus
1020 3301 1122 3357 vester
1133 3293 1229 3382 apud

81 3392 205 3462 Sedens
229 3391 448 3484 Apeslslricnm
473 3403 647 3460 convertus
671 3411 735 3458 eon
753 3391 859 3482 fecerit
882 3417 893 3458 .·
915 3392 994 3482 quin
1019 3405 1130 3464 temen
1154 3421 1228 3466 om-

81 3502 178 3570 nium
194 3501 401 3569 cesimum
423 3511 592 3566 meterem
618 3497 731 3566 eodem
754 3511 785 3568 et
805 3499 981 3590 respicere,
999 3502 1062 3570 rite
1078 3506 1231 3596 conpelli

78 3608 195 3701 potuit
209 3619 247 3674 ut
268 3606 315 3675 ibi
334 3606 401 3674 suis
416 3605 616 3674 advesariis
638 3604 870 3695 responderet.-
885 3607 950 3674 m'ei
966 3631 1030 3699 pre
1043 3609 1116 3678 elie
1131 3612 1229 3702 justa

81 3729 114 3784 et
130 3712 312 3782 necessaria
328 3735 427 3781 cause
440 3717 709 3803 ceedrenporam
719 3711 754 3780 si
767 3725 845 3782 tunc
858 3713 1045 3804 ,depasce
1058 3717 1118 3807 jur
1132 3741 1230 3788 reuo-

81 3820 184 3892 candi
202 3820 340 3890 demum
366 3820 495 3888 salvom
518 3819 632 3910 scrinei
656 3819 770 3889 eidem
794 3821 848 3892 Eu
876 3843 942 3912 quo
964 3829 1057 3895 testu
1082 3837 1229 3914 arguunt

81 3928 307 4000 communiter
321 3925 478 4012 dectores,
490 3947 584 4017 pesse
596 3926 750 3999 clericum
765 3927 1090 4000 miserescentem
1104 3931 1228 4003 ibidem

81 4035 267 4124 conveniri,
284 4035 419 4126 perinde
434 4057 472 4103 ec
486 4031 735 4104 sidomieilium
751 4035 869 4104 Rome
882 4035 1035 4124 baberst;
1053 4035 1098 4105 ite
1111 4061 1230 4132 nempe

82 4154 122 4214 ut
138 4145 251 4212 forum
276 4143 384 4212 Gurim
406 4141 565 4211 Romane
586 4141 747 4210 declinere
765 4163 833 4210 non
855 4141 970 4233 pemit,
986 4143 1048 4210 sub
1069 4155 1232 4236 praetextu

84 4249 178 4344 quod
201 4249 319 4320 Romee
341 4248 549 4320 domicilium
576 4269 643 4316 non
669 4247 797 4337 hebeat,
815 4269 873 4317 uec
898 4249 946 4318 ibi
967 4248 1156 4344 deliquerit,
1174 4276 1232 4324 nee
