3032 4976
626 417 801 466 ‘fflbffl'ffls
828 417 867 465 BE
889 417 1021 467 IUDIOES.

660 799 873 899 SECTIO
912 803 991 900 VI.

530 1047 575 1104 DE
592 1045 862 1104 Pnourrloufflus
879 1045 1112 1104 subintrusus.

294 1557 475 1626 Commune
489 1565 538 1624 est
558 1556 710 1625 omnibus
731 1555 934 1646 judiciorum
955 1557 1136 1647 speciebus,
1153 1565 1191 1626 ut
1205 1554 1295 1624 iniis
1310 1577 1403 1646 pro—

250 1662 395 1731 bandum
414 1662 458 1730 sit
482 1661 569 1754 quod
585 1671 698 1731 eontra
719 1659 824 1731 Reum
849 1665 883 1730 in
905 1662 959 1754 jus
974 1670 1123 1732 vocatum
1143 1661 1322 1732 intenditur
1329 1689 1342 1749 ;
1365 1675 1404 1730 et

120 1862 122 1870 y
249 1769 315 1838 nisi
327 1768 359 1837 id
371 1769 566 1838 sufficienter
576 1770 743 1861 probetur,
758 1769 846 1838 Reus
860 1769 930 1839 sita
938 1769 1049 1860 judioe
1062 1769 1289 1838 absolvendus.
1304 1769 1401 1838 Hinc

250 1876 292 1944 ud
315 1877 478 1944 notionem
493 1875 532 1944 de
546 1873 682 1944 iudicio
704 1875 738 1944 in
758 1897 871 1967 penore
894 1877 1033 1968 pertinet
1047 1878 1144 1946 etiam
1164 1877 1204 1944 de
1223 1877 1401 1968 probatio·

250 1983 349 2050 uibus
368 1980 576 2073 judicialibus
597 1981 798 2072 disceptatio.
814 1981 852 2050 Iu
874 2005 912 2052 ea
931 1992 1039 2052 autem
1065 1982 1311 2074 progrediemur
1326 1983 1401 2052 boe

250 2088 389 2157 ordine:
410 2093 442 2156 1⁰
462 2088 615 2157 Dicemus
629 2088 669 2157 de
691 2088 935 2179 probationibus
956 2089 1136 2179 generatim
1156 2087 1397 2170 consideratis;

251 2197 284 2260 2⁰
298 2192 337 2262 de
358 2193 546 2284 probatione
564 2215 621 2284 per
635 2201 745 2281 testes;
765 2198 799 2262 3⁰
814 2193 854 2262 de
870 2196 1058 2285 probatione
1078 2217 1136 2286 per
1155 2196 1396 2276 instrunrenta;

252 2304 285 2367 4⁰
304 2300 344 2369 de
366 2300 597 2392 supplementis
619 2301 860 2391 probationum,
875 2301 907 2370 id
933 2312 993 2388 est,
1014 2301 1055 2370 de
1080 2305 1396 2394 presumptionibus

251 2417 283 2476 et
298 2405 523 2497 jurejurando.

715 2691 859 2763 CAPUT
889 2693 915 2762 1.

569 2893 609 2939 DU
631 2891 867 2941 ruonnmorunus
889 2893 921 2940 nt
943 2893 1070 2941 umtuun.

293 3115 436 3196 Qunsrro
462 3117 505 3180 ta.
525 3149 569 3164 -
591 3111 681 3196 Quid
700 3112 742 3180 sit
766 3112 930 3203 probatio.
949 3152 993 3166 -
1013 3113 1238 3182 Communiter
1254 3113 1389 3184 definiri

249 3220 330 3290 solet
347 3248 354 3288 :
373 3220 431 3290 nei
444 3218 552 3288 dubie
562 3242 616 3288 seu
630 3231 841 3288 controversa·
852 3241 913 3311 per
925 3220 1071 3311 lepitima
1086 3236 1283 3314 arpumenta
1293 3226 1389 3314 sacta

249 3327 396 3398 ostensio
409 3327 501 3395 Hsno
516 3335 662 3395 veterum
675 3325 762 3418 juris
778 3326 998 3395 consultorum
1013 3326 1233 3396 definitionem
1249 3341 1390 3421 carpunt

248 3435 362 3529 aliqui,
374 3457 415 3503 ex
425 3456 463 3502 eo
478 3433 567 3525 quod
581 3455 646 3502 non
658 3433 828 3501 conveniat
843 3434 1024 3525 probationi
1040 3457 1098 3525 per
1110 3442 1204 3504 testes
1216 3445 1248 3503 et
1261 3435 1391 3505 instru-

250 3552 370 3630 menta,
385 3564 459 3610 oum
476 3539 545 3608 baeo
564 3551 761 3630 orpumenta
781 3563 846 3609 non
863 3540 927 3608 sint
944 3568 951 3608 t
970 3538 1026 3608 sed
1047 3540 1118 3610 loco
1139 3543 1313 3611 verborum
1327 3567 1392 3636 per

249 3650 395 3742 lepitima
411 3659 620 3740 arpumenta,
635 3647 712 3738 poni
730 3655 834 3738 potest
843 3670 905 3738 per
920 3647 1067 3738 lepitima
1083 3646 1202 3717 medio.
1220 3649 1308 3717 Solet
1322 3650 1389 3718 ali-

249 3766 298 3826 ter
318 3758 412 3826 etiam
440 3753 589 3842 describi,
606 3776 722 3846 nempe
740 3782 748 3822 :
767 3755 863 3822 Actus
882 3754 1068 3846 judicialis,
1095 3778 1158 3847 quo
1179 3779 1241 3848 per
1261 3757 1390 3826 instru-

251 3879 373 3947 mento,
386 3875 445 3932 out
460 3874 562 3945 testes,
579 3874 636 3928 aut
651 3860 769 3930 idonea
783 3876 992 3953 orpumeuta,
1001 3859 1113 3953 judici
1127 3861 1166 3930 de
1180 3887 1214 3931 re
1229 3878 1289 3932 aut
1297 3867 1390 3955 sacto

249 3970 347 4039 dubio
362 3982 392 4037 et
407 3981 608 4038 controverso
621 3969 663 4058 fit
671 3967 765 4058 fider.
784 3967 881 4058 (Vide
904 3970 988 4038 buno
1004 3970 1148 4038 ultimam
1165 3969 1388 4041 definitionem

248 4079 410 4150 evolutam
438 4076 524 4169 apud
550 4075 851 4166 Sobmalzgrueber,
880 4079 913 4144 in
939 4077 990 4146 tit.
1022 4081 1074 4164 rs,
1092 4076 1167 4146 libri
1194 4082 1213 4145 2
1243 4080 1387 4170 Decret,

249 4211 282 4258 n.
302 4185 349 4280 2.)
