3032 4976
299 451 362 514 292
669 465 844 514 messurus
866 468 904 512 ue
925 467 1059 514 suurnrs.

295 591 435 671 coniers,
445 588 498 657 vel
505 601 756 680 procuratorem
766 589 908 670 mittens,
920 588 1040 656 actoris
1054 585 1264 655 intentionem
1278 583 1436 676 occipiat.

297 701 380 766 Cum
411 697 456 764 ibi
486 695 611 764 dicatur
635 695 742 764 Reum
771 696 811 762 ad
837 694 1099 786 respondendum
1128 695 1164 762 iu
1187 693 1309 786 judicio
1332 694 1438 760 teneri

297 801 424 869 etiamsi
447 801 488 868 sit
506 802 540 868 in
563 801 631 869 olio
643 800 825 891 provincio,
849 808 937 892 patet
959 801 994 868 iu
1018 799 1090 870 loco
1110 801 1157 870 rei
1178 801 1248 868 sitae
1268 799 1438 867 conveniri

295 930 388 1000 posse
402 907 509 976 Reum
520 908 619 976 etiam
635 907 814 976 absentem.
830 907 920 976 Idem
934 908 1043 976 inuuit
1052 908 1107 977 lex
1121 929 1197 1000 quas
1213 907 1247 974 iu
1260 906 1439 975 Iustiniani

294 1015 403 1084 codice
418 1015 551 1082 citatam
572 1013 723 1105 proxime
743 1015 891 1106 sequitur
910 1041 917 1082 ε
934 1014 1003 1084 Sed
1016 1027 1048 1084 et
1063 1015 1099 1083 ic
1114 1015 1192 1084 locis
1207 1014 1242 1082 in
1255 1013 1375 1104 quibus
1388 1035 1440 1080 res

288 1135 427 1214 propter
441 1143 522 1214 qous
541 1119 749 1189 contenditur
763 1122 945 1191 comtitutae
966 1134 1056 1200 sum,
1068 1121 1227 1213 jubemus
1246 1121 1280 1188 in
1295 1143 1366 1188 rem
1381 1143 1440 1188 oc-

295 1230 414 1297 tionem
428 1225 582 1296 adversus
593 1227 807 1319 possidentem
819 1229 954 1297 moveri.
970 1228 1056 1299 Cum
1070 1228 1236 1318 legislator
1247 1228 1292 1296 ibi
1302 1227 1439 1296 univer-

292 1335 401 1404 saliter
414 1336 566 1427 loquatur
580 1333 828 1426 comprehendit
841 1334 985 1427 profecto
1001 1335 1098 1404 illum
1114 1335 1214 1404 etiam
1231 1334 1337 1403 Reum
1349 1335 1440 1424 quia

292 1443 362 1511 loco
376 1442 423 1510 rei
441 1444 510 1511 sitae
525 1442 661 1510 abesset.
682 1442 789 1530 Adde,
805 1442 950 1533 alioquin
965 1440 1076 1510 forum
1091 1442 1138 1510 rei
1166 1443 1237 1510 sitas
1252 1439 1293 1508 ad
1309 1440 1438 1530 aliquid
1508 1505 1509 1508 ,

291 1546 485 1616 accidentale
503 1556 534 1615 et
556 1547 623 1616 fere
647 1547 771 1615 nullius
795 1547 955 1616 momenti
977 1545 1100 1632 reduci,
1126 1545 1208 1614 dum
1234 1544 1437 1613 contrarium

290 1663 399 1747 aperte
418 1663 607 1746 supponunt
629 1654 822 1742 generaliter
836 1654 983 1722 canonici
1000 1662 1031 1722 et
1046 1654 1189 1723 Romani
1211 1652 1297 1744 juris
1311 1657 1435 1718 textus.
1508 1649 1509 1704 t

291 1762 463 1844 Quomodo
482 1783 560 1830 vero
582 1761 625 1830 ad
646 1761 787 1830 rationes
803 1762 975 1830 contrarias
991 1762 1156 1852 opinionis
1171 1758 1361 1851 responderi
1385 1781 1439 1826 so-
1508 1833 1509 1836 Ἴ

290 1870 366 1956 leat,
381 1868 455 1938 vide
468 1868 555 1961 apud
570 1867 864 1958 Schmalzgrueher
883 1869 995 1960 (citato
1012 1868 1111 1958 loco).

334 1975 464 2044 Ruouun
480 1979 526 2042 3⁸.
543 2013 587 2027 -
607 1976 690 2042 Reus
704 1975 740 2042 in
756 1974 825 2042 loco
845 1975 894 2042 rei
907 1975 979 2043 site
994 1975 1159 2042 conveniri
1170 1975 1282 2066 nequit
1297 1973 1362 2040 uiri
1376 1995 1438 2039 oc-

291 2082 378 2151 tione
400 2082 483 2150 reali
508 2082 560 2150 vel
584 2081 704 2162 mictu,
734 2103 801 2149 nou
827 2104 902 2150 vcro
929 2081 1058 2150 actione
1082 2103 1169 2150 mere
1185 2080 1366 2171 personali.
1394 2117 1439 2130 -

294 2215 311 2254 a
334 2189 501 2271 Quaeritur
522 2209 587 2280 qua
602 2188 727 2256 actione
743 2187 831 2257 Reus
844 2189 880 2254 iu
898 2186 968 2257 loco
984 2189 1031 2256 rei
1046 2189 1117 2256 sitae
1132 2188 1300 2257 conveniri
1315 2187 1437 2278 possit?

296 2324 313 2362 c
335 2294 540 2386 Respoudco,
557 2294 681 2363 actione
696 2295 772 2362 reali
789 2302 930 2380 tantum,
947 2317 1014 2364 nou
1028 2316 1106 2364 vero
1122 2294 1298 2385 personali,
1314 2293 1380 2361 uisi
1396 2295 1438 2359 sit

298 2429 314 2468 c
338 2404 371 2470 in
388 2424 458 2471 rem
470 2402 599 2492 scriptu.
617 2401 712 2470 Ratio
723 2410 771 2469 est
778 2402 857 2493 quia
867 2403 952 2471 actio
963 2401 1059 2470 realis
1068 2423 1154 2489 rem,
1168 2424 1234 2469 nou
1247 2423 1435 2493 personam,

297 2511 483 2601 «sequitur
508 2536 516 2576 ε
543 2510 646 2598 igitur
672 2507 753 2575 nihil
778 2509 881 2595 obest,
904 2507 994 2600 quod
1019 2509 1106 2578 Reus
1130 2508 1238 2600 quoad
1262 2529 1436 2600 personam

297 2645 314 2682 c
337 2640 431 2686 suam
447 2639 513 2685 nou
530 2617 572 2684 sit
586 2614 750 2706 subjectus
768 2614 822 2682 tali
841 2614 956 2706 judici.
973 2615 1184 2684 Contrarium
1200 2614 1238 2683 tit
1257 2616 1292 2682 iu
1311 2615 1437 2683 actione

298 2724 515 2816 «personali;
543 2741 620 2791 uam
648 2721 717 2790 haec
743 2744 808 2789 uou
832 2744 901 2790 rem
929 2722 984 2791 sed
1010 2744 1185 2814 personam
1211 2722 1378 2813 sequitur3
1403 2743 1437 2788 ac

298 2857 316 2896 «
339 2829 475 2921 proinde
485 2835 572 2896 actor
584 2849 656 2894 eum
669 2827 886 2896 intentaturus
896 2849 1006 2896 coram
1019 2849 1057 2896 eo
1066 2826 1175 2919 judice
1186 2827 1270 2895 haue
1280 2829 1438 2895 intentare

298 2960 316 3000 a
339 2934 445 3020 debet,
468 2931 521 3000 cui
542 2931 686 3022 subjecta
706 2939 754 2998 est
775 2953 912 3022 persona
933 2932 994 3000 Rei
1014 2934 1178 3002 conventi.
1206 2959 1223 2997 s
1254 2931 1439 3025 (Schmelz-
1507 3005 1508 3014 .

296 3042 450 3132 grueber‚
466 3039 500 3107 iu
516 3039 564 3106 tit.
584 3041 616 3126 2,
635 3037 691 3106 lib.
709 3042 728 3104 2
746 3038 886 3127 Decret,
904 3063 938 3108 u.
958 3041 1025 3130 51.)
1190 3065 1194 3076 ·

344 3174 361 3214 a
382 3146 489 3216 ludex
512 3146 666 3213 territorii
685 3146 720 3213 iu
740 3166 806 3237 quo
826 3167 878 3214 res
897 3144 957 3215 sita
978 3156 1038 3233 est,
1052 3168 1118 3215 nou
1139 3156 1244 3240 potest
1264 3145 1441 3239 procedere

302 3281 320 3321 c
342 3265 454 3324 contra
465 3275 638 3345 personam
650 3252 842 3343 possessoris
851 3253 910 3340 rei,
921 3262 977 3322 aut
989 3275 1066 3322 eum
1078 3264 1113 3322 ut
1122 3263 1350 3324 contumacem
1362 3277 1442 3324 cou-

304 3363 500 3432 cdemuare
526 3359 579 3427 vel
604 3359 739 3451 punire;
768 3381 845 3428 cum
872 3382 1010 3452 persona
1038 3360 1217 3430 secuudum
1246 3385 1280 3429 se
1307 3385 1374 3432 uon
1402 3364 1442 3431 sit

305 3499 322 3538 a
345 3467 474 3540 subdita
486 3467 706 3559 jurisdictioni
726 3466 826 3535 illius.
845 3467 1076 3536 Potesttamen
1095 3477 1208 3537 contra
1222 3491 1440 3559 possessorem

307 3577 520 3671 «procedere
546 3575 689 3658 realiter,
716 3583 765 3662 ut,
794 3574 821 3642 si
843 3575 960 3644 citatus
985 3597 1051 3644 nou
1073 3585 1270 3667 compareat,
1298 3585 1442 3646 actorem

307 3715 324 3754 u
348 3688 476 3754 mittere
487 3683 588 3774 possit
600 3682 636 3749 iu
652 3682 885 3773 possessiouem
901 3682 1063 3750 bonorum
1085 3705 1159 3774 quae
1176 3683 1209 3750 iu
1225 3682 1327 3775 ipsius
1343 3687 1444 3752 terri-

308 3822 325 3864 s
347 3795 430 3864 torio
445 3792 507 3860 sita
521 3797 638 3858 suut...
660 3789 816 3880 Idemque
835 3798 883 3857 est
901 3789 941 3857 de
959 3789 1082 3858 actione
1102 3792 1218 3876 mixta,
1236 3812 1291 3858 scu
1315 3791 1351 3858 iu
1370 3814 1442 3859 reru
1506 3873 1507 3876 Ἴ

308 3931 325 3969 a
349 3903 479 3993 scripta,
496 3919 570 3991 que
589 3897 741 3965 intentari
756 3905 860 3988 potest
874 3898 909 3964 iu
924 3897 994 3966 loco
1010 3897 1057 3965 rei
1075 3898 1164 3975 sitae3
1181 3897 1346 3989 quietalis
1361 3901 1445 3967 actio
1506 3885 1507 3936 t

308 4037 325 4076 c
347 4030 414 4078 nou
435 4007 542 4076 solum
563 4025 749 4096 personam,
774 4003 831 4072 sed
853 4005 951 4073 etiam
972 4025 1044 4072 rem
1067 4005 1284 4095 persequitur.
1312 4031 1329 4068 u
1359 4005 1447 4096 (Pir-

306 4117 416 4204 rhiug,
437 4115 473 4181 iu
488 4115 537 4181 tit.
557 4116 590 4199 2,
612 4111 686 4180 libri
704 4114 725 4178 2
741 4111 882 4198 Decret,
902 4135 936 4180 u.
955 4111 1024 4202 tt.)
1046 4110 1088 4178 Et
1102 4112 1146 4180 its
1161 4109 1309 4180 doctores
1324 4115 1446 4182 unsui-
1484 4155 1488 4166 .

305 4225 412 4292 miter.
