3046 4968
307 477 368 539 142
677 491 851 540 raimerus
874 493 911 548 nr.
934 493 1065 540 morans.

302 615 506 684 subditorum
521 614 741 684 innocentium
764 615 953 705 praedictum
976 616 1170 686 dominium.
1189 617 1282 687 Unde
1299 618 1333 684 in
1353 617 1443 685 nullo

301 747 376 792 casu
404 731 506 814 potest
536 721 717 814 respublica
740 722 842 812 judici
864 723 985 792 licitam
1012 724 1116 797 facere
1141 724 1238 794 talem
1262 724 1444 794 innocentis

300 831 613 900 condemnationem.

344 937 572 1006 Difficultatam
602 945 711 1006 autem
742 938 783 1006 ad
808 937 932 1028 judicia
957 939 1169 1008 ecclesiastica
1202 938 1440 1029 restringendo,

298 1053 386 1140 patet
399 1045 528 1138 tertiam
552 1045 741 1113 sententiam
766 1045 802 1112 in
828 1043 967 1134 primam
991 1046 1150 1132 recidero
1168 1069 1242 1116 cum
1268 1047 1444 1114 sententias

298 1153 468 1243 sanguinis
482 1173 650 1242 nunqnam
672 1151 929 1242 pronuntiandas
945 1152 1061 1222 habeat
1072 1152 1172 1243 judex
1190 1153 1439 1226 ecclesiasticus.

299 1261 393 1330 Unde
409 1259 515 1351 quoad
532 1258 640 1328 forum
663 1257 913 1328 ecclesiasticum
930 1259 976 1328 sic
997 1265 1061 1330 too
1080 1261 1218 1351 quaestio
1242 1261 1362 1331 resumi
1380 1283 1444 1352 po-

299 1377 361 1436 test
378 1395 385 1435 :
404 1365 608 1458 probabilius
635 1373 738 1457 potest
758 1373 789 1434 et
815 1364 910 1434 debet
928 1365 1030 1456 judex
1056 1367 1289 1436 ecclesiasticus
1314 1391 1444 1469 semper

300 1475 511 1570 pronuntiare
525 1471 702 1543 secandum
722 1471 866 1562 ollcpoto
887 1484 919 1542 et
929 1474 1086 1564 probato,
1104 1476 1234 1544 etiamsi
1250 1499 1290 1544 cx
1313 1475 1443 1566 privata

226 1573 233 1586 ’
298 1606 357 1653 sua
370 1581 502 1650 scientia
514 1588 601 1649 certo
616 1579 745 1648 noverit
756 1578 970 1668 allegatorurn
981 1588 1014 1648 et
1026 1580 1237 1672 probatorum
1252 1581 1439 1653 falsitatem.

296 1689 466 1760 Contraria
480 1695 589 1758 autem
605 1685 715 1776 opinio
735 1693 783 1754 est
801 1685 910 1755 minus
932 1687 1120 1777 probabilis.
1140 1689 1198 1758 Est
1213 1698 1320 1758 autem
1346 1699 1442 1758 extra

298 1796 563 1880 controversiam,
583 1793 684 1864 teneri
703 1791 846 1883 jndicem
866 1793 908 1862 ad
931 1793 1115 1866 iaciendum
1136 1793 1295 1888 quidquid
1320 1804 1438 1887 potest,

295 1917 332 1976 ut
345 1906 459 1976 liberet
472 1925 548 1972 eum
562 1923 659 1992 quem
674 1900 800 1993 privata
814 1901 947 1970 scientia
962 1903 1055 1970 novit
1068 1903 1253 1988 innoxium,
1264 1913 1440 1994 antequam

297 2015 403 2101 illum,
419 2012 461 2081 ob
474 2010 612 2099 allegata
627 2015 660 2076 et
678 2007 824 2099 probata,
839 2008 1042 2080 condemnet.

343 2126 373 2190 3.
399 2122 437 2189 In
464 2115 659 2210 praecedenti
683 2136 759 2184 casu
783 2116 1024 2207 supponebatur
1043 2117 1147 2208 judex
1174 2126 1261 2188 certo
1287 2120 1438 2190 conscius
1515 2145 1516 2150 ¹

297 2233 336 2298 de
358 2225 542 2296 innocentia
562 2223 633 2292 Rei.
661 2221 747 2304 Quid
766 2243 845 2292 varo
868 2223 895 2291 si
917 2223 1021 2314 judex
1048 2225 1174 2316 privata
1201 2225 1335 2294 scientia
1356 2226 1438 2295 sciat
1515 2245 1516 2322 ξ

295 2361 370 2408 eum
386 2357 455 2405 esse
477 2331 635 2402 noxium?
650 2329 704 2398 An
728 2329 858 2420 poterit,
875 2339 987 2400 contra
1000 2331 1145 2423 ollepoto
1169 2345 1200 2402 et
1215 2333 1373 2424 probato,
1392 2357 1437 2402 ex
1515 2367 1516 2378 κ

293 2446 416 2540 quibus
433 2441 505 2533 ejus
529 2437 714 2508 innocentia
737 2436 936 2508 sufficienter
962 2438 1215 2528 demonstratur,
1238 2441 1334 2510 illum
1356 2461 1437 2510 con-

295 2551 469 2622 damnaret

337 2655 563 2750 Respondentur
584 2653 846 2742 negativarum
869 2655 945 2746 jura
965 2655 1076 2724 tavent
1095 2657 1178 2740 Rc03
1197 2656 1285 2724 unde
1306 2658 1436 2726 etiamsi

291 2776 400 2862 posset
419 2762 523 2857 judex
542 2763 588 2830 uti
612 2761 744 2830 scientia
762 2785 822 2830 sua
840 2764 967 2853 privata
991 2762 1032 2834 ad
1057 2763 1291 2832 absolvendum
1312 2764 1432 2852 Reum,

293 2885 416 2946 certum
432 2881 481 2941 est
498 2869 531 2938 id
550 2869 580 2938 ei
601 2891 667 2936 non
692 2869 786 2937 licere
811 2869 851 2942 ad
873 2869 1024 2940 eumdem
1051 2871 1351 2956 condemnandum;
1376 2872 1435 2940 sed

291 2984 505 3053 condemnare
531 2977 637 3046 Reum
666 2983 768 3067 potest
793 2975 963 3046 dumtaxat
996 2977 1112 3067 judex,
1138 2977 1270 3070 quando
1293 2977 1435 3068 juridice
1514 3041 1515 3048 ,

291 3098 415 3160 constat
438 3087 542 3179 ipsius
564 3086 700 3154 crimen.
727 3085 792 3152 Nee
817 3086 973 3153 mentitur
994 3107 1071 3154 eum
1096 3085 1305 3174 absolvendo,
1332 3110 1432 3177 quem
1514 3155 1515 3166 ,

290 3205 377 3266 certo
393 3197 452 3262 seit
471 3217 540 3262 esse
559 3193 708 3278 noxium,
726 3190 781 3260 sad
798 3213 896 3282 quern
917 3213 1086 3282 processus
1110 3192 1247 3261 noxium
1271 3214 1334 3260 non
1353 3217 1433 3284 pro-
1514 3227 1515 3266 2

290 3304 395 3381 bavit;
413 3301 571 3392 quianon
590 3299 778 3392 pronuntiat
799 3301 932 3391 praecisc
951 3321 1026 3366 eum
1051 3321 1120 3366 esse
1140 3301 1357 3385 innocentem,
1373 3303 1431 3372 sed
1514 3315 1515 3374 t

291 3417 417 3480 tantum
432 3415 600 3476 nocentem
616 3426 681 3473 nnn
696 3405 839 3495 probari.
857 3405 914 3472 Est
932 3415 1040 3473 autem
1058 3405 1114 3474 ills
1129 3405 1291 3476 conclusio
1310 3409 1431 3474 unani·
1514 3427 1515 3434 ¹

292 3520 387 3589 miter
408 3522 546 3606 recepta,
564 3512 738 3603 multisque
762 3511 847 3602 Juris
869 3513 951 3580 sacri
971 3513 1113 3582 textibus
1136 3514 1226 3600 nixa,
1244 3522 1275 3581 et
1294 3515 1430 3583 omniuo

290 3635 386 3696 certa.

817 3844 902 3937 §a

717 4027 751 4076 De
765 4026 853 4090 judice
871 4026 999 4092 delegato.

330 4275 413 4343 Cum
430 4265 536 4339 multa
553 4287 661 4336 causae
676 4261 897 4330 ecdcsiasticm
919 4281 977 4350 par
990 4282 1046 4329 cos
1065 4257 1191 4351 judicas
1213 4261 1426 4354 dirimantur,
