3032 4976
314 495 376 560 320
686 515 862 566 raimerus
884 517 923 564 nr
945 517 1079 566 srmone.

310 645 366 704 aut
384 637 510 706 noviter
531 637 732 706 innoteseat:
753 666 771 704 a
790 638 953 722 Secundo,
979 641 1006 708 si
1028 640 1210 732 producam
1234 641 1341 712 vitea
1363 643 1439 735 quod

1488 10 1498 320 t

312 771 328 808 a
353 751 481 812 testeso
500 767 534 813 se
555 745 703 835 producti
727 745 949 814 contradicant
965 748 1027 816 sibi
1044 749 1139 839 ipsis,
1164 758 1221 818 eut
1241 749 1330 841 quod
1349 750 1441 842 depo-
1496 755 1498 778 ¹

313 877 330 914 a
354 860 433 919 nant
448 873 507 942 pro
521 853 720 922 adversario.
736 879 753 918 a
769 853 861 921 Hono
875 861 985 922 tamen
1001 856 1213 946 posteriorem
1226 879 1246 925 a
1262 857 1377 945 regula
1391 879 1443 946 ge-

310 957 414 1026 nerati
440 959 677 1051 exceptionem,
703 983 805 1051 quam
830 984 895 1032 non
923 961 1039 1052 probat
1065 963 1214 1033 laudatus
1238 971 1365 1052 auctor,
1395 965 1443 1034 rix

309 1066 547 1137 admittendam
569 1069 814 1151 existimarem
836 1074 915 1164 quia
934 1071 1054 1142 sedicet
1074 1071 1180 1163 ipsam
1200 1072 1351 1162 regulam
1374 1073 1444 1142 sub
1497 1171 1498 1176 ἵ

310 1173 417 1242 vertit.

769 1401 914 1473 CAPUT
936 1403 993 1472 111.

701 1593 746 1638 DE
784 1593 1062 1642 rrtsrttuuurtrts.

354 1821 496 1902 Qunsmo
511 1822 603 1888 t⁸.-
616 1819 707 1904 Quid
717 1819 759 1888 rit
769 1821 1025 1890 instrumentum
1036 1833 1067 1890 et
1077 1820 1255 1913 quotuplex
1263 1825 1325 1888 t-
1335 1824 1364 1890 t.
1381 1821 1443 1888 hn-
1497 1833 1498 1836 ’

309 1935 527 2014 trumentum,
545 1927 579 1994 in
593 1949 691 1994 sensu
707 1926 805 2017 juris,
822 1925 952 1996 definiri
966 1927 1046 1996 solet
1060 1957 1067 1997 :
1084 1928 1261 2019 Scriptura
1273 1925 1322 1996 od
1329 1927 1444 2019 probe·

310 2034 432 2101 tiorum
454 2033 598 2124 alicujus
612 2034 662 2100 ru'
672 2035 776 2124 [acta.
795 2033 912 2126 Inque
928 2033 1084 2104 tradenda
1099 2035 1230 2104 notione
1252 2033 1443 2104 concordant

310 2141 456 2210 doctores
466 2141 553 2232 (vide
563 2140 869 2230 Sobmalzgrueber,
882 2143 917 2208 in
927 2143 975 2210 tit.
993 2145 1049 2228 22,
1062 2142 1123 2210 lib.
1137 2146 1157 2210 2
1170 2141 1313 2227 Deerat,
1328 2141 1440 2230 initio).

355 2253 387 2317 2.
404 2247 570 2317 Dividitur
586 2249 620 2315 in
632 2246 802 2340 publicum
817 2257 848 2316 et
857 2249 1044 2340 priuatum.
1061 2249 1323 2318 instrumentum
1339 2247 1443 2340 publi·

309 2381 386 2426 oum
408 2356 527 2424 dieitur
543 2356 630 2447 quod
654 2355 784 2447 publiea
804 2357 994 2425 auctoritate
1014 2355 1138 2424 foetum
1159 2363 1257 2448 atque
1279 2357 1441 2424 firmatum

308 2471 368 2532 eat.
391 2463 562 2532 Privatum
580 2484 672 2550 vero,
689 2462 777 2554 quod
796 2462 856 2532 hae
871 2463 1055 2532 conditione
1075 2470 1172 2531 earet.
1194 2461 1370 2531 Publieum
1390 2461 1443 2530 du-

306 2571 382 2662 plex
396 2581 444 2638 est
460 2597 467 2637 :
483 2569 713 2662 protocollum,
729 2569 818 2661 quod
831 2579 879 2638 est
894 2570 1079 2638 summaria
1090 2568 1245 2662 quaedam
1259 2575 1352 2637 aetus
1371 2567 1443 2658 gesti

308 2679 486 2765 annotatio,
507 2699 549 2746 ex
564 2699 631 2769 qua
649 2684 760 2768 postea
775 2677 1035 2746 instrumentum
1054 2678 1090 2745 in
1111 2675 1293 2746 solemnem
1308 2675 1441 2744 formam

306 2785 481 2875 redigitur3
501 2785 587 2854 unde
602 2785 703 2853 etiam
724 2784 960 2853 imbreviatum
980 2783 1102 2852 dicitur
1117 2809 1124 2850 :
1142 2791 1173 2852 et
1188 2795 1440 2873 transumptum,

307 2892 395 2983 quod
410 2903 458 2960 est
473 2893 652 2983 ipsummet
670 2891 927 2960 instrumentum
947 2889 1119 2980 originale,
1136 2911 1177 2958 ex
1196 2888 1377 2980 protocollo
1390 2887 1441 2954 de-

308 3007 491 3089 sumptum,
508 2998 543 3068 in
557 3020 622 3089 quo
637 2996 732 3089 plene
746 3008 778 3067 et
792 3021 869 3068 oum
886 2997 1003 3066 debitis
1020 2997 1282 3065 solemnitatibus
1296 3019 1350 3065 res
1364 3003 1442 3085 gesto

305 3105 491 3196 exponitur.
505 3105 644 3188 Quando
657 3104 815 3198 titulique
829 3105 1029 3197 transumpti
1041 3105 1259 3196 transcriptio,
1275 3103 1348 3172 base
1358 3103 1442 3194 eopia

307 3213 490 3305 nuncupari
502 3213 594 3283 solet.

351 3321 610 3388 instrumentum
635 3343 711 3390 voro
735 3321 900 3412 privatum
924 3319 1145 3391 subdividitur
1165 3319 1201 3388 in
1222 3317 1442 3388 autbertum

307 3439 338 3498 et
353 3427 673 3496 um-autbentioum.

350 3537 493 3619 Qunsrro
511 3539 556 3604 2¹.
573 3571 617 3588 -
634 3533 724 3618 Quid
742 3534 777 3602 iu
796 3535 1014 3604 iustrumenta
1032 3533 1166 3627 publico
1190 3533 1391 3625 requiratur,
1408 3553 1442 3598 aa

303 3655 401 3738 parte
415 3642 612 3732 conficientis
630 3654 661 3710 et
681 3664 722 3710 aa
730 3656 833 3734 parte
845 3645 986 3734 formu?
998 3679 1043 3696 -
1061 3643 1111 3710 Ex
1127 3648 1219 3733 parte
1238 3638 1440 3722 conficientis,

305 3751 484 3844 requiritur
499 3759 535 3818 ut
546 3750 574 3816 is
586 3749 628 3816 sit
639 3749 798 3836 notarius,
813 3772 870 3817 seu
884 3751 1048 3818 actuarius
1058 3757 1115 3816 ant
1126 3747 1350 3816 ennoellarius.
1364 3741 1440 3827 Quid

305 3869 416 3928 autem
437 3860 501 3926 sint
523 3857 640 3925 notarii
662 3863 693 3924 et
715 3855 909 3944 canceltarii,
934 3866 966 3925 et
985 3854 1151 3948 quomodo
1173 3854 1277 3924 creari
1298 3853 1439 3936 debeam,

305 3989 431 4036 neenon
445 3971 578 4034 eaeteres
593 3962 700 4054 quoad
714 3963 802 4054 ipsos
817 3973 848 4031 et
862 3963 995 4033 relative
1015 3963 1057 4032 ad
1071 3963 1183 4032 torum
1197 3961 1439 4031 eeclesiasticam

305 4077 465 4161 notiones,
482 4073 581 4142 habea
597 4070 683 4139 infra
706 4070 778 4162 (sub
792 4075 829 4138 2·
844 4071 1013 4140 Traotatus
1028 4071 1144 4163 porte).
1163 4068 1258 4140 Unda
1274 4069 1328 4138 hio
1341 4068 1437 4136 adno-

305 4183 448 4254 tabimus
463 4191 591 4250 tantum
613 4201 688 4272 quae
704 4181 790 4248 eirea
806 4180 1017 4249 instrumenti
1034 4177 1155 4269 publioi
1174 4177 1318 4247 termam
1335 4176 1437 4249 obstr·

308 4293 378 4364 vari
394 4289 497 4358 solent
511 4298 566 4357 eut
580 4289 707 4356 debent.
