3056 4972
566 507 640 550 rone
664 505 769 552 rnruo.
1175 485 1238 550 205

98 623 161 691 nisi
181 625 440 716 conjunctionem
462 627 645 716 sanguinis,
672 623 803 692 exandi
826 631 935 692 tamen
959 620 1075 692 debere
1099 625 1138 694 ad
1160 649 1238 693 con-

94 731 298 821 junctionem
315 733 529 825 spiritualem,
548 733 592 802 ite
612 741 648 802 ut
669 753 779 800 coram
792 731 901 823 judice
915 731 1126 800 ecclesiastico
1142 735 1243 825 possit

98 839 248 908 sacerdos
275 839 447 910 defendere
472 840 606 910 fratrem
635 863 735 908 suurn
765 838 979 930 spiritualem,
1004 839 1096 907 verbi
1122 842 1240 928 gratia,

99 946 272 1015 canonicus
283 949 477 1016 canonicum
495 974 502 1016 :
521 947 632 1039 idque,
645 947 752 1033 aiunt,
767 945 807 1014 ob
817 947 1001 1037 paritatem
1016 959 1046 1014 et
1058 948 1240 1039 majorita-

100 1064 166 1118 tem
185 1053 325 1123 rationis
350 1069 382 1123 et
406 1053 583 1124 secondum
606 1053 795 1146 epiroten
817 1051 1000 1144 (Pirrbiug,
1023 1054 1092 1123 loco
1115 1054 1237 1144 citato).

103 1162 242 1242 Quarto,
261 1183 320 1252 pro
335 1162 480 1253 personis
496 1161 748 1246 miserabilibus,
763 1183 905 1251 quarum
921 1160 1065 1228 defensio
1076 1160 1118 1231 ed
1131 1161 1242 1231 Eccle-

99 1266 182 1334 siam
206 1275 339 1358 spectat,
356 1268 468 1360 quales
488 1275 565 1337 sunt
580 1290 751 1360 pauperes,
772 1266 900 1359 pupilli,
917 1267 1056 1359 orphani
1071 1277 1102 1337 et
1116 1269 1238 1338 vidua.

99 1373 295 1444 Addendam
314 1399 383 1446 esse
398 1377 550 1468 quintam
571 1376 809 1468 exceptionem,
827 1397 946 1466 nempe
964 1395 1024 1466 pro
1040 1375 1242 1446 defendendo

98 1480 261 1573 Episcopo
278 1505 349 1569 suo,
368 1483 566 1552 concludunt
579 1483 755 1551 canonistas
774 1504 813 1549 cx
836 1483 939 1574 capite
951 1485 991 1550 ln
1010 1495 1123 1550 nostra
1141 1489 1185 1573 (l,
1203 1484 1242 1552 ti-

100 1587 161 1655 tuli
179 1587 219 1656 de
236 1590 519 1672 Procuratoribus,
541 1590 617 1658 libri
640 1593 654 1656 l
675 1589 829 1678 naret),
848 1589 903 1656 ubi
920 1588 1071 1656 videmus
1087 1612 1243 1681 procuro-

99 1703 187 1762 tores
201 1718 221 1762 a
235 1695 379 1764 Tullensi
395 1697 538 1788 quodam
552 1696 711 1788 Episcopo
726 1695 767 1764 ad
784 1693 878 1764 Sedis
891 1695 1086 1786 Apostolicse
1102 1698 1243 1766 tribunal

100 1801 252 1888 directos,
270 1827 330 1895 pro
345 1804 400 1872 lite
411 1804 457 1873 ibi
473 1805 583 1896 ipsum
597 1805 682 1872 inter
697 1811 729 1871 et
744 1803 905 1871 decanum
921 1801 1091 1892 pendente,
1111 1803 1245 1873 minime

96 1909 238 2000 rejectos
257 1911 359 1979 luisse
381 1933 421 1980 ex
443 1933 481 1981 eu
501 1911 588 2002 quod
605 1918 711 1982 esseut
729 1909 919 2002 presbyteri.
942 1936 958 1974 a
979 1909 1086 1977 Etiam
1109 1912 1244 2002 presby-

101 2042 119 2080 «
146 2016 207 2084 teri
225 2017 279 2106 (ait
294 2016 462 2108 Pirrhing,
480 2017 515 2084 in
529 2019 577 2085 tit.
599 2019 653 2104 38,
671 2014 746 2084 libri
765 2020 778 2082 l
802 2016 945 2103 Deerat,
963 2039 995 2083 n.
1018 2016 1072 2107 21)
1092 2019 1244 2086 constitui
1316 2041 1317 2046 ¹

102 2149 120 2188 a
147 2133 282 2214 possunt
303 2135 527 2216 procuratores
552 2123 592 2193 ad
617 2123 690 2192 lites
711 2125 746 2192 in
769 2145 865 2192 eausa
888 2123 1038 2215 Episcopi
1064 2124 1126 2207 sui,
1156 2148 1245 2216 prea-

102 2257 121 2295 (ι
147 2231 259 2299 sertim
291 2232 318 2299 si
347 2232 376 2300 is
400 2231 624 2302 defendendus
655 2231 713 2318 sit,
743 2238 781 2299 ut
807 2230 971 2319 colligitur
1001 2253 1043 2299 ex
1071 2231 1177 2322 capite
1207 2237 1245 2301 In

102 2365 121 2402 a
146 2351 305 2407 nostra.»

150 2449 182 2514 8⁰
203 2447 289 2516 Turn
312 2447 514 2534 subdiaconi,
538 2455 610 2516 tum
629 2445 769 2532 diaconi,
791 2445 982 2514 tumetium
1003 2447 1195 2534 sacerdotes,
1218 2449 1247 2517 si

98 2577 209 2647 neque
227 2580 268 2625 ex
288 2556 446 2625 reditibus
465 2555 697 2641 ecclesiasticis,
720 2577 824 2646 neque
842 2553 973 2624 aliunde
997 2554 1137 2624 babeant
1158 2555 1246 2624 unde

98 2665 232 2750 vivant,
255 2671 287 2732 et
309 2665 487 2757 Episcopus
507 2672 563 2733 aut
582 2686 647 2732 non
663 2663 743 2731 velit
764 2669 821 2731 aut
842 2684 906 2730 nou
926 2663 1026 2753 possit
1049 2663 1115 2731 illis
1133 2665 1246 2756 provi-

99 2771 194 2860 dere,
218 2771 306 2840 licite
327 2781 463 2863 possunt
483 2793 620 2840 munere
642 2769 861 2839 advocationis
882 2769 990 2858 iungi,
1012 2769 1113 2838 etiam
1135 2793 1245 2840 coram

96 2877 212 2970 judice
224 2877 374 2946 saeculari
389 2886 420 2946 et
434 2879 469 2946 iu
484 2877 589 2947 causis
605 2875 826 2945 saecularibus.
839 2874 887 2942 lta
902 2873 1048 2942 doctores
1061 2875 1247 2943 communi·

100 2993 153 3052 ter
179 3011 186 3052 :
211 2986 248 3052 in
267 2983 361 3076 cujus
376 2984 593 3053 conclusionis
609 2982 836 3075 probationem
853 2982 898 3049 sic
918 2979 1047 3048 disserit
1062 2981 1217 3071 Pirrhing
1237 3009 1243 3048 :

103 3121 120 3159 a
146 3093 233 3162 Nam
248 3093 276 3160 si
290 3093 425 3162 clericus
439 3093 563 3161 victum
579 3099 610 3160 et
625 3090 779 3160 vestitum
795 3089 857 3156 sibi
872 3110 1019 3180 quaerere
1033 3096 1136 3179 potest
1150 3111 1245 3158 exer-

106 3229 123 3266 «
148 3199 252 3269 cendo
265 3200 502 3289 agriculturam
515 3200 599 3291 (can.
617 3198 757 3268 Clericus
769 3200 801 3284 3,
815 3195 959 3264 distinct.
976 3195 1044 3286 st),
1061 3195 1165 3266 multo
1178 3220 1248 3265 ma·

107 3337 125 3372 a
148 3309 202 3397 gis
225 3309 258 3375 in
280 3307 335 3374 tali
358 3307 544 3376 necessitate
563 3305 683 3398 poterit
702 3326 851 3373 exercere
873 3326 994 3371 munus
1013 3302 1246 3392 advocationis,

109 3443 127 3480 a
150 3415 238 3506 quod
255 3415 396 3483 nobilius
412 3424 476 3500 est;
496 3414 679 3504 prasertim
701 3414 778 3504 quia
793 3413 965 3479 necessitas
979 3411 1085 3500 legem
1104 3435 1168 3480 non
1183 3412 1245 3480 ha-

109 3551 127 3586 «
149 3523 205 3590 bet
219 3551 227 3589 z
245 3529 288 3609 et,
305 3521 332 3588 si
347 3522 462 3590 clerico
476 3521 549 3589 licet
561 3520 718 3588 advocare
730 3541 789 3611 pro
803 3518 1003 3610 pauperibus
1018 3528 1049 3586 et
1060 3518 1133 3586 aliis
1147 3520 1247 3587 mise-

109 3657 127 3692 «
153 3627 310 3696 rabilibus
333 3628 496 3719 personis,
522 3637 558 3695 ut
578 3626 710 3694 illarum
735 3625 914 3693 necessitati
939 3632 1118 3710 succurrat,
1146 3625 1249 3694 multo

110 3763 127 3796 a
153 3734 258 3824 magis
278 3733 339 3803 erit
358 3733 391 3801 id
410 3734 537 3802 licitum
562 3743 597 3801 ut
619 3733 760 3824 propriae
784 3732 964 3800 necessitati
987 3730 1144 3817 consulat,
1172 3753 1249 3800 eum

109 3869 127 3906 a
153 3842 294 3910 charitas
310 3843 391 3910 benc
413 3841 562 3910 ordinata
584 3841 716 3930 incipiat
738 3863 756 3907 a
779 3839 894 3930 seipso.
921 3867 936 3902 o
967 3839 1015 3929 (ln
1039 3837 1172 3907 titulum
1194 3843 1247 3928 37,

106 3945 186 4014 libri
205 3949 219 4013 1
238 3946 469 4034 Decretalium,
487 3969 521 4015 n.
541 3945 608 4036 10.)

157 4057 190 4119 θ’
205 4053 324 4120 Contra
352 4053 384 4120 id
410 4053 497 4144 quod
528 4053 688 4137 diximus,
717 4052 843 4119 licitum
871 4074 936 4120 non
960 4072 1028 4118 esse
1052 4052 1248 4144 presbyteris

108 4159 287 4229 advocatia
315 4161 523 4248 exercitium,
555 4161 655 4228 etium
678 4159 714 4226 in
735 4159 834 4228 curtis
857 4158 1071 4227 ecclesiasticis
1098 4159 1251 4252 (exceptis

110 4291 214 4362 supra
242 4269 430 4337 memoratis
461 4268 625 4336 nonnullis
655 4266 806 4356 casibus),
837 4291 902 4336 non
939 4269 1130 4356 ignoramus
1159 4267 1254 4360 objici
