3048 4976
267 427 330 494 tot
638 447 812 494 rnncrrrus
836 449 874 492 nr.
896 447 1030 496 suorcns.

260 571 415 661 personis,
449 593 522 662 qua
548 571 704 661 proprias
738 591 853 638 causas
889 567 1122 638 administrare
1157 591 1223 636 non
1251 581 1406 658 possunt.

264 677 354 768 (Cep.
374 682 405 758 1,
423 677 507 747 tituli
525 680 579 764 37,
596 675 672 746 libri
693 681 706 744 1
726 675 967 766 Decretalium.)

308 785 396 853 Duas
424 785 496 853 illes
523 783 698 853 decretales
724 782 966 874 praemittimus,
996 783 1073 876 quie
1098 782 1266 874 (ulmodo
1293 791 1407 850 osten-

262 892 387 982 demus)
411 914 452 961 ex
474 891 538 960 illis
561 889 843 960 determinandum
866 890 934 982 jus,
951 875 983 959 et
1006 898 1072 960 tote
1091 890 1246 959 solvenda
1266 889 1406 982 queestio

261 1008 319 1070 est.
1202 1087 1204 1090 Ι

304 1107 464 1188 Quaenem
486 1115 593 1174 autem
613 1105 777 1196 pervarie
797 1115 943 1198 tempore
958 1105 1100 1196 viguerit
1121 1105 1161 1174 de
1186 1128 1224 1174 es
1248 1126 1284 1175 re
1304 1105 1406 1174 disci-

260 1214 362 1306 plina,
377 1236 417 1282 ex
434 1211 643 1304 sequentihus
657 1212 859 1281 documentis
878 1211 1046 1303 introspici
1062 1221 1177 1305 potest.

304 1320 492 1390 Percelebre
503 1319 664 1410 imprimis
680 1318 803 1388 dictum
821 1321 921 1388 sensti
935 1320 1041 1406 Pauli,
1054 1323 1159 1390 Nemo
1174 1320 1321 1388 militans
1335 1323 1404 1387 Deo

260 1429 409 1522 implicat
428 1449 460 1494 se
479 1426 616 1517 nepotiis
633 1427 854 1496 secutaribus.
880 1425 974 1509 Quod
996 1428 1157 1496 monitum
1180 1426 1267 1518 apud
1290 1426 1405 1495 Patres

260 1545 292 1605 et
312 1534 456 1606 Concilie
480 1541 636 1625 perpetuo
662 1533 813 1620 recurrit,
830 1533 909 1602 dum
937 1534 1069 1604 clericos
1091 1557 1110 1602 e
1130 1533 1350 1624 negotiatione
1370 1541 1403 1601 et

257 1642 362 1712 causis
376 1639 562 1709 forensibus
576 1648 722 1708 evertere
738 1640 899 1709 nituntur.

300 1747 482 1818 Concilium
504 1746 761 1836 Carthaginiense
779 1751 796 1814 3
816 1774 823 1816 :
842 1746 973 1816 Placuit
987 1759 1024 1815 ut
1040 1746 1197 1838 Episcopi
1215 1759 1247 1815 et
1264 1747 1403 1838 presby-

257 1857 319 1926 teri
332 1867 363 1924 et
378 1852 510 1923 diaconi
523 1852 575 1922 uel
586 1852 694 1922 clerici
707 1877 772 1922 non
793 1853 859 1922 siut
881 1853 1102 1936 conductores,
1118 1873 1219 1945 neque
1233 1875 1403 1943 procura-

257 1977 352 2046 tores,
369 1984 471 2054 aeque
485 1961 552 2029 ullo
569 1961 660 2053 turpi
678 1961 730 2030 vel
751 1961 920 2029 inhonesta
941 1961 1070 2051 nepotis
1087 1961 1210 2030 uictum
1234 1975 1401 2052 quarunt.

259 2071 345 2155 Quia
361 2069 515 2162 respicere
529 2066 644 2136 debent
661 2068 821 2158 scriptum
836 2090 899 2136 esse
917 2095 928 2134 :
943 2070 1047 2140 Nemo
1069 2068 1215 2136 militaus
1238 2071 1318 2152 Dea,
1336 2070 1404 2137 im-

249 2178 358 2269 plicat
371 2199 404 2244 se
418 2175 556 2267 nepotiis
577 2175 799 2244 sacularibus.

300 2285 483 2355 Concilium
507 2283 780 2370 Chalcedonense,
807 2305 929 2350 canone
957 2287 975 2350 3
1003 2283 1184 2351 :Decrevit
1211 2283 1399 2365 concilium,

254 2417 320 2462 nan
337 2392 549 2484 Episcopum,
566 2413 631 2457 nan
647 2390 810 2471 clericum,
830 2413 895 2457 non
920 2389 1133 2471 monachum,
1149 2401 1210 2457 aut
1224 2391 1403 2480 possessio-

255 2525 310 2569 nes
336 2498 598 2576 conduceremus
620 2497 757 2588 nepotiis
776 2497 986 2566 sacularibus
1010 2520 1042 2564 se
1068 2497 1259 2577 immiscere,
1276 2510 1404 2586 prater

252 2606 471 2698 pupillorum,
489 2605 518 2670 si
526 2604 613 2694 forte
632 2605 714 2694 lepes
730 2603 906 2694 imponant
926 2604 1178 2672 iueucusabilem
1194 2627 1322 2687 curam,
1341 2617 1403 2672 aut

256 2712 399 2781 civitatis
408 2710 588 2802 Episcopus
600 2709 888 2778 ecclesiasticarum
900 2709 1404 2780 rerumsollicitudinemltabere

252 2818 439 2911 precipiat,
458 2828 517 2885 aut
532 2816 758 2907 orphanorum
774 2827 804 2882 ct
825 2814 1002 2884 uiduarum
1023 2838 1096 2908 quse
1116 2816 1186 2884 sinc
1202 2817 1271 2884 ulla
1287 2816 1403 2907 defeu-

255 2927 345 2994 sione
358 2937 448 2994 suuts

298 3031 502 3102 iustinienus
520 3029 660 3120 (novella
679 3031 753 3115 123,
774 3029 877 3120 capite
894 3031 927 3116 6,
941 3029 989 3097 tit.
1004 3032 1022 3096 6
1035 3028 1074 3096 cle
1087 3029 1300 3098 sanctissimis
1315 3032 1403 3123 Epi-

255 3137 368 3228 scopr's‚
387 3134 462 3221 etc.)
484 3134 577 3203 :Sed
589 3157 692 3226 neque
703 3135 780 3225 fieri
790 3147 1009 3226 susceptorem
1025 3147 1084 3202 aut
1100 3150 1285 3204 exactorem
1300 3139 1403 3227 lisca-

255 3247 338 3314 lium
347 3242 555 3334 ficnctionum
563 3293 570 3308 .
578 3293 585 3308 .
593 3295 615 3322 .,
624 3254 683 3309 aut
691 3253 941 3332 procuratorem
954 3242 1067 3310 litis
1077 3265 1140 3332 pro
1151 3243 1271 3312 talibus
1281 3247 1400 3325 causis,

255 3352 471 3443 Episcopum,
501 3361 561 3416 aut
584 3370 807 3428 (economum,
834 3362 894 3416 acet
918 3349 1024 3417 alium
1049 3350 1200 3417 clericum
1224 3351 1402 3442 cujuslibet

254 3458 387 3550 proclus,
407 3469 466 3524 aut
482 3456 691 3536 monachum,
707 3456 844 3546 proprio
858 3456 989 3524 nomine
1004 3469 1063 3523 atet
1087 3456 1238 3525 Ecclesia
1253 3471 1314 3524 aut
1328 3481 1400 3525 ma-

254 3565 401 3646 nasterii,
418 3562 555 3630 sinimus
569 3587 579 3628 :
595 3574 709 3630 utnon
722 3585 783 3653 per
798 3561 884 3629 lanc
899 3563 1096 3630 occasionem
1111 3578 1140 3630 et
1157 3565 1277 3632 sanctis
1290 3563 1401 3632 dami-

254 3674 312 3742 bus
326 3672 486 3741 (lamnam
496 3670 572 3760 fiat,
588 3682 619 3736 et
633 3692 727 3737 sacra
742 3669 925 3737 ministeria
939 3669 1174 3760 impediantur.

297 3781 466 3848 Decretum
485 3775 646 3868 Xiphilini
665 3776 863 3844 Patriarchae
883 3775 1231 3868 Constantinopolitnni
1251 3805 1259 3845 :
1280 3805 1297 3842 a
1312 3779 1398 3848 Cum

257 3915 272 3952 a
298 3887 416 3955 multos
441 3884 669 3954 ecclesiasticos
693 3893 724 3950 et
749 3883 922 3952 monachos
937 3884 1123 3952 videremus
1143 3885 1264 3953 alienas
1286 3909 1402 3955 causas

257 4023 274 4061 a
298 3993 485 4078 subeuntes,
502 3999 534 4059 el
557 4013 617 4080 pro
636 3989 687 4057 his
707 3989 905 4058 decertantes
920 3991 977 4082 qui
998 3991 1153 4059 civilibus
1172 3999 1202 4058 et
1227 3991 1402 4062 ecclesias-

257 4129 273 4167 α
298 4099 367 4168 ticis
383 4099 514 4190 judiciis
529 4098 669 4187 litigant,
685 4097 726 4164 ab
749 4097 961 4165 ecclesiastice
983 4097 1217 4166 consuetudine
1237 4110 1269 4165 et
1284 4098 1398 4188 legum

249 4237 272 4300 vc
295 4209 453 4302 gravitate
467 4205 553 4300 quod
575 4203 671 4272 fiebat
689 4205 832 4272 alienum
845 4203 1039 4293 judicantes,
1057 4204 1230 4274 statuimus
1244 4214 1281 4272 ut
1297 4227 1398 4278 nemo
