3030 4980
283 491 344 554 500
659 505 835 555 rnncnnrns
857 505 895 552 na
918 503 1057 552 enatans.

281 659 297 698 a
320 628 469 699 terminis
484 629 585 709 sitlos,
593 628 700 718 frater
713 630 756 698 N.
771 628 919 696 minister
932 624 1148 696 Provinciatis
1165 624 1205 718 (si
1215 625 1337 693 creatio
1348 623 1419 692 sita

283 766 299 804 a
323 736 480 828 generali,
501 735 646 804 varietur
661 735 806 825 nomen),
829 735 940 826 cipere
951 733 1203 826 privilegiorum
1218 731 1419 824 Apostolico-

283 873 300 910 (ι
320 868 410 926 rum,
426 844 606 911 scammata
621 855 653 910 et
666 841 893 911 constituimus
905 865 944 911 cc
957 841 1185 934 deputavimus
1198 841 1232 908 ia
1249 839 1419 908 notarium

282 979 299 1018 a
317 975 383 1043 pro
399 949 778 1041 hermammonem,
793 953 832 1018 ll.
849 952 888 1018 P.
901 952 938 1018 F.
955 952 1014 1031 N„
1026 949 1134 1017 airum
1144 946 1419 1038 moribnsproba-

282 1086 299 1125 a
323 1072 407 1140 tam,
433 1057 501 1149 fide
521 1070 552 1126 et
571 1057 693 1127 virtum
714 1055 878 1138 idoneum,
904 1055 951 1124 od
964 1055 1151 1126 intimanda
1174 1067 1205 1122 ct
1218 1052 1421 1143 notificanda

281 1192 299 1232 a
322 1187 535 1258 quacumque
546 1164 690 1247 indulta,
706 1177 779 1246 eta,
793 1162 947 1255 socienda
959 1185 1172 1255 quacumque
1188 1161 1419 1240 instrumenta,

282 1302 299 1340 a
324 1287 353 1342 et
363 1271 620 1340 cutberzticandc
633 1283 852 1362 transumpta,
865 1281 939 1352 etc,
956 1281 1082 1361 recepto
1092 1269 1186 1362 prius
1200 1267 1242 1336 ab
1259 1290 1295 1336 co
1309 1290 1422 1335 coram

283 1407 300 1448 a
323 1379 414 1450 nobis
429 1379 600 1470 genestoso
622 1378 787 1470 corporali
794 1379 992 1469 juramento
1005 1377 1189 1468 fidelitates,
1208 1375 1304 1443 tactis
1324 1374 1423 1442 succis

283 1485 508 1577 aecanpdiis,
531 1508 642 1555 coram
667 1486 756 1578 infra
782 1485 956 1554 scribendis
982 1484 1123 1554 testibus.
1151 1486 1189 1551 In
1215 1505 1359 1574 quorum
1379 1482 1423 1571 fi-

281 1623 299 1662 a
321 1595 407 1676 dem,
435 1606 494 1662 etc.
523 1597 660 1675 Datum,
690 1605 747 1661 etc.
768 1593 894 1664 Deinde
908 1595 988 1661 fiant
1004 1591 1268 1683 subscriptiones,
1286 1598 1319 1658 et
1330 1587 1426 1678 juxta

280 1729 297 1770 a
320 1703 403 1771 hanc
416 1700 605 1788 formulam,
622 1700 756 1769 veriatis
779 1699 958 1787 variandis,
975 1699 1046 1768 dari
1063 1707 1217 1792 poterunt
1229 1697 1350 1765 litteras
1368 1719 1426 1787 pa-

282 1837 298 1876 «
321 1809 466 1878 tentales.
484 1835 501 1872 a
520 1808 691 1899 (Ferraria,
707 1807 748 1876 ad
764 1830 877 1878 vocem
892 1807 1063 1889 Notarius,
1081 1829 1115 1874 n.
1135 1809 1173 1872 21
1193 1812 1225 1873 et
1240 1803 1311 1894 22.)

322 1916 366 1985 V.
391 1914 601 2007 Inquisitores
626 1915 788 1984 baereticae
814 1915 986 2008 pravitatis
1001 1921 1136 2006 possunt
1157 1934 1266 1980 creare
1292 1910 1429 1978 elericos

280 2023 451 2091 saeculares
474 2031 506 2090 et
532 2022 710 2111 regulares,
735 2023 770 2090 in
796 2021 941 2090 notarios
964 2029 1083 2089 sanctes
1110 2019 1344 2112 inquisitionis,
1369 2041 1429 2109 pro

279 2129 384 2198 causis
396 2127 435 2195 ad
453 2150 522 2195 sem
538 2129 766 2219 spectantibus.
784 2129 967 2196 Constatex
981 2127 1209 2196 constitutione
1224 2129 1265 2193 22
1278 2125 1428 2193 Alexan-

280 2235 332 2306 dri
347 2236 407 2322 tv,
430 2233 602 2325 incipiente
627 2238 676 2305 Ne
692 2236 881 2304 commissae.
908 2235 1035 2304 Notarii
1057 2241 1165 2302 numm
1180 2256 1295 2302 omnes
1316 2234 1429 2301 omnia

280 2343 380 2432 gratis
394 2363 454 2432 pro
468 2340 575 2408 officio
591 2342 718 2410 Sanctae
734 2342 963 2434 Inquisitionis
980 2341 1135 2434 expedire
1152 2349 1317 2410 tenentur.
1334 2339 1429 2408 Con-

279 2459 341 2518 stat
356 2473 397 2516 ex
413 2448 639 2517 constitutione
654 2449 829 2518 Clementis
844 2449 935 2537 Vlll,
953 2449 1126 2540 incipiente
1143 2448 1393 2516 Sanctissimae.

323 2556 423 2625 Nota.
441 2552 523 2634 Qua
545 2553 579 2620 in
594 2553 655 2622 hoc
671 2555 875 2647 paragrapho
896 2554 1073 2624 dictasunt
1097 2553 1137 2624 de
1152 2560 1308 2646 potestate
1332 2561 1429 2621 nota-

278 2661 344 2730 rios
370 2659 514 2747 creandi,
539 2661 729 2752 applicanda
752 2671 827 2729 sunt
850 2663 1072 2731 actuariornm
1098 2671 1129 2730 et
1156 2661 1429 2730 cancellariorum

279 2767 448 2853 creationi;
467 2790 542 2834 eum
558 2777 590 2836 et
604 2769 639 2836 hi
654 2768 723 2838 veri
740 2769 858 2838 notarii
873 2771 953 2856 sint,
971 2770 1123 2862 quamvis
1144 2771 1179 2838 in
1193 2769 1306 2861 aliquo
1329 2793 1430 2839 sanan

280 2896 393 2946 omnes
407 2874 526 2944 notarii
541 2897 607 2944 non
620 2875 685 2944 sint
700 2877 836 2945 actuarii
851 2900 908 2946 seu
922 2877 1123 2946 cancellarii.

799 3159 902 3250 svn

326 3327 413 3378 Utrum
425 3325 528 3391 notarii,
542 3331 597 3378 tam
610 3323 679 3390 laici,
695 3332 749 3378 tam
760 3331 903 3380 saeculari
913 3333 1037 3394 potestate
1049 3331 1138 3394 creati,
1146 3329 1245 3396 possint
1257 3329 1286 3380 in
1298 3329 1390 3382 canei

424 3417 604 3468 ecclesiasticis
618 3420 643 3467 et
654 3417 828 3482 spiritualibus
838 3418 954 3472 officium
964 3433 1039 3472 saum
1054 3419 1138 3472 vatlde
1153 3433 1286 3472 exercere.

327 3636 413 3702 Duas
428 3634 489 3702 sub
505 3634 656 3725 praesenti
674 3635 880 3726 paragrapho
895 3633 1103 3704 difficultates
1118 3635 1307 3705 enodandas
1324 3637 1434 3705 susci-

283 3742 403 3832 pimus.
417 3740 528 3808 Primo
544 3763 671 3831 nempe,
686 3764 762 3809 cum
786 3742 913 3832 possint
926 3743 1028 3810 creari
1044 3742 1162 3810 notarii
1178 3743 1253 3810 laici
1270 3765 1338 3810 non
1358 3755 1434 3812 tan·

285 3860 389 3916 tama
413 3848 562 3916 saeculari
579 3855 745 3939 potestate,
768 3849 870 3918 sedet
888 3851 929 3917 ab
945 3850 1170 3938 ecclesiastica,
1198 3849 1339 3918 dubiam
1362 3874 1437 3918 esse

284 3963 399 4044 potest,
428 3977 506 4022 num
534 3954 657 4022 laicalis
683 3977 797 4024 eorum
813 3956 1016 4024 notariorum
1030 3957 1174 4025 conditio
1191 3957 1365 4048 impediat,
1397 3979 1437 4024 ne

283 4063 318 4132 in
334 4059 405 4128 toro
421 4060 632 4130 eeclesiastico
647 4069 679 4128 et
694 4063 727 4129 in
744 4065 849 4130 causis
866 4063 1093 4154 spiritualibus
1109 4063 1294 4132 cancellarii
1309 4086 1437 4132 munus

282 4165 389 4236 valide
415 4167 545 4256 explere
571 4167 707 4258 possint.
736 4167 899 4257 Secundo,
916 4169 1133 4262 expendenda
1159 4170 1257 4237 etiam
1287 4170 1437 4238 occurrit

282 4273 433 4366 quaestio,
462 4297 504 4340 an
533 4273 692 4342 inhabiles
720 4276 785 4343 sint
813 4276 854 4344 ad
881 4277 1101 4346 exercendum
1134 4278 1251 4346 notarii
1282 4277 1434 4346 officinm
