3032 4976
536 481 609 526 rans
632 471 740 526 rnruat

73 601 277 694 expendenda
299 601 392 670 uobis
406 600 496 670 venit
515 602 662 692 quaestio,
679 623 720 668 au
742 599 962 692 prorogationi
982 602 1077 671 detur
1094 602 1195 671 locus.

72 709 169 778 Porro
183 709 403 778 ecclesiastices
418 707 483 776 illm
501 729 607 777 ceusu
632 707 790 796 distingui
810 717 943 799 possunt
963 709 996 776 iu
1016 731 1200 778 sacramen-

73 815 157 902 tales,
173 839 247 908 qua
263 815 381 884 scilicet
395 822 593 886 sacramenta
607 813 795 905 respiciunt,
810 821 843 883 et
857 837 922 884 non
941 817 1198 904 sacramentales,

72 923 178 1014 quales
202 932 278 991 sunt
300 945 407 991 cansae
429 922 643 1007 decimarum,
655 920 740 1012 juris
761 928 960 1012 patronatus,
976 945 1150 992 usurarum
1170 931 1202 992 et

70 1028 234 1098 similium.
252 1029 324 1111 Ouo
338 1037 528 1120 praenotato,
545 1029 591 1097 sio
606 1027 829 1097 concludimus
846 1056 853 1096 :

110 1137 234 1218 Pn'mo,
253 1137 287 1203 iu
308 1136 413 1205 causis
435 1135 656 1205 ecclesiasticis
679 1135 963 1206 sacramentalibus
983 1158 1049 1206 uon
1067 1147 1202 1228 possunt

71 1241 151 1328 laici,
174 1244 296 1336 absque
320 1243 445 1336 proprii
470 1242 622 1333 Episcopi
648 1263 820 1327 consensu,
842 1241 984 1334 judicem
1014 1265 1080 1312 non
1105 1267 1201 1313 suum

72 1349 156 1418 adire
184 1357 216 1418 et
242 1357 477 1440 competentem
510 1347 647 1418 efficere.
680 1348 738 1416 Est
768 1349 930 1417 unanimis
963 1351 1201 1420 canonistarum

72 1455 230 1544 doctrina3
247 1479 346 1550 mam
368 1456 506 1547 probant
526 1455 629 1547 capite
644 1455 763 1526 Nullus
780 1456 826 1546 (3,
842 1455 928 1523 tituli
942 1460 996 1544 29,
1012 1456 1087 1525 libri
1103 1461 1120 1524 3
1137 1459 1203 1526 De-

72 1562 262 1652 cretalinm),
280 1563 314 1632 in
335 1586 401 1654 quo
425 1562 470 1631 sic
496 1561 682 1631 decernitur
698 1589 705 1631 :
724 1561 843 1633 Nullus
867 1563 1046 1654 Episcopus
1068 1565 1202 1633 ulterius

69 1671 308 1758 parochianum
321 1669 471 1760 judicare
484 1681 679 1760 presumat.
699 1671 789 1740 Num
809 1669 866 1760 qui
880 1691 954 1737 eum
970 1669 1123 1739 ordinare
1137 1695 1204 1740 non

68 1779 186 1866 potuit,
200 1801 257 1846 uec
265 1776 421 1870 judicare
429 1788 550 1869 potest.
566 1776 657 1864 albi,
670 1776 777 1867 inquit
790 1775 1090 1867 Schmalzgrueber,
1107 1780 1203 1870 pari-

74 1911 90 1950 «ι
110 1894 159 1954 tas
181 1885 363 1954 instituitur
379 1885 465 1952 inter
479 1882 682 1953 collationem
702 1883 855 1952 ordinum
880 1892 911 1950 et
934 1885 1017 1952 iuter
1032 1907 1203 1954 causarum

74 2017 89 2056 s
111 1990 327 2084 cognitionem
346 2019 353 2059 :
371 1991 462 2082 utqui
482 1999 606 2060 certum
621 1996 669 2059 est
684 2011 749 2060 uon
763 2013 856 2082 posse
872 1990 1067 2082 Episcopum
1081 1993 1202 2063 alienos

74 2125 90 2162 a
110 2099 257 2170 subditos
271 2098 424 2169 ordinare
442 2098 564 2190 absque
584 2119 742 2167 consensu
763 2099 888 2190 proprii
904 2119 1016 2168 eorum
1033 2101 1199 2192 Episcopi;

74 2231 90 2270 u
111 2228 191 2297 ergo
203 2205 332 2276 eosdem
348 2227 407 2274 nec
418 2204 536 2297 poterit
547 2203 704 2295 judicare.
719 2230 736 2269 u
759 2203 808 2294 (ln
821 2204 952 2273 titulum
967 2209 1000 2293 2,
1015 2205 1090 2275 libri
1106 2211 1125 2274 2
1138 2208 1202 2275 Ds-

71 2313 249 2402 cretalium,
266 2337 301 2383 n.
322 2314 411 2404 tec.)

111 2421 274 2504 Secundo,
292 2421 388 2490 etium
408 2421 443 2489 iu
465 2421 570 2490 causis
589 2420 808 2490 ecclesiasticis
831 2421 989 2490 laicorum
1013 2443 1079 2491 non
1094 2446 1205 2494 sacru·-

70 2528 273 2612 mentulibns,
299 2535 411 2596 contra
440 2549 559 2618 panem
584 2535 709 2596 veteres
735 2527 925 2614 canonistas,
954 2529 1129 2598 tenendum
1156 2540 1205 2600 est

69 2656 131 2704 non
153 2635 227 2704 duri
249 2636 356 2704 locum
378 2634 610 2727 prorogationi.
636 2635 746 2702 Abbas
770 2634 1022 2703 Panormitanus
1036 2636 1083 2728 (in
1106 2647 1205 2729 caput

69 2742 274 2833 Sipuificasti
295 2745 349 2829 tt,
364 2741 403 2810 de
429 2743 511 2810 Foro
533 2741 738 2833 competenti,
757 2763 790 2809 u.
814 2741 1143 2830 tusculanum
1169 2745 1204 2813 in

69 2849 172 2917 causis
195 2847 414 2917 ecclesiasticis
438 2871 504 2918 non
526 2847 825 2936 sacramentalibus,
847 2848 938 2918 verbi
963 2849 1079 2939 gratia,
1105 2873 1203 2942 super

67 2955 136 3044 jure
156 2963 358 3048 patronatum,
375 2977 467 3048 posse
483 2957 551 3024 sine
567 2977 725 3024 consensu
745 2955 869 3047 proprii
891 2955 1010 3047 judicis
1029 2979 1204 3049 prorogare

67 3061 324 3150 jurisdictionem
345 3063 480 3132 alterius
499 3061 618 3153 judicis
633 3062 836 3131 ecclesiastici
855 3088 863 3128 ε
880 3083 918 3130 eo
933 3062 1020 3153 quod
1041 3085 1156 3155 nempe
1171 3064 1206 3132 id

66 3167 139 3258 jure
166 3192 234 3238 non
260 3169 439 3261 reperiatur
462 3169 664 3262 prohibitum
671 3194 681 3257 3
706 3168 761 3237 sed
784 3169 977 3257 generaliter
1000 3171 1206 3261 permittatur

69 3275 180 3364 laicos,
198 3278 268 3346 sine
291 3277 342 3346 sui
359 3275 477 3366 judicis
501 3297 647 3363 assensu,
665 3275 700 3344 in
714 3275 816 3344 alium
837 3275 905 3345 sive
920 3276 1122 3366 saecularem,
1138 3280 1206 3348 sive

69 3385 165 3452 etiam
183 3384 431 3454 ecclesiasticum
450 3384 592 3474 judicem
608 3383 787 3452 consentire
793 3409 803 3470 ;
819 3391 851 3452 et
870 3383 911 3452 ab
935 3406 973 3452 ea
995 3387 1138 3476 generali
1153 3409 1208 3455 re-

68 3491 145 3578 gula
155 3491 218 3559 soli
232 3491 435 3582 excipiantur
449 3489 569 3559 clerici.
580 3489 644 3558 Sed
660 3489 781 3559 falsum
796 3498 843 3558 est
858 3489 891 3558 id
903 3513 970 3560 non
984 3493 1120 3584 reperiri
1132 3493 1205 3584 jure

69 3598 286 3688 prohibitum,
305 3620 380 3667 cum
404 3598 438 3666 in
458 3599 554 3666 citato
575 3597 679 3689 capite
693 3597 812 3668 Nullus
829 3597 873 3687 (3,
889 3597 938 3665 tit.
958 3601 1014 3685 29,
1029 3598 1087 3668 lib.
1106 3603 1124 3666 3
1144 3601 1208 3668 De-

69 3706 161 3795 cret.)
191 3726 342 3796 expresse
367 3703 578 3796 prohibeatur
598 3725 640 3771 ne
670 3703 849 3795 Episcopus
880 3703 1013 3773 alterius
1041 3704 1208 3776 subditum

66 3811 215 3901 judicare
240 3820 427 3903 praesumat.
456 3811 550 3880 Unde
576 3811 693 3879 merito
718 3810 955 3902 derelinquitur
979 3810 1051 3880 haee
1071 3813 1208 3883 Abbatis

70 3941 194 4010 opmuo.

114 4031 148 4094 6·
159 4029 210 4095 An
223 4040 255 4095 et
269 4027 409 4119 qualiter
420 4027 528 4096 cleriei
538 4026 793 4118 possiutjudicis
804 4049 870 4096 nou
882 4027 934 4094 sui
942 4025 1210 4116 jurisdictionem

66 4157 261 4226 prorupere.
278 4173 323 4188 -
335 4134 418 4204 Cum
434 4134 534 4226 hujus
548 4133 736 4226 quaestionis
749 4135 866 4202 solutio
889 4133 1049 4225 praecipue
1070 4137 1208 4227 pendent

70 4265 88 4342 a
111 4243 217 4338 capite
243 4242 448 4333 Sipuiflcusti
470 4243 538 4333 (13,
563 4237 648 4310 tituli
668 4245 703 4330 2,
723 4241 801 4310 libri
822 4245 842 4308 2
871 4240 1114 4335 Decretalium),
1136 4244 1209 4315 ideo
