3056 4972
286 438 348 502 ito
657 455 832 505 rrrcruros
854 457 893 504 nr
914 455 1047 504 moiun.

288 599 484 647 «consensu
509 578 696 670 subjiciunt,
718 586 755 647 ut
776 578 874 646 etiem
900 579 1000 668 possit
1023 598 1214 669 cognoscere
1233 577 1274 646 de
1297 577 1423 668 majore

288 713 305 750 ιι
328 684 383 752 illo
395 707 534 754 summo.
550 686 750 777 Eccemplum
767 686 870 754 terties
887 683 1131 777 prorogationis
1149 691 1197 752 est
1217 683 1258 753 de
1274 691 1423 776 tempore

287 817 305 858 ιι
327 791 367 860 ed
381 801 521 885 tempus,
538 792 669 884 quondo
687 813 783 861 causo
801 792 887 860 intro
906 799 1030 861 certum
1051 801 1178 882 tempus
1199 791 1420 878 terminanda,

287 925 305 964 ιι
327 920 401 967 cnm
416 921 575 968 consensu
598 899 739 990 partium
760 907 792 966 et
814 897 932 990 judicis
956 905 1161 991 prorogatur,
1178 905 1214 966 ut
1233 897 1328 966 etium
1345 905 1424 988 post

287 1033 303 1071 ιι
326 1005 406 1074 illud
423 1006 572 1096 cognosci
586 1013 618 1074 et
629 1006 757 1075 definiri
772 1007 885 1098 possit.
904 1007 1049 1098 Denique
1063 1007 1248 1096 exemplum
1255 1004 1423 1096 jurisdic-

286 1140 304 1178 ιι
327 1113 424 1182 tionis
444 1127 632 1205 prorogate
647 1113 687 1182 dc
704 1113 775 1181 loco
790 1111 830 1180 ud
845 1113 955 1182 locum
977 1118 1037 1200 ost,
1054 1112 1185 1204 ιιιιιιιιιιο
1204 1112 1245 1181 de
1264 1133 1330 1180 uno
1346 1112 1422 1181 loco
1515 1136 1516 1140 ¹

286 1245 303 1287 ιι
325 1220 479 1289 territorii
494 1219 534 1288 ad
549 1221 648 1290 alium
669 1220 811 1312 ejusdem
832 1221 1087 1306 territorii,cum
1102 1241 1261 1289 consensu
1276 1219 1423 1311 portium
1516 1247 1517 1291 ς

286 1353 302 1391 ιι
327 1327 522 1396 transfertur
544 1328 653 1396 iorum
673 1349 730 1396 seu
754 1327 928 1418 judicium.
950 1327 1043 1409 Quod
1066 1327 1092 1393 si
1115 1337 1220 1418 partes
1241 1347 1424 1419 prorogare

286 1461 303 1499 ι
326 1434 428 1504 velint
439 1435 700 1528 jurisdictionem
715 1435 756 1503 sb
772 1455 839 1502 uuo
854 1434 924 1504 loco
937 1431 978 1502 od
994 1433 1094 1502 ulium
1110 1434 1243 1503 alterius
1261 1433 1422 1526 jurisdic-

285 1567 302 1607 ιι
327 1541 422 1609 tionis
443 1565 500 1610 seu
519 1542 688 1629 territorii,
708 1551 779 1610 tum
801 1540 980 1632 requiritur
1001 1561 1177 1609 consensus
1193 1540 1312 1633 judicis
1326 1541 1422 1610 illius

287 1674 304 1713 ι
326 1649 398 1718 loci.
416 1675 433 1716 ιι
456 1650 634 1742 (Pirrhing
652 1651 686 1719 in
699 1649 832 1718 titulum
844 1652 878 1735 2,
894 1647 971 1715 libri
987 1652 1006 1714 2
1021 1648 1253 1738 Decretalium,
1270 1673 1304 1716 n.
1325 1651 1421 1741 182.)

328 1759 359 1822 3⁰
374 1760 534 1840 Quonam
549 1757 761 1849 requirantur
775 1755 973 1824 conditiones
987 1766 1025 1824 ut
1033 1756 1228 1848 proropatio
1241 1757 1360 1826 ualeat.
1371 1793 1422 1810 —

287 1887 303 1926 ιι
326 1862 516 1954 Requiritnr
531 1865 656 1956 primo,
679 1871 715 1932 ut
741 1865 769 1930 is
787 1861 839 1932 cui
863 1870 970 1953 portes
988 1860 1150 1951 litigantes
1174 1885 1209 1930 se
1228 1862 1418 1954 subjiciunt,

286 1996 303 2034 ιι
327 1968 442 2038 hebeat
453 1970 711 2060 jurisdictionem
724 1967 975 2062 aliquantium
990 1967 1133 2059 alioquin
1148 1978 1254 2061 portes
1270 1991 1335 2038 non
1350 1979 1420 2038 tum

285 2101 302 2141 ι
325 2084 464 2144 veterem
485 2076 741 2168 jurisdictionem
767 2081 981 2168 prorogarunt
1001 2095 1060 2142 scu
1078 2075 1299 2162 extenderent,
1315 2099 1419 2169 quam

286 2209 303 2248 ι
326 2205 444 2251 novom
469 2184 692 2252 conferrent...
721 2183 804 2252 Cum
829 2207 1006 2277 prorogare
1030 2187 1114 2255 nihil
1137 2182 1226 2254 uliud
1250 2185 1293 2252 sit
1316 2207 1420 2276 quem

286 2316 303 2354 ιι
326 2290 511 2378 extendere,
527 2299 759 2382 consequenter
772 2293 831 2380 ubi
847 2293 937 2362 nullo
951 2302 999 2362 est
1011 2293 1208 2385 jurisdictio,
1225 2315 1265 2360 eo
1284 2292 1421 2362 extendi

284 2421 301 2461 ιι
325 2420 390 2465 non
408 2407 521 2491 potest.
797 2385 800 2390 ’

330 2529 347 2568 ιι
363 2505 512 2574 Secundo
527 2507 718 2598 requiritur,
733 2514 771 2574 ut
783 2505 886 2597 judex
902 2507 996 2598 cnjus
1013 2506 1194 2598 jurisdictio
1207 2517 1418 2598 prorogetur,

286 2637 302 2676 ιι
326 2612 442 2680 hebeat
465 2613 722 2705 jurisdictionem
746 2612 958 2681 ordinariam.
984 2613 1066 2682 Nam
1091 2613 1273 2706 jurisdictio
1296 2613 1421 2706 judicis

285 2744 302 2782 ι
325 2718 462 2809 delegati
481 2721 522 2788 ed
541 2730 660 2789 certem
682 2742 811 2788 oenum
838 2742 904 2789 non
926 2729 1042 2812 potest,
1058 2723 1154 2790 etiem
1174 2722 1315 2814 partium
1338 2745 1420 2791 con-

285 2851 302 2890 ι
326 2849 435 2916 sensu,
450 2829 618 2918 prorogari
633 2849 690 2897 scu
704 2818 833 2896 extendi
849 2829 889 2896 de
904 2851 1043 2921 persone
1056 2829 1096 2897 ed
1114 2851 1298 2921 personam,
1313 2853 1420 2922 neque

285 2959 302 2997 ι
325 2933 364 3002 de
381 2958 478 3003 conso
495 2934 534 3003 od
554 2957 684 3003 causam
704 2958 771 3003 nou
792 2957 978 3027 expressum
996 2937 1052 3028 (1);
1071 2937 1221 3030 quemvis
1233 2937 1420 3029 jurisdictio

283 3065 299 3104 ι
323 3040 460 3132 delegati
475 3041 516 3110 od
534 3042 775 3110 universitatem
793 3065 964 3112 causarum
982 3045 1152 3135 prorogari
1173 3045 1285 3137 possit,
1300 3067 1419 3114 secun-

285 3173 302 3213 «
325 3149 404 3216 dum
424 3147 624 3241 probabilem
643 3149 847 3237 sententium,
863 3171 937 3218 cum
954 3150 1024 3219 hoec
1042 3151 1225 3243 jurisdictio
1239 3152 1419 3221 ordinoriae

285 3281 302 3318 ιι
325 3254 553 3347 eequiparetnr.
572 3255 729 3337 Quamvis
748 3264 856 3324 eutem
872 3259 1057 3348 prorogatio
1076 3258 1315 3351 jurisdictionis
1330 3259 1420 3328 dele-

284 3389 301 3427 ιι
323 3371 421 3453 gotae,
438 3363 535 3432 stiam
550 3387 592 3432 ex
608 3365 750 3454 portium
763 3387 933 3453 consensu,
949 3366 1055 3457 quoad
1076 3366 1299 3435 substantiolis
1315 3366 1420 3457 (vide-

283 3495 299 3534 ι
323 3468 396 3538 licet
416 3469 455 3538 de
480 3491 618 3560 persono
638 3471 680 3539 ud
695 3493 881 3562 personum,
896 3473 949 3541 vol
971 3473 1011 3542 de
1032 3495 1066 3542 re
1084 3473 1125 3542 sd
1144 3496 1211 3542 rem
1233 3474 1329 3542 alium
1350 3495 1420 3542 non

283 3603 300 3643 ιι
323 3576 522 3669 expressum)
539 3577 611 3644 fieri
632 3585 784 3669 nequeat,
800 3587 905 3670 potest
925 3587 1034 3647 temen
1057 3579 1128 3648 fieri
1149 3582 1294 3649 extensio
1307 3583 1419 3674 quood

283 3709 300 3748 ι
323 3683 541 3770 occidentalia,
565 3683 713 3752 videlicet
739 3685 779 3752 de
805 3695 948 3778 tempore
972 3684 1013 3754 od
1040 3694 1179 3778 tempus,
1203 3688 1255 3760 vol
1281 3687 1322 3758 de
1346 3689 1420 3759 loco

281 3815 298 3855 ι
323 3791 363 3858 nd
378 3791 499 3878 locum,
517 3791 569 3859 vel
585 3791 625 3858 do
642 3789 766 3860 minore
782 3793 961 3883 quontitate
975 3793 1017 3862 ed
1033 3796 1201 3885 mojorem.

309 3997 343 4061 (ι)
355 3998 384 4048 Id
397 3997 481 4050 firmet
494 3995 623 4060 Pirrhing,
637 3995 721 4060 capite
736 3999 775 4058 to,
787 3997 855 4049 tituli
869 4003 910 4059 ιι,
922 4000 983 4051 libri
995 3989 1010 4050 ι
1024 4001 1209 4064 verrentium,
1221 4003 1311 4054 ubido
1325 4017 1421 4068 proro-

278 4078 381 4143 gatione
393 4077 477 4142 quood
489 4071 629 4142 quemdem
645 4075 760 4138 judicem
774 4075 921 4143 delegatum
939 4079 1007 4130 tecto
1017 4081 1055 4133 sic
1069 4081 1187 4134 decernit
1203 4083 1343 4150 Gregorius
1362 4084 1395 4134 ix
1411 4101 1419 4135 :

278 4157 468 4208 iurisdictionis
481 4157 631 4220 proroqotto
645 4155 719 4205 nullo
740 4158 856 4206 noscitur
869 4161 994 4219 extitisse,
1006 4175 1063 4212 eum
1075 4161 1225 4228 hujusmodi
1238 4163 1359 4229 delegata
1370 4167 1420 4229 ju-

279 4237 397 4288 risdictio
409 4237 444 4287 ιιιι
457 4237 524 4287 ulios
532 4247 652 4300 personae
665 4239 771 4300 nequeat
779 4239 926 4303 prorogari.
