3030 4980
287 463 348 527 506
661 483 838 532 micturus
858 485 898 531 nn
918 485 1052 532 merens.

282 602 386 693 gium,
411 605 667 697 perscripturus
691 627 808 700 nempe
838 627 914 676 suns
936 605 970 675 in
995 607 1069 676 foro
1089 606 1186 676 etiam
1210 607 1422 678 eeotesinstiea

282 708 421 778 faciendi
436 709 534 779 fidem
550 711 727 804 publicam.

325 816 419 887 Unde
440 817 476 885 in
501 817 596 887 dietis
618 820 820 910 regionibus,
837 819 865 890 si
880 819 960 891 velit
980 820 1086 915 judex
1109 821 1342 892 wednffieus
1361 821 1422 891 ali-

280 923 375 1016 cujus
389 946 432 993 ex
448 925 518 994 istis
531 927 666 996 notoriis
688 951 787 1020 opera
807 929 871 1018 nti,
885 929 989 998 tutius
1014 929 1127 1000 saitem
1143 929 1205 998 erit
1225 929 1266 998 ad
1288 929 1423 1000 viunda

280 1031 365 1101 eires
380 1031 523 1102 valorem
537 1041 668 1102 aotuum
685 1035 799 1124 dubis,
815 1043 852 1106 nt
872 1036 969 1130 prius
988 1037 1018 1106 is
1034 1036 1209 1130 episcopali
1232 1038 1422 1108 anctoritate

282 1139 427 1210 notarius
441 1149 581 1229 creetur,
597 1141 712 1212 eodem
729 1143 880 1214 modone
896 1145 924 1214 si
940 1143 1076 1216 minime
1088 1145 1233 1216 notarius
1246 1153 1342 1215 esset.

793 1491 911 1586 §vu

311 1685 420 1738 Ubinam
436 1700 451 1738 ι
466 1687 567 1742 notario
584 1687 754 1740 instrumente
770 1688 854 1742 vnttde
871 1689 968 1742 eonttei
984 1689 1101 1755 poestnt;
1116 1693 1143 1742 et
1157 1687 1243 1742 vuido
1260 1689 1392 1753 coniectu,

691 1769 795 1822 ubinam
812 1768 890 1820 tidem
906 1769 1009 1822 meunt.

324 2021 631 2092 Prorosru012.-
643 2024 802 2096 Notarius
824 2021 961 2115 quilibet
985 2023 1204 2091 iustrumenta
1226 2021 1335 2091 natiue
1356 2045 1424 2091 reon

279 2130 420 2220 conficit,
434 2129 499 2198 uisi
508 2130 599 2199 iutra
613 2129 819 2199 territorium
833 2129 922 2199 illius
935 2129 1151 2220 maanraan
1161 2151 1183 2196 o
1194 2151 1260 2221 que
1271 2131 1423 2198 notorius

279 2247 405 2304 oreatus
424 2249 481 2305 est.
505 2275 550 2290 —
573 2236 610 2305 Id
633 2244 790 2330 tunquam
814 2237 998 2327 generalem
1022 2235 1168 2326 regulam
1192 2258 1212 2302 s
1234 2233 1423 2304 doctoribus

279 2343 494 2412 communiter
522 2344 704 2414 admissum
730 2344 883 2437 reperies.
910 2343 1081 2412 Rationem
1106 2341 1196 2428 dant,
1222 2343 1423 2411 notariatum
1502 2333 1503 2356 ¹

280 2471 349 2517 esse
364 2448 509 2518 officium
525 2473 582 2518 seu
600 2451 818 2519 ministerium
835 2448 1014 2541 publicum.
1035 2475 1053 2515 u
1067 2447 1219 2517 Officium
1233 2457 1344 2518 nutem
1361 2471 1424 2542 pu-

284 2579 302 2620 e
323 2553 443 2623 blieum
461 2556 613 2646 restringi
627 2557 708 2625 solet
721 2557 808 2625 intre
821 2555 978 2625 terminos
990 2555 1134 2644 regionis
1149 2553 1237 2622 illins
1248 2554 1310 2645 (t),
1323 2577 1343 2621 a
1358 2577 1424 2646 qno

284 2688 302 2726 o
324 2659 481 2750 defertur,
499 2685 603 2755 neque
625 2671 718 2732 extra
741 2663 831 2730 illam
847 2661 1052 2741 extenditur3
1069 2659 1214 2752 adeoque
1239 2667 1335 2728 extra
1356 2671 1423 2729 ter-

283 2793 300 2831 o
325 2767 473 2836 ritorium
498 2771 722 2838 constituentis
750 2770 897 2838 minister
912 2767 1063 2860 publicus
1086 2776 1234 2836 censetur
1247 2789 1320 2836 esse
1342 2791 1422 2859 per-

282 2900 300 2940 o
323 2899 403 2944 sone
418 2876 555 2967 privata.
573 2904 589 2942 o
607 2877 785 2967 (Pirrhing,
800 2877 835 2944 iu
850 2875 982 2944 titulum
998 2879 1054 2962 22,
1064 2875 1140 2944 libri
1155 2879 1174 2942 2
1189 2873 1420 2960 Decretatium,
1501 2873 1502 2948 Ϊ

279 3005 312 3050 n.
332 2983 399 3075 tt.)
418 2981 495 3052 Haee
516 2991 625 3052 tamen
650 2984 814 3054 conclusio
833 2982 1044 3073 inteiligende
1065 2991 1114 3051 est
1129 2983 1348 3072 requiretur,-
1364 3007 1422 3076 pa·

279 3092 359 3160 titur
373 3091 464 3160 enim
479 3091 636 3183 quasdam
652 3091 874 3178 limitationes,
892 3090 932 3160 de
954 3089 1074 3183 quibus
1089 3090 1284 3181 insequenti
1300 3111 1423 3182 propo-

278 3198 411 3285 sitione,
428 3197 548 3268 seilieet
570 3225 577 3266 :

323 3306 508 3375 Pnorosmo
522 3306 575 3374 11⁸.
593 3343 638 3357 -
655 3305 795 3396 Gonfieit
820 3319 932 3374 tamen
954 3304 1062 3374 solide
1086 3305 1309 3373 iustrumenta
1327 3318 1422 3374 estro
1500 3383 1501 3386 Ἴ

279 3413 481 3482 territorium
495 3435 596 3481 suum
612 3413 669 3506 (t),
689 3413 763 3482 usi
780 3413 831 3481 ite
851 3415 940 3504 seret
961 3411 1084 3484 alieubi
1105 3410 1328 3498 corrsuetudo,·
1345 3415 1424 3482 Μ
1500 3405 1501 3408 “

278 3521 459 3590 consentiat
475 3520 630 3612 princeps
648 3521 728 3602 loei,·
746 3523 779 3588 3ο
791 3519 1008 3613 probabiliter·
1022 3519 1062 3602 si,
1079 3519 1153 3588 litet
1175 3518 1314 3588 existeres
1327 3531 1421 3588 eetra

278 3629 482 3698 territorium
495 3649 607 3710 suum,
623 3627 839 3697 instrumente
854 3628 1003 3712 conficiat
1019 3649 1085 3718 pro
1100 3625 1247 3718 ejusdem
1263 3627 1424 3696 territorii

276 3737 332 3804 sui
343 3734 481 3805 subditis
503 3735 539 3804 irt
563 3735 600 3804 td
619 3735 897 3804 corruentierrtibus.
916 3773 960 3786 -
980 3733 1260 3820 «Verumtamen,
1277 3734 1325 3802 ait
1342 3735 1421 3803 Pir-

282 3871 299 3909 α
322 3843 435 3934 thing,
453 3863 511 3935 per
523 3841 792 3912 consuetudinem
807 3840 1100 3927 introductam,vel
1118 3863 1176 3933 per
1192 3841 1327 3910 troitum
1341 3863 1421 3911 eou-
1499 3913 1500 3926 ξ

281 3977 299 4017 o
321 3971 454 4018 sensum
468 3971 525 4017 seu
544 3949 781 4018 consessionem
799 3947 940 4039 alicujus
960 3947 1128 4040 principis,
1144 3954 1249 4040 potest
1275 3951 1421 4019 notarius

308 4205 340 4268 (tt
358 4203 456 4269 Nempe
469 4203 543 4254 ittr'ur
557 4203 737 4270 magistratus.

308 4286 342 4353 tr)
357 4282 528 4349 lntettigtmne
540 4283 695 4338 territorium
709 4283 778 4335 iltius
792 4281 954 4349 nrogistrstus
967 4296 983 4333 a
996 4295 1047 4348 quo
1061 4279 1177 4334 nemum
1194 4285 1298 4336 eremus
1310 4285 1358 4335 est.
