3030 4980
305 433 366 497 ³l8
673 455 848 504 rurcrarus
870 459 910 504 ns
931 459 1065 506 runrurs.

303 575 530 664 Decretalium,
552 586 609 646 ant
627 579 865 671 antiquioribus
880 581 1094 669 documentis,
1114 581 1269 674 inquires.
1287 582 1430 674 Reperies

304 681 473 752 dumtaxat
487 684 522 752 in
542 694 634 755 sexto
653 686 758 780 (titulo
778 691 810 776 3,
831 688 909 756 libri
925 689 971 779 t),
992 689 1150 760 nonnulla
1163 689 1276 759 saeculi
1289 689 1368 760 ΧΠ]
1381 689 1432 759 luc

303 787 343 858 de
358 812 393 858 re
408 790 546 862 decreta.

347 896 405 966 IV.
437 899 607 981 Quomodo
634 899 670 968 iu
697 901 808 970 Gallia
826 901 988 993 praedicta
1011 903 1229 995 disciplinaris
1253 906 1433 974 irnmutotio

297 1004 489 1094 periclitata
509 1007 563 1089 sit,
583 1008 782 1100 Officialilruo
798 1011 942 1078 muueris
955 1011 1010 1079 sui
1017 1012 1274 1102 perpetuitatem
1287 1011 1349 1081 etri
1371 1013 1436 1082 oiri-

305 1107 500 1181 dicoatidus.
516 1151 561 1166 -
575 1114 717 1184 invaluit
732 1116 767 1184 in
786 1115 904 1204 Galba,
921 1125 1017 1210 utque
1030 1119 1066 1187 iu
1086 1119 1198 1210 paucis
1212 1119 1286 1188 aliis
1300 1121 1437 1210 regioni-

303 1218 377 1307 bus,
394 1221 605 1308 consuetudo,
617 1230 653 1291 ut
667 1221 721 1291 ille
735 1223 896 1312 generalis
907 1225 1073 1312 Vioarius,
1087 1228 1146 1318 qui
1164 1227 1355 1296 exercenda
1367 1250 1439 1296 con·

305 1328 450 1395 tentiosae
464 1328 686 1419 jurisdictioni
699 1329 920 1418 addicebatur,
940 1333 1097 1424 officialis
1110 1333 1242 1402 nomine
1257 1333 1440 1424 designare-

303 1439 371 1500 tur.
382 1433 408 1501 li
421 1455 519 1524 porro
530 1433 688 1503 officiales
697 1438 837 1526 priscam
845 1436 1159 1507 Archidiaconornm
1169 1437 1327 1508 ineodem
1339 1437 1441 1508 officio

304 1541 550 1632 perpetuitatem
566 1542 629 1610 sibi
644 1543 800 1634 paulatim
815 1543 1030 1630 vindicantes,
1043 1569 1077 1613 sc
1088 1545 1129 1614 ab
1141 1545 1312 1637 Episcopis
1326 1544 1369 1614 ad
1384 1569 1442 1614 nu·

304 1655 374 1714 tum
390 1648 534 1717 revocari
556 1671 623 1718 non
638 1649 859 1741 patiebantur3
875 1659 907 1718 et
921 1673 981 1742 pro
1003 1672 1139 1721 erroneo
1160 1652 1216 1722 illo
1231 1652 1442 1743 gallicanismi

305 1765 490 1846 systemate,
507 1758 596 1850 quod
611 1757 725 1826 tandiu
740 1757 839 1849 hujus
854 1760 997 1828 nationis
1012 1761 1136 1830 clerum
1149 1761 1340 1846 obcecavit,
1357 1761 1443 1829 ade-

306 1872 392 1931 crcto
406 1864 557 1956 Episcopi
571 1865 612 1934 ud
636 1864 826 1934 sucularum
839 1875 1028 1956 potestatem
1043 1867 1208 1958 appellare
1228 1890 1295 1936 non
1316 1870 1443 1937 erubes-

305 1981 424 2054 centes,
449 1973 725 2064 parlamentorum
748 1974 936 2043 auctoritate
959 1996 996 2042 ac
1024 1975 1182 2043 sententia
1202 1998 1313 2062 suum,
1344 1999 1444 2067 aquo

306 2078 419 2168 dejecti
442 2088 545 2164 erant,
571 2079 716 2148 officium
737 2081 879 2149 retinere
899 2081 1103 2150 schismatico
1125 2081 1368 2151 obnitebantur.
1385 2086 1445 2153 Ner

306 2184 422 2255 desunt
440 2187 496 2276 (ait
510 2186 756 2274 Thomassinus‚
786 2189 882 2255 Vetus
897 2200 928 2255 et
943 2209 1027 2256 noua
1042 2187 1226 2280 disciplina,
1243 2198 1335 2280 parte
1361 2195 1392 2274 1,
1409 2190 1445 2256 li-

306 2294 366 2361 bro
380 2298 414 2382 2,
430 2317 501 2386 cap.
522 2299 554 2380 9,
572 2318 604 2362 n.
626 2295 671 2385 l),
688 2294 740 2362 vel
753 2295 904 2385 ccempla
918 2295 971 2362 vel
983 2307 1107 2363 assuta
1117 2295 1266 2386 propitia
1285 2297 1445 2388 officiali-

307 2400 377 2483 bus,
391 2423 471 2493 quos
482 2403 645 2471 incasurus
657 2413 863 2470 terrtaocruut
874 2402 1031 2492 Episcopi
1039 2401 1148 2493 produ
1160 2402 1310 2494 dejicere.
1326 2404 1379 2472 Ex
1390 2404 1443 2472 ad-

305 2531 400 2578 verso
416 2518 523 2579 sutem
537 2509 690 2601 Episcopi
709 2508 940 2598 confugiebant
956 2511 998 2577 ad
1013 2509 1156 2598 Regem3
1171 2511 1226 2578 oui
1238 2511 1266 2578 si
1282 2511 1444 2601 placuisset

307 2616 369 2684 Olli
374 2617 509 2686 cialibus
524 2618 635 2686 favere
648 2630 680 2686 et
694 2617 972 2708 parlamentorum
985 2627 1107 2685 asserta
1120 2620 1329 2704 confirmare,
1344 2627 1444 2687 actum

306 2732 376 2792 erat
389 2723 429 2792 de
444 2724 678 2816 Episcoporum
695 2724 783 2814 jure,
802 2723 964 2793 Olliciules
981 2746 1057 2794 snos
1072 2723 1113 2791 ad
1129 2731 1247 2792 nutum
1261 2725 1444 2794 revocandi.

306 2831 517 2901 Contrarium
533 2840 642 2900 tumen
657 2832 803 2921 contigit.
820 2831 970 2900 Meminit
991 2831 1227 2900 Thomassinus
1248 2831 1356 2924 (citato
1372 2832 1444 2920 loco)

307 2941 389 3032 lepos
409 2953 440 3009 et
454 2939 601 3031 diploma
615 2939 744 3028 repium
759 2936 917 3007 Ludooici
929 2941 1021 3019 Xlll,
1041 2938 1160 3007 datum
1185 2937 1238 3006 die
1255 2941 1294 3004 13
1317 2937 1446 3006 octobris

311 3052 408 3135 1637,
433 3070 498 3138 quo
520 3046 689 3138 Episcopus
705 3045 852 3136 priscum
868 3044 1034 3114 adseritur
1049 3045 1110 3137 jus
1130 3043 1448 3126 saumariorum

310 3167 341 3222 et
354 3153 550 3224 destituendi
575 3153 733 3244 officialis
750 3178 761 3219 .·
776 3152 852 3219 item
869 3151 1040 3243 judicium
1056 3152 1186 3221 concilii
1202 3151 1332 3243 privati
1349 3151 1447 3242 (intel-

308 3261 375 3350 lige
390 3261 490 3350 Regis
514 3261 638 3350 Galliael
659 3283 723 3352 quo
735 3269 880 3349 potestas
892 3259 933 3348 fit
955 3257 1209 3350 drodiepisoopis
1233 3271 1264 3325 et
1286 3257 1448 3348 Epuoopis

309 3368 487 3437 abdicandi
503 3369 662 3460 Officioles
673 3389 748 3437 suos
766 3416 818 3449 ...,
833 3367 926 3435 uuila
943 3366 1011 3457 lcpc
1031 3365 1148 3435 additu
1161 3365 1332 3456 Episcopis
1344 3378 1384 3433 ut
1391 3385 1449 3454 pc-

310 3476 445 3544 curu'am
457 3475 659 3566 refundant:
676 3475 752 3543 item
771 3473 930 3567 quasdem
944 3475 1027 3566 lepos
1041 3485 1071 3541 et
1080 3475 1102 3564 j
1105 3471 1216 3540 udicio
1236 3472 1360 3540 romilii
1373 3470 1451 3561 repii

311 3597 342 3653 et
360 3583 576 3673 parlamenti,
606 3581 721 3672 quibus
747 3583 965 3673 confirmatur
989 3579 1156 3650 destitutio
1187 3580 1387 3672 officialium
1412 3577 1449 3645 ol

311 3691 590 3783 Episcopbsacto,
605 3688 754 3780 quamuis
767 3687 951 3756 diutissime
962 3710 998 3755 eo
1014 3709 1148 3755 munere
1160 3686 1326 3778 perfuncti
1341 3699 1448 3764 assurt,

314 3800 460 3891 coqueio
475 3797 641 3888 reliquum
661 3795 736 3863 vita
751 3807 879 3886 tempus
897 3793 1012 3864 deuoti
1021 3795 1160 3885 [uincent
1175 3819 1186 3860 :
1202 3794 1279 3861 item
1297 3793 1387 3863 aliud
1400 3789 1450 3860 de·

314 3920 440 3975 eretum
450 3903 712 3996 comiliiprioati
722 3902 805 3992 rcqii
813 3903 896 3971 anui
908 3905 1005 3988 1637,
1016 3903 1053 3969 iu
1062 3923 1163 3969 causa
1173 3901 1331 3991 Episcopi
1342 3901 1451 3970 Claro·

315 4012 467 4080 montani
483 4038 494 4078 :
509 4035 544 4079 eo
557 4009 795 4079 rescindebatur
812 4015 955 4078 Senatus
968 4009 1167 4089 coasultum,
1184 4031 1247 4098 quo
1260 4007 1452 4098 prohibebo-

316 4133 373 4187 tur
383 4119 563 4210 Episcopus
568 4141 629 4210 per
636 4130 734 4186 semet
750 4117 907 4210 officialis
917 4137 1039 4184 munus
1050 4127 1081 4184 ct
1084 4117 1106 4207 j
1109 4113 1358 4183 urirdiotiouem
1370 4135 1450 4182 erer-

315 4249 384 4296 cere
402 4248 510 4298 suam.
527 4223 724 4296 Olfioiulium
746 4232 855 4292 autem
873 4222 987 4293 Galliae
1009 4222 1235 4294 attributioncs
1254 4231 1286 4290 et
1307 4217 1452 4313 explendi
