3046 4968
663 510 836 558 uumerus
865 511 903 558 DE
926 511 1057 558 suntme.

817 793 902 882 eu.

321 958 356 1010 De
374 959 514 1026 mantellis,
530 965 625 1027 preter
641 962 845 1027 competentiam
859 963 921 1024 tori,
936 965 965 1014 nt
976 961 1059 1028 judex
1075 961 1160 1014 valide
1174 962 1292 1028 iudicare
1309 963 1401 1028 possit.

332 1168 462 1240 Rasum
483 1176 528 1240 1².
547 1211 591 1225 -
610 1177 651 1242 Ut
670 1173 780 1266 judee
806 1195 941 1242 eausam
964 1171 1073 1240 valide
1090 1171 1232 1264 judicet,
1255 1169 1345 1240 dedet
1370 1193 1439 1239 esse

288 1290 481 1369 competens.
490 1281 627 1349 —Cum
641 1303 759 1372 nempe
771 1291 891 1373 praeter
900 1303 1094 1372 supremum
1111 1278 1262 1348 Ecclesiae
1272 1278 1436 1370 judicem,

289 1381 323 1450 id
346 1395 405 1472 est,
425 1386 612 1456 Romanum
637 1387 842 1474 Pontificem,
861 1388 971 1456 caeteri
999 1411 1064 1456 non
1087 1385 1325 1479 plenitudinem
1340 1385 1438 1476 judi·
1511 1385 1512 1392 '

289 1489 379 1558 cialis
400 1496 578 1583 potestatis,
606 1495 661 1563 sed
687 1503 812 1587 partem
834 1504 962 1564 tentum
988 1495 1182 1585 acceperint,
1207 1501 1310 1585 potest
1329 1492 1433 1560 dnm·

288 1603 378 1664 taam
404 1621 518 1668 eorum
541 1602 679 1693 quisquc
702 1611 804 1670 certas
827 1623 1002 1670 causarum
1028 1601 1162 1691 species,
1189 1599 1242 1666 vel
1268 1607 1438 1667 certorum
1511 1621 1512 1698 g

287 1701 476 1793 hominum,
493 1708 545 1776 vel
565 1709 660 1776 certis
681 1709 715 1776 in
737 1709 815 1776 loeis
837 1707 996 1799 judicare.
1021 1706 1169 1776 Relative
1184 1705 1224 1774 ed
1243 1704 1437 1797 hujusmodi
1511 1699 1512 1728 l

288 1827 414 1897 causas,
432 1833 491 1902 pro
505 1814 625 1904 quibus
638 1814 757 1905 aliquis
779 1815 901 1906 aceepit
920 1813 1140 1905 jurisdicuudi
1160 1819 1363 1904 potestatem,
1381 1811 1439 1878 di·
1511 1827 1512 1854 ¹

289 1915 375 1983 citur
386 1917 488 2009 judex
504 1931 706 2012 competens;
726 1945 785 2012 pro
805 1922 931 1989 caeteris
946 1944 1025 1990 vero
1047 1921 1280 2011 incompetens.
1302 1917 1336 1986 Si
1359 1919 1440 2009 quis

289 2043 368 2112 ergo
381 2024 483 2116 judex
498 2028 538 2095 sit
553 2028 662 2118 quood
677 2051 809 2097 causam
827 2029 1062 2119 incompetens,
1076 2051 1148 2096 eam
1167 2025 1275 2095 valide
1288 2024 1440 2116 judicare

289 2132 414 2222 nequit,
430 2142 465 2200 ut
477 2145 574 2226 potet.
585 2136 758 2218 Quomodo
772 2146 881 2204 autem
895 2136 1034 2204 discerni
1047 2145 1079 2203 et
1091 2133 1305 2203 determinari
1319 2134 1438 2225 possit,
1511 2151 1512 2208 Ἰ

289 2237 441 2326 quisnam
458 2242 499 2310 sit
513 2242 620 2334 quoad
637 2266 769 2310 causam
782 2243 925 2334 aliquem
935 2243 1040 2334 judex
1054 2248 1253 2332 competens,
1263 2249 1311 2308 est
1325 2261 1439 2332 quaes-
1511 2223 1512 2316 l

288 2343 336 2411 tio
352 2349 477 2415 summi
493 2350 665 2437 momenti,
681 2373 783 2442 quam
797 2351 880 2437 tuse,
899 2373 957 2441 pro
973 2349 1018 2416 rei
1035 2349 1206 2439 gravitate,
1226 2348 1311 2416 iutra
1325 2346 1440 2415 discu-
1511 2401 1512 2422 ,

290 2451 403 2522 timus.
428 2456 488 2524 Hic
514 2465 641 2526 tautum
668 2481 895 2526 memoramus
920 2457 1120 2549 principium
1149 2457 1379 2525 inconcussum
1405 2465 1441 2522 et

289 2560 331 2627 ab
347 2563 501 2632 omnibus
521 2565 720 2652 admissum,
738 2565 778 2633 de
799 2565 1025 2656 competentiae
1054 2566 1253 2651 necessitate,
1271 2573 1307 2631 ut
1330 2564 1441 2632 valeat

287 2667 407 2757 judicis
429 2672 554 2762 prolata
575 2673 744 2741 sententie.
764 2674 886 2740 Atvcro
908 2683 943 2740 ut
968 2670 1072 2763 judex
1094 2671 1199 2739 valide
1218 2669 1352 2762 judicet,
1371 2693 1441 2738 non
1511 2655 1512 2740 i

291 2773 411 2845 suffieit
426 2799 503 2846 eum
522 2801 591 2846 esse
611 2787 850 2871 competentem
857 2805 867 2866 3
883 2777 916 2844 id
941 2788 1002 2863 est,
1016 2799 1148 2846 oausam
1169 2801 1238 2845 esse
1260 2776 1301 2845 de
1319 2799 1439 2845 earum
1511 2797 1512 2878 3

291 2884 408 2972 specie,
425 2893 586 2955 eteorum
602 2887 790 2972 homiuum,
807 2895 837 2952 et
853 2884 942 2953 illius
957 2885 1032 2972 loci,
1047 2907 1108 2976 pro
1121 2885 1241 2976 quibus
1258 2883 1319 2977 ipsi
1333 2883 1443 2973 juris-
1511 2879 1512 2928 t

292 2990 392 3060 dictio
407 2991 469 3061 tuit
482 2994 672 3062 commisso.
687 2993 878 3085 Requiritur
893 2995 1027 3084 insuper
1042 3015 1107 3060 non
1120 2993 1320 3060 intervenire
1334 3001 1443 3060 certas
1511 3009 1512 3080 t

292 3097 566 3188 circumstantias,
584 3101 619 3168 in
634 3101 754 3193 quibus
769 3121 788 3166 a
802 3099 876 3190 jure
892 3109 1024 3168 cautum
1041 3109 1074 3167 et
1088 3107 1248 3168 statutum
1264 3099 1339 3187 tuit,
1356 3100 1442 3168 nul·
1511 3145 1512 3202 p

293 3204 360 3272 lam
383 3207 451 3275 tore
472 3208 604 3299 judicis,
624 3201 703 3276 lieet
717 3206 849 3276 aliunde
869 3207 1096 3299 competentis,
1111 3207 1316 3276 sententiam.
1336 3207 1443 3288 Quae·
1511 3209 1512 3238 ¹

293 3337 370 3382 nom
388 3313 453 3381 sint
465 3315 628 3407 ejusmodi
644 3313 910 3403 circumstantie,
922 3315 957 3380 in
973 3315 1182 3405 sequentibus
1198 3313 1321 3403 regulis
1333 3337 1442 3405 expo·

292 3420 393 3489 nitur.
1511 3423 1512 3438 ¹

339 3528 467 3598 lineum
482 3534 526 3596 2³.
536 3567 579 3580 -
592 3531 665 3600 Non
675 3541 784 3620 potest
794 3529 865 3620 qaeu
879 3527 1057 3619 esscjedee
1069 3528 1121 3596 vel
1129 3550 1268 3596 assessor
1277 3529 1312 3596 in
1323 3551 1440 3610 saissa,
1511 3543 1512 3600 ὲ

296 3635 329 3703 io
343 3657 409 3727 qua
418 3635 515 3728 prius
531 3635 729 3704 advocatum
745 3634 820 3725 epit.
839 3673 882 3686 -
898 3634 979 3702 Eam
995 3635 1145 3724 regulam
1169 3643 1325 3726 tanquam
1342 3656 1444 3701 oom—

297 3743 441 3812 muniter
471 3753 630 3835 receptam
663 3751 693 3809 et
722 3742 857 3810 omnino
885 3751 1005 3810 certam
1036 3741 1080 3809 sie
1105 3740 1241 3831 exponit
1266 3739 1445 3808 Schmalz-
1511 3759 1512 3816 ῖ

296 3850 435 3939 grueber
451 3850 495 3941 (in
513 3848 647 3917 titulum
665 3852 678 3915 t
697 3847 737 3916 de
753 3847 901 3931 Iudiciis,
919 3848 994 3916 libri
1015 3851 1033 3915 2
1051 3847 1281 3934 Decretnlium,
1299 3870 1331 3914 u.
1356 3848 1410 3938 17)
1434 3877 1442 3916 :
1511 3849 1512 3868 ¹

300 3957 452 4049 «Neque
478 3956 518 4024 de
548 3979 643 4024 causa
671 3955 825 4048 quelibet,
852 3977 926 4048 quae
953 3956 1004 4023 sui
1033 3954 1096 4024 lori
1126 3964 1186 4042 est,
1208 3954 1311 4046 judex
1336 3963 1447 4046 potest
1511 3961 1512 4050 t

301 4085 553 4152 «cognoscere,
577 4085 653 4132 uam
679 4071 744 4131 tres
770 4063 934 4155 precipue
965 4062 1175 4154 reperiuntur
1201 4061 1408 4153 exceptiones
1435 4091 1443 4130 :

217 4241 220 4252 ‚
300 4199 317 4236 a
344 4175 375 4236 1⁶
391 4193 488 4240 nemo
504 4180 607 4263 potest
622 4193 689 4238 esse
700 4168 803 4263 judex
821 4170 871 4238 vel
885 4191 1029 4238 assessor
1040 4169 1072 4237 in
1087 4192 1195 4253 causa,
1211 4170 1244 4236 in
1258 4191 1323 4259 qua
1337 4167 1447 4237 advo-
1511 4189 1512 4192 ’

182 4273 183 4278 ’
301 4286 447 4348 «cetum
472 4278 540 4368 egit
559 4279 640 4368 (erg.
659 4277 680 4344 l.
702 4278 758 4345 fin.
782 4301 809 4345 c.
831 4276 871 4346 de
895 4277 1077 4365 Assessor.).
1096 4276 1190 4345 Ratio
1217 4283 1275 4363 est,
1298 4275 1374 4366 quia
1401 4275 1446 4343 de
