3030 4980
656 491 830 538 tracturus
852 491 891 538 br
912 491 1047 540 abutens·

811 757 914 850 §ru

391 927 480 979 Utrum
492 926 595 978 clericts
610 931 637 978 et
651 925 780 994 religiosis
794 927 895 982 licitum
906 928 940 980 sit
950 927 1046 984 nourd
1056 927 1170 982 otdaium
1181 939 1313 980 exercere

328 1135 474 1218 Quaestio
509 1134 581 1204 baeo
609 1159 675 1205 non
705 1136 818 1228 paucis
846 1135 1002 1206 remansit
1023 1135 1127 1205 obsita
1155 1133 1419 1220 difficultatibus,

282 1242 432 1333 quamvis
446 1241 517 1310 lose
532 1242 573 1310 ab
589 1242 779 1312 auctoribus
791 1243 956 1334 plurimis,
973 1243 1042 1314 sive
1056 1242 1212 1334 antiquis,
1229 1241 1299 1309 sive
1313 1263 1422 1310 receu-

283 1348 434 1436 tioribus,
457 1369 605 1418 excussa.
630 1349 716 1417 Hinc
738 1349 877 1418 etmihi
901 1349 1006 1441 ipsam
1022 1349 1227 1418 enodandam
1249 1371 1310 1441 pro
1332 1369 1422 1440 posse

281 1464 498 1556 aggredienti,
524 1466 633 1534 visum
649 1472 697 1534 est
716 1463 879 1556 imprimis
900 1465 1034 1558 majoris
1052 1465 1208 1534 claritatis
1222 1465 1340 1554 gratia,
1356 1485 1420 1532 rem

281 1580 382 1643 totam
398 1572 432 1641 in
448 1569 615 1642 distinctas
629 1577 737 1664 partes
751 1595 810 1642 sou
822 1575 1059 1666 propositiones
1072 1573 1266 1644 distribmro
1280 1581 1314 1642 et
1326 1595 1422 1664 expe-

282 1679 352 1748 dire
369 1707 377 1748 :
393 1679 480 1748 unde
494 1679 549 1766 sit,

326 1788 565 1858 Pnorosur012.
583 1825 628 1840 -
646 1789 780 1857 Certum
806 1801 853 1857 est
867 1801 981 1858 cature
994 1790 1030 1857 in
1052 1789 1132 1879 jura
1159 1788 1314 1857 cononiao
1329 1809 1422 1878 repu-

283 1895 352 1962 lam
375 1894 570 1983 pencralem,
600 1917 666 1986 qua
690 1894 798 1963 clerici
822 1896 857 1964 in
882 1896 983 1964 sacris
997 1895 1168 1965 constituti
1190 1895 1232 1964 ab
1251 1893 1422 1963 exurendo

281 2001 466 2068 notariatus
490 2001 597 2092 afficio
617 1999 846 2092 probibentur.
873 2041 918 2055 -
931 2003 1066 2073 Constat
1089 2023 1130 2070 ex
1154 2001 1307 2070 decretali
1331 2001 1425 2069 Sicut

282 2108 328 2197 (8,
355 2106 440 2175 tituli
457 2111 509 2194 50,
527 2107 602 2176 libri
618 2111 636 2174 3
653 2095 896 2198 Decretalium),
914 2110 948 2176 in
964 2131 1030 2200 qua
1045 2109 1090 2178 sic
1107 2107 1252 2200 praecipit
1265 2108 1423 2176 Innocen-

285 2216 347 2283 tius
363 2215 405 2282 lll
424 2241 431 2281 :
454 2241 470 2280 a
485 2214 576 2284 Sicut
590 2223 621 2282 te
634 2216 817 2307 accepimus
829 2216 1001 2304 referente,
1016 2239 1091 2284 cum
1104 2215 1300 2284 venerabilis
1314 2215 1425 2283 Frater

286 2349 302 2383 a
328 2321 820 2412 nosterflostiensisEpiscopus,
830 2323 908 2391 olim
919 2345 977 2413 per
985 2333 1073 2392 tuam
1081 2321 1422 2406 transienscivitatem,

286 2453 302 2491 o
327 2427 384 2493 tibi
397 2426 521 2494 dederit
533 2427 567 2494 in
579 2427 738 2494 mandatis
749 2436 786 2496 ut
800 2429 1017 2519 presbyteros,
1031 2428 1195 2516 diacoma,
1212 2437 1244 2496 et
1255 2428 1424 2496 subdiaco-

286 2560 303 2597 (ι
328 2555 398 2618 nos,
415 2555 497 2624 quos
511 2532 631 2601 ibidem
647 2533 775 2602 invenit
788 2537 909 2626 passim
926 2535 1153 2605 tabellionatus
1164 2534 1314 2604 officium
1329 2555 1425 2604 exer-

287 2668 304 2706 «
328 2649 447 2725 centes,
464 2641 808 2710 excommunicationis
833 2643 966 2712 viuculo
980 2643 1167 2729 innodares,
1184 2652 1216 2711 et
1227 2665 1284 2710 eos
1309 2642 1370 2734 qui
1387 2642 1425 2708 ab

289 2775 305 2814 a
330 2748 394 2815 illis
420 2746 548 2838 publica
575 2748 754 2839 reciperent
769 2749 1005 2828 instrumenta;
1022 2757 1070 2835 tu,
1098 2749 1172 2819 licet
1187 2749 1221 2818 id
1241 2749 1372 2834 feceris,
1387 2771 1427 2815 ex

289 2881 305 2918 n
332 2855 483 2922 mandato
503 2865 611 2922 umen
639 2853 785 2946 praedicti
812 2856 963 2948 Episcopi
990 2856 1202 2925 dissimulasti
1220 2855 1426 2947 postmodum

290 2989 307 3028 a
329 2962 381 3031 de.
393 2960 616 3047 subdiaconis3
642 2962 744 3030 donec
759 2963 897 3052 qualiter
910 2972 1023 3032 contra
1037 2966 1126 3056 ipsos
1138 2974 1171 3032 et
1184 2963 1266 3031 alios
1281 2963 1317 3029 in
1332 2961 1429 3030 saor'u

288 3099 305 3134 a
328 3069 498 3138 ordinibus
513 3069 702 3138 constitutos
718 3068 851 3137 deberes
862 3069 1047 3161 procedere,
1062 3068 1180 3140 Sedem
1190 3068 1326 3138 duceres
1338 3072 1426 3160 Apo·

290 3206 306 3242 o
327 3176 472 3244 stolicam
498 3175 740 3246 consulendam.
765 3178 923 3260 Quocirca
948 3175 1167 3246 Fraterna'toti
1191 3179 1268 3244 Tua
1290 3175 1428 3244 mundu-

293 3313 308 3348 «
332 3305 428 3366 mus,·
442 3297 601 3375 quatenus
615 3283 747 3362 clericas,
766 3284 801 3350 in
816 3285 916 3351 εασνίε
927 3284 1097 3353 ordinibus
1113 3283 1309 3364 constitutis,
1328 3283 1429 3352 tabal-

292 3421 308 3458 ι(
332 3392 475 3460 lionatus
489 3391 636 3480 officiam
652 3411 716 3481 per
731 3390 961 3480 beneficiorum
981 3392 1248 3471 subtractionem,
1275 3391 1429 3482 appello-

292 3527 310 3566 o
334 3500 420 3567 tione
426 3498 622 3589 postposita,
636 3497 821 3566 interdicas.
836 3523 853 3562 n
869 3498 920 3566 Ex
933 3499 988 3566 illo
998 3506 1089 3567 textu
1101 3495 1301 3566 concludunt
1313 3496 1430 3566 unani·

291 3607 388 3676 miter
403 3605 591 3689 canonista,
610 3602 733 3672 clericis
748 3603 782 3672 in
799 3606 898 3672 sacris
913 3605 1083 3673 ordinibus
1098 3603 1283 3673 constitutis
1299 3601 1432 3697 aliquod

291 3715 402 3784 saltem
420 3709 644 3779 tabellionatus
655 3733 712 3778 seu
725 3713 903 3780 notariatus
913 3711 1060 3780 officium
1072 3734 1141 3780 esse
1152 3711 1363 3802 repedariter,
1377 3733 1430 3780 seu

291 3845 350 3914 per
368 3817 500 3887 modum
518 3815 641 3906 regulas
658 3817 831 3906 generalis,
856 3818 1076 3888 interdictum.
1095 3819 1246 3909 Aiiqaeod,
1266 3816 1404 3910 inquam
1422 3843 1428 3882 ε

294 3951 370 3996 nam
383 3925 513 4016 quando
522 3925 682 4014 quaeritur
692 3932 803 3992 utrum
816 3924 912 3993 dictis
924 3926 1050 3994 clericis
1064 3925 1275 3994 interdicatur
1290 3926 1325 3993 vi
1336 3925 1431 4015 hujus

292 4033 460 4103 decretalis
475 4030 654 4100 notariatus
667 4032 872 4120 exercitium,
889 4032 985 4101 etiam
997 4033 1032 4100 in
1046 4033 1151 4101 causis
1162 4033 1390 4124 spiritualibus
1403 4037 1431 4098 et

293 4147 327 4210 in
344 4138 443 4207 curiis
458 4136 689 4222 ecclesiasticis,
706 4159 749 4206 an
764 4161 842 4208 vero
856 4139 1027 4209 dumtaxat
1042 4139 1190 4208 incuriis
1206 4139 1429 4223 saecularibus,

291 4249 358 4344 jam
371 4247 456 4312 inter
471 4267 504 4310 se
514 4267 579 4312 non
588 4245 803 4333 consentiunt,
818 4245 874 4313 sed
887 4246 921 4314 in
933 4247 1039 4316 varias
1051 4247 1226 4315 sententias
1235 4247 1429 4318 scinduntur
