3056 4972
560 473 633 520 rsus
655 473 758 518 rurus.
1169 453 1230 516 133

100 595 200 682 cium;
217 596 283 664 nisi
296 597 378 666 forte
394 597 428 664 in
442 595 550 687 aliqua
564 596 657 664 curia
672 594 884 664 ecclesiastica
898 593 1042 663 officium
1057 592 1138 663 illud
1152 601 1235 662 esset

99 703 281 796 publicum;
300 713 377 774 tunc
391 703 478 773 enim
493 703 535 772 ad
549 702 710 796 ejusmodi
727 702 872 772 altimum
887 702 1069 795 approbati,
1087 701 1237 794 compelli

100 820 226 902 possent
238 812 336 880 ctiam
352 811 458 882 inviti.
476 811 523 880 Ita
538 810 685 882 doctores
698 811 924 880 communiter.

616 1113 713 1206 siv.

152 1301 241 1352 utrum
260 1302 348 1352 clerici
369 1302 470 1366 posunt
490 1301 611 1354 constitui
630 1305 811 1366 procuratores
833 1306 859 1353 st
879 1303 1010 1365 advocati,
1025 1302 1079 1352 sire
1096 1313 1183 1351 corsru

316 1382 504 1444 ecclesiatico,
521 1381 575 1433 slve
593 1395 681 1434 corsus
698 1383 816 1434 seculari
833 1381 909 1434 etism
925 1381 1023 1446 juotcs.

142 1599 216 1668 Non
241 1600 351 1690 parvis
372 1599 618 1668 difficultatibus
643 1600 826 1669 intricatam
853 1601 1063 1693 questionem
1087 1598 1242 1690 aggredi-

104 1729 185 1792 mur,
201 1707 243 1774 ad
263 1727 362 1798 quarn
379 1705 567 1776 solvendam
590 1706 668 1775 utile
685 1707 792 1776 visum
816 1715 864 1775 est
880 1706 987 1774 varios
1009 1706 1153 1797 primum
1173 1705 1242 1772 col-

103 1813 199 1902 ligere
213 1823 323 1882 textus
337 1815 393 1905 qui
410 1835 481 1882 eam
496 1813 659 1882 illustram
675 1822 809 1905 possunt
827 1841 836 1901 ;
855 1823 924 1882 tum
946 1812 1025 1906 quid
1048 1812 1132 1904 juris
1152 1835 1242 1882 com-

104 1921 209 1988 munis
238 1919 334 1988 hodie
361 1921 402 1988 sit
431 1920 642 2012 subjungere.
672 1921 829 2004 Quamvis
861 1930 969 1990 autem
997 1921 1058 1988 sub
1087 1922 1243 2012 praesenti

104 2029 200 2118 capite
222 2049 288 2095 uon
305 2049 442 2116 agamus
457 2027 497 2096 de
519 2028 696 2113 advocatis,
714 2027 769 2096 sed
799 2028 969 2097 dumtaxat
990 2027 1030 2094 de
1052 2036 1243 2119 procurato·

103 2135 207 2220 ribus,
239 2143 372 2224 propter
399 2134 543 2202 materias
571 2135 827 2222 connexionem,
859 2133 939 2226 quid
974 2134 1100 2202 clericis
1135 2133 1241 2228 quoad

104 2251 276 2333 utrumqne
290 2240 436 2310 cilicium
450 2240 544 2310 liceat
557 2242 655 2310 simul
671 2241 722 2310 hic
738 2241 972 2333 expendemus.

658 2542 683 2609 1.

209 2733 377 2798 Callipnntur
394 2734 479 2782 teatin
493 2729 584 2797 quibus
601 2729 737 2780 illustrare
753 2743 827 2793 passe
842 2731 1004 2796 quaestionem
1020 2729 1131 2780 uidetur.

19 2945 20 2958 ¹
145 2949 197 3016 Sic
224 2949 368 3017 decrevit
393 2947 570 3036 Gregorius
592 2946 639 3014 lX
665 2948 853 3014 nnn01230
873 2971 880 3012 ε
904 2948 986 3016 Cum
1007 2946 1182 3015 sacerdotis
1200 2949 1242 3016 sit

103 3055 244 3145 officium
263 3054 348 3121 nulli
366 3074 489 3135 nocere,
507 3051 657 3121 amnibus
673 3065 785 3119 autern
809 3051 889 3119 velle
905 3051 1069 3142 prodesse,
1088 3075 1155 3120 non
1177 3054 1243 3122 nisi

99 3185 160 3252 pro
183 3161 298 3252 serpso,
323 3161 376 3228 uel
396 3159 540 3228 Ecclesia
564 3181 636 3237 sun,
655 3160 707 3226 uel
722 3158 763 3249 (si
783 3158 951 3226 necessitas
973 3158 1157 3250 imminent)
1176 3184 1240 3253 pra

99 3268 241 3359 personis
256 3267 439 3358 conjunctis
449 3279 508 3334 aut
523 3265 772 3344 miserabilibus,
785 3264 848 3334 sibi
862 3264 988 3332 licitum
1004 3279 1050 3333 est
1056 3268 1238 3358 postulare.

106 3375 244 3442 Clericus
259 3387 382 3454 curem,
398 3373 456 3464 qni
466 3385 580 3440 cantra
595 3372 776 3441 Ecclesiam
787 3393 809 3438 a
821 3393 886 3462 qna
902 3371 1091 3461 beneficium
1105 3373 1239 3458 obtinet,

101 3505 163 3574 pro
177 3481 339 3552 extraneis
351 3479 527 3548 advocatus
537 3480 589 3548 uel
596 3491 796 3569 procurator
806 3499 869 3545 csse
880 3478 1065 3569 praesumit,
1079 3490 1240 3572 tanquam

105 3591 250 3680 inpratns
260 3601 368 3681 potest
384 3587 542 3679 (manime
555 3586 584 3654 si
597 3585 729 3654 clericus
743 3585 787 3652 sit
801 3584 948 3675 ejusdcm
962 3586 1126 3676 Ecclesia)
1142 3586 1240 3655 benc-

102 3697 175 3786 fia'o
189 3693 383 3788 bujnsmacli
396 3692 543 3786 spoliari.
555 3693 645 3784 (Cap.
663 3696 695 3778 3,
706 3691 792 3759 tituli
808 3695 861 3776 37,
872 3691 948 3758 libri
965 3695 978 3758 l
995 3693 1238 3784 Decretalium.)

147 3806 323 3874 Concilium
339 3803 554 3871 Lateranense
567 3801 646 3868 anni
660 3803 743 3868 1179
758 3825 766 3867 :
783 3799 899 3870 Clerici
911 3800 945 3868 in
959 3799 1196 3868 subdiaconatu
1210 3817 1241 3871 ct

104 3935 201 4003 supra
218 3913 259 4003 (et
275 3914 311 3979 in
326 3909 492 3979 ordinibus
508 3931 634 4000 quoquc
651 3907 832 3975 minoribus
847 3907 875 3975 si
890 3906 1060 3998 stipnrdiis
1079 3908 1242 3978 ecclesias-

107 4019 175 4086 ticis
188 4016 430 4107 sustententur),
447 4039 559 4085 coram
580 4016 731 4085 sanclari
741 4015 857 4106 jndice
872 4013 1026 4082 advocati
1047 4015 1083 4081 in
1105 4018 1243 4106 nepotiis

106 4127 309 4196 sanioribus
329 4122 405 4216 fleri
425 4147 491 4193 non
513 4135 739 4214 praesumant,·
758 4123 821 4189 nisi
840 4121 1017 4214 propriam
1038 4145 1173 4191 causam
1195 4127 1246 4194 uel

109 4236 252 4304 Ecclesia
273 4255 340 4302 sua
359 4233 483 4324 stcerint
508 4231 709 4322 prosequuti,
733 4243 792 4297 aut
816 4253 878 4320 pro
902 4228 1140 4300 manantibus
1158 4236 1245 4324 forte

262 4363 282 4408 1.
1046 4341 1083 4401 13
