3062 4968
563 478 636 524 rans
659 479 761 524 sarna.
1176 457 1234 520 139

95 607 157 668 test
179 599 408 686 condemnare,
428 601 469 670 ob
491 601 726 691 probabiliores
753 601 793 669 de
821 600 924 692 ipsius
952 600 1067 670 delicto
1091 599 1238 668 obtentas

93 707 313 798 probationes.
332 706 396 776 Sed
419 708 460 776 ad
485 707 770 776 condemnandum
798 707 978 799 requiritur
998 709 1031 775 in
1050 707 1155 775 causis
1175 706 1239 772 cri⁴

92 814 271 882 minalibus
287 815 433 906 probatio
451 824 537 884 certa
553 843 559 882 :
579 827 675 907 prout
690 813 778 884 intra
793 839 852 884 suo
868 816 937 884 loco
952 815 1088 884 dicetur.

137 923 218 989 ltam
231 920 267 988 iu
278 922 383 990 musis
398 923 703 1009 matrimonialibus,
714 945 788 1015 quae
801 922 1026 990 criminalibus
1042 922 1240 1014 aequiparari

91 1028 262 1115 dicuutur,
278 1037 364 1097 certa
382 1030 571 1120 probatione
586 1053 669 1121 orpus
684 1039 744 1118 est,
762 1043 797 1098 ut
818 1029 920 1121 judex
946 1028 1146 1098 matrimonii
1161 1027 1241 1096 uul-

91 1135 215 1204 litatum
241 1137 452 1228 pronuntiare
475 1139 593 1228 possit,
611 1147 708 1230 prout
727 1138 823 1206 etiam
849 1161 909 1207 suo
933 1137 1004 1205 loeo
1019 1136 1105 1204 iufra
1129 1136 1239 1205 trade-

93 1265 178 1311 mus.

137 1355 170 1418 2.
187 1351 388 1420 Remanente
406 1375 464 1443 pro
481 1361 617 1444 utraque
644 1363 735 1444 parto
756 1353 873 1444 aequali
892 1353 977 1444 juris
999 1350 1235 1444 probabilitate,

93 1466 222 1526 tenetur
233 1457 335 1548 judex
359 1460 391 1527 in
413 1459 556 1527 favorem
584 1460 630 1526 mi
654 1483 711 1527 seu
736 1460 928 1550 possessoris
950 1459 1175 1551 pronuntiare.
1192 1459 1240 1526 lta

91 1565 189 1634 dictat
208 1575 293 1634 recta
313 1567 409 1653 ratio,
425 1576 456 1634 11
471 1576 627 1659 praeterea
642 1567 785 1658 disponit
799 1589 951 1659 expresse
964 1567 1019 1658 jus
1032 1566 1236 1634 canonicum.

91 1672 172 1740 Nam
191 1673 296 1763 capito
313 1675 397 1740 Corn
421 1687 496 1742 sant
516 1678 566 1761 11,
584 1673 624 1742 cle
640 1675 770 1765 nepotis
785 1675 888 1766 juris,
906 1675 939 1740 in
957 1679 989 1762 6,
1005 1674 1050 1740 111
1072 1673 1209 1740 babetur
1227 1699 1236 1739 ι

94 1782 177 1847 Cum
201 1793 276 1847 sunt
297 1782 449 1872 portium
470 1783 556 1873 jnrc
585 1783 732 1864 obscura,
758 1805 812 1850 reo
836 1780 1015 1874 favendum
1044 1793 1101 1862 est,
1124 1781 1237 1870 potins

91 1911 194 1979 qnam
210 1890 325 1957 actori.
343 1889 384 1957 Et
406 1890 510 1981 capite
533 1893 571 1957 ln
588 1891 671 1982 pori
687 1893 740 1978 65,
758 1889 798 1958 de
818 1889 948 1980 Repertis
964 1886 1068 1978 juris,
1085 1888 1118 1954 iu
1136 1891 1153 1954 6
1174 1914 1182 1954 :
1200 1890 1238 1954 ln

86 1997 167 2084 pari
179 1995 297 2064 delicto
322 1997 373 2064 vel
386 2019 496 2078 consa,
511 1998 622 2087 potior
636 2010 682 2064 est
697 1996 838 2066 conditio
853 1995 1060 2088 possidentes,
1077 1995 1118 2062 Et
1135 1994 1238 2086 capite

90 2105 144 2169 Ea
159 2103 279 2170 littoris
303 2103 388 2190 3,(11
411 2103 688 2172 probationibus:
706 2103 803 2188 Quod
825 2105 854 2171 si
881 2103 1058 2172 ambarum
1080 2101 1232 2193 partium

90 2223 182 2278 testes
205 2223 281 2278 sant
314 2233 404 2302 reque
433 2209 550 2292 idonei,
572 2209 761 2302 possessoris
791 2223 883 2278 testea
903 2213 1139 2303 praeferantur,
1160 2231 1235 2276 oum

86 2318 298 2409 promptiora
307 2319 373 2386 sint
379 2319 464 2408 jura
473 2317 520 2386 od
529 2318 759 2388 absolvendum
769 2341 869 2410 qnam
881 2317 927 2386 od
936 2315 1231 2387 condemnandum.

133 2429 165 2493 3.
194 2427 224 2493 A
250 2421 446 2517 praecedeuti
477 2426 592 2515 regula
619 2425 820 2518 excipienda
848 2434 924 2494 suut
948 2445 1053 2494 causae
1081 2423 1232 2516 quadam

89 2532 318 2622 privilegiatae,
336 2553 410 2624 qua
427 2531 575 2600 taberolos
594 2535 627 2601 iu
648 2533 723 2624 jura
746 2533 810 2602 dici
828 2533 943 2621 solent,
960 2543 990 2600 11
1004 2533 1235 2624 exprimuntur

89 2639 142 2708 bis
157 2640 338 2710 versibus:

247 2819 308 2872 Stat
328 2823 534 2884 testamentum,
554 2823 675 2884 libertas,
695 2823 867 2888 conjugium,
891 2823 950 2884 dos,

246 2901 276 2953 Si
291 2905 356 2952 sunt
367 2902 489 2968 aquales
502 2903 550 2968 qui
563 2902 753 2967 producuntur
769 2904 906 2969 utrinqne.

130 3065 235 3132 Debet
251 3085 366 3155 nempe
377 3063 494 3154 judex,
514 3064 549 3130 in
565 3085 642 3132 casu
658 3065 795 3156 aequalis
809 3067 963 3160 utrinque
986 3065 1230 3160 probabilitatis,

28 3227 29 3230 ,
88 3173 305 3263 pronuntiare
320 3193 380 3262 pro
392 3171 502 3240 valore
516 3172 728 3259 matrimonii,
741 3173 829 3265 qnod
846 3175 973 3243 nullum
985 3197 1054 3243 esse
1069 3173 1236 3243 contendit

88 3302 173 3346 riuus
183 3300 226 3346 ex
236 3277 458 3366 litigantibus3
475 3279 629 3369 quamvis
645 3302 732 3370 pars,
745 3303 819 3372 quas
834 3303 893 3372 pro
906 3282 1014 3351 valore
1030 3281 1230 3350 matrimonii

13 3371 21 3386 L*
87 3385 264 3474 1111811111
287 3384 423 3474 ipsamet
440 3393 543 3452 actor.
571 3385 611 3454 Et
633 3385 719 3454 idem
746 3388 920 3457 dicendum
945 3388 985 3456 dc
1000 3389 1108 3457 valore
1132 3397 1233 3456 testa-

19 3573 20 3580 ,
87 3492 200 3578 ruenti,
219 3497 252 3557 et
274 3489 440 3558 devolare
457 3499 550 3560 actus
569 3515 635 3584 quo
658 3493 718 3561 dos
738 3497 911 3563 constituta
934 3495 1016 3581 fnit3
1035 3496 1118 3563 sieut
1137 3495 1233 3563 etiam

85 3599 163 3666 olim
177 3599 213 3665 iu
227 3619 334 3684 causa,
344 3619 387 3665 an
397 3598 519 3689 uliquis
532 3609 616 3668 11111
630 3601 757 3669 servilis
771 3603 975 3690 conditionis,
987 3600 1233 3693 debebatjudex

89 3705 176 3794 (dato
200 3727 277 3772 casu
300 3705 438 3797 aqualis
462 3707 615 3798 utrinque
640 3708 891 3799 probabilitatis)
909 3709 943 3778 in
963 3712 1109 3779 favorem
1127 3709 1232 3776 liber-

14 3812 21 3904 1
85 3811 159 3878 11111
180 3811 406 3901 pronuntiare.
434 3811 595 3880 Probatur
617 3821 725 3882 autem
754 3818 785 3879 t⁰
808 3816 911 3905 capite
933 3818 989 3883 Ea
1013 3815 1130 3883 litteris
1145 3817 1176 3902 3,
1195 3813 1235 3882 de

87 3917 353 4000 halationibus,
370 3919 498 4010 inquo,
515 3927 685 4010 postquam
703 3919 896 4012 dispositum
913 3921 986 4010 tuit,
1000 3921 1106 4014 quoad
1121 3945 1231 3991 casum

87 4024 224 4115 aqualis
239 4025 393 4117 utrinque
409 4025 658 4117 probabilitatis,
671 4029 706 4094 iu
723 4027 867 4096 favorem
887 4030 937 4097 rei
961 4051 1017 4096 seu
1038 4029 1233 4119 possidentis

14 4123 29 4227 s
86 4153 154 4199 osse
165 4131 399 4223 judicandum,
412 4134 626 4223 subjungitur
640 4157 793 4227 crprasse
810 4136 894 4204 dicta
908 4136 1067 4227 exceptio,
1090 4136 1142 4204 bis
1167 4148 1233 4205 tar-

18 4232 26 4335 1
88 4239 187 4306 orinia
205 4266 212 4305 :
232 4241 457 4332 Praterpuom
469 4240 652 4312 inliberali
665 4265 775 4325 conso,
795 4245 830 4312 in
846 4267 912 4338 qno
927 4243 957 4312 si
968 4243 1137 4338 utrimque
1146 4267 1237 4336 por-v
