<?xml version="1.0" encoding="UTF-8"?>
<!DOCTYPE html PUBLIC "-//W3C//DTD XHTML 1.0 Transitional//EN"
    "http://www.w3.org/TR/xhtml1/DTD/xhtml1-transitional.dtd">
<html xmlns="http://www.w3.org/1999/xhtml" xml:lang="en" lang="en">
 <head>
  <title>
</title>
<meta http-equiv="Content-Type" content="text/html;charset=utf-8" />
  <meta name='ocr-system' content='tesseract 3.04.00' />
  <meta name='ocr-capabilities' content='ocr_page ocr_carea ocr_par ocr_line ocrx_word'/>
</head>
<body>
  <div class='ocr_page' id='page_1' title='image "./tractatusdejudi01goog_0522.png"; bbox 0 0 3030 4980; ppageno 0'>
   <div class='ocr_carea' id='block_1_1' title="bbox 534 459 1220 526">
    <p class='ocr_par' dir='ltr' id='par_1_1' title="bbox 534 459 1220 526">
     <span class='ocr_line' id='line_1_1' title="bbox 534 459 1220 526; baseline 0 -2"><span class='ocrx_word' id='word_1_1' title='bbox 534 478 610 526; x_wconf 81' lang='lat' dir='ltr'><strong>ruas</strong></span> <span class='ocrx_word' id='word_1_2' title='bbox 632 477 777 526; x_wconf 78' lang='lat' dir='ltr'><strong>sacrans.</strong></span> <span class='ocrx_word' id='word_1_3' title='bbox 1163 459 1220 525; x_wconf 83' lang='lat' dir='ltr'><strong>su</strong></span> 
     </span>
    </p>
   </div>
   <div class='ocr_carea' id='block_1_2' title="bbox 79 597 1226 1122">
    <p class='ocr_par' dir='ltr' id='par_1_2' title="bbox 79 597 1226 1122">
     <span class='ocr_line' id='line_1_2' title="bbox 79 597 1226 692; baseline 0.002 -26"><span class='ocrx_word' id='word_1_4' title='bbox 79 597 187 687; x_wconf 90' lang='lat' dir='ltr'><strong>solita,</strong></span> <span class='ocrx_word' id='word_1_5' title='bbox 216 597 391 691; x_wconf 70' lang='lat' dir='ltr'>loquantur</span> <span class='ocrx_word' id='word_1_6' title='bbox 417 598 537 692; x_wconf 84' lang='lat' dir='ltr'><strong>passim</strong></span> <span class='ocrx_word' id='word_1_7' title='bbox 563 599 720 669; x_wconf 89' lang='lat' dir='ltr'><strong>doctores.</strong></span> <span class='ocrx_word' id='word_1_8' title='bbox 745 598 816 668; x_wconf 92' lang='lat' dir='ltr'><strong>lmo</strong></span> <span class='ocrx_word' id='word_1_9' title='bbox 839 597 1029 692; x_wconf 77' lang='lat' dir='ltr'><strong>antiquitate</strong></span> <span class='ocrx_word' id='word_1_10' title='bbox 1050 601 1226 669; x_wconf 85' lang='lat' dir='ltr'><strong>venerabi·</strong></span> 
     </span>
     <span class='ocr_line' id='line_1_3' title="bbox 79 704 1223 798; baseline 0 -25"><span class='ocrx_word' id='word_1_11' title='bbox 79 704 144 774; x_wconf 91' lang='lat' dir='ltr'><strong>lem</strong></span> <span class='ocrx_word' id='word_1_12' title='bbox 158 704 319 797; x_wconf 84' lang='lat' dir='ltr'><strong>ejusmodi</strong></span> <span class='ocrx_word' id='word_1_13' title='bbox 335 705 463 798; x_wconf 83' lang='lat' dir='ltr'><strong>praxim</strong></span> <span class='ocrx_word' id='word_1_14' title='bbox 481 714 639 775; x_wconf 79' lang='lat' dir='ltr'><strong>testantur</strong></span> <span class='ocrx_word' id='word_1_15' title='bbox 659 707 801 798; x_wconf 89' lang='lat' dir='ltr'><strong>plurima</strong></span> <span class='ocrx_word' id='word_1_16' title='bbox 816 706 918 774; x_wconf 90' lang='lat' dir='ltr'><strong>medii</strong></span> <span class='ocrx_word' id='word_1_17' title='bbox 936 707 1001 775; x_wconf 83' lang='lat' dir='ltr'><strong>aevi</strong></span> <span class='ocrx_word' id='word_1_18' title='bbox 1018 707 1223 795; x_wconf 89' lang='lat' dir='ltr'><strong>documenta,</strong></span> 
     </span>
     <span class='ocr_line' id='line_1_4' title="bbox 79 813 1224 908; baseline 0.004 -27"><span class='ocrx_word' id='word_1_19' title='bbox 79 813 200 904; x_wconf 82' lang='lat' dir='ltr'><strong>quibus</strong></span> <span class='ocrx_word' id='word_1_20' title='bbox 220 813 291 882; x_wconf 79' lang='lat' dir='ltr'><strong>haec</strong></span> <span class='ocrx_word' id='word_1_21' title='bbox 309 821 366 882; x_wconf 90' lang='lat' dir='ltr'><strong>aut</strong></span> <span class='ocrx_word' id='word_1_22' title='bbox 386 814 586 908; x_wconf 76' lang='lat' dir='ltr'><strong>aequivalens</strong></span> <span class='ocrx_word' id='word_1_23' title='bbox 606 813 803 907; x_wconf 85' lang='lat' dir='ltr'><strong>subscriptio</strong></span> <span class='ocrx_word' id='word_1_24' title='bbox 824 813 1033 906; x_wconf 86' lang='lat' dir='ltr'><strong>appenditur,</strong></span> <span class='ocrx_word' id='word_1_25' title='bbox 1057 836 1115 904; x_wconf 77' lang='lat' dir='ltr'><strong>epo</strong></span> <span class='ocrx_word' id='word_1_26' title='bbox 1134 816 1224 902; x_wconf 65' lang='lat' dir='ltr'><strong>Nm,</strong></span> 
     </span>
     <span class='ocr_line' id='line_1_5' title="bbox 80 919 1226 1012; baseline 0.002 -24"><span class='ocrx_word' id='word_1_27' title='bbox 80 921 232 989; x_wconf 66' lang='lat' dir='ltr'><strong>notamus</strong></span> <span class='ocrx_word' id='word_1_28' title='bbox 252 921 405 1012; x_wconf 80' lang='lat' dir='ltr'><strong>juratas.</strong></span> <span class='ocrx_word' id='word_1_29' title='bbox 434 920 657 991; x_wconf 85' lang='lat' dir='ltr'><strong>Nihilominus</strong></span> <span class='ocrx_word' id='word_1_30' title='bbox 681 919 799 990; x_wconf 88' lang='lat' dir='ltr'><strong>dictam</strong></span> <span class='ocrx_word' id='word_1_31' title='bbox 825 920 1061 990; x_wconf 84' lang='lat' dir='ltr'><strong>solemnitatem</strong></span> <span class='ocrx_word' id='word_1_32' title='bbox 1086 919 1127 990; x_wconf 88' lang='lat' dir='ltr'><strong>de</strong></span> <span class='ocrx_word' id='word_1_33' title='bbox 1151 919 1226 1012; x_wconf 86' lang='lat' dir='ltr'><strong>jure</strong></span> 
     </span>
     <span class='ocr_line' id='line_1_6' title="bbox 79 1025 1224 1122; baseline 0.001 -27"><span class='ocrx_word' id='word_1_34' title='bbox 79 1027 246 1096; x_wconf 88' lang='lat' dir='ltr'><strong>communi</strong></span> <span class='ocrx_word' id='word_1_35' title='bbox 264 1049 333 1098; x_wconf 88' lang='lat' dir='ltr'><strong>esse</strong></span> <span class='ocrx_word' id='word_1_36' title='bbox 349 1029 409 1097; x_wconf 93' lang='lat' dir='ltr'><strong>sub</strong></span> <span class='ocrx_word' id='word_1_37' title='bbox 424 1035 599 1121; x_wconf 71' lang='lat' dir='ltr'><strong>praecepto,</strong></span> <span class='ocrx_word' id='word_1_38' title='bbox 617 1037 649 1097; x_wconf 89' lang='lat' dir='ltr'><strong>et</strong></span> <span class='ocrx_word' id='word_1_39' title='bbox 667 1025 850 1122; x_wconf 76' lang='lat' dir='ltr'><strong>praesertim</strong></span> <span class='ocrx_word' id='word_1_40' title='bbox 865 1027 927 1096; x_wconf 89' lang='lat' dir='ltr'><strong>sub</strong></span> <span class='ocrx_word' id='word_1_41' title='bbox 943 1026 1100 1098; x_wconf 86' lang='lat' dir='ltr'><strong>nullitatis</strong></span> <span class='ocrx_word' id='word_1_42' title='bbox 1115 1049 1224 1119; x_wconf 76' lang='lat' dir='ltr'><strong>paena,</strong></span> 
     </span>
    </p>
   </div>
   <div class='ocr_carea' id='block_1_3' title="bbox 76 1132 1226 2406">
    <p class='ocr_par' dir='ltr' id='par_1_3' title="bbox 76 1132 1226 2406">
     <span class='ocr_line' id='line_1_7' title="bbox 81 1132 1222 1226; baseline 0.003 -25"><span class='ocrx_word' id='word_1_43' title='bbox 81 1133 318 1225; x_wconf 87' lang='lat' dir='ltr'><strong>usurpandam,</strong></span> <span class='ocrx_word' id='word_1_44' title='bbox 344 1134 435 1206; x_wconf 91' lang='lat' dir='ltr'><strong>nullo</strong></span> <span class='ocrx_word' id='word_1_45' title='bbox 462 1143 553 1205; x_wconf 83' lang='lat' dir='ltr'><strong>textu</strong></span> <span class='ocrx_word' id='word_1_46' title='bbox 577 1135 659 1224; x_wconf 83' lang='lat' dir='ltr'><strong>legis</strong></span> <span class='ocrx_word' id='word_1_47' title='bbox 680 1132 845 1204; x_wconf 76' lang='lat' dir='ltr'><strong>canonican</strong></span> <span class='ocrx_word' id='word_1_48' title='bbox 871 1157 1061 1226; x_wconf 84' lang='lat' dir='ltr'><strong>expressum</strong></span> <span class='ocrx_word' id='word_1_49' title='bbox 1084 1135 1222 1226; x_wconf 82' lang='lat' dir='ltr'><strong>reperio.</strong></span> 
     </span>
     <span class='ocr_line' id='line_1_8' title="bbox 79 1241 1225 1334; baseline 0.002 -26"><span class='ocrx_word' id='word_1_50' title='bbox 79 1241 284 1334; x_wconf 83' lang='lat' dir='ltr'><strong>Praescripsit</strong></span> <span class='ocrx_word' id='word_1_51' title='bbox 301 1242 433 1334; x_wconf 88' lang='lat' dir='ltr'><strong>quidem</strong></span> <span class='ocrx_word' id='word_1_52' title='bbox 456 1241 607 1312; x_wconf 86' lang='lat' dir='ltr'><strong>Clemens</strong></span> <span class='ocrx_word' id='word_1_53' title='bbox 621 1241 653 1312; x_wconf 85' lang='lat' dir='ltr'>V</span> <span class='ocrx_word' id='word_1_54' title='bbox 668 1241 702 1310; x_wconf 92' lang='lat' dir='ltr'><strong>in</strong></span> <span class='ocrx_word' id='word_1_55' title='bbox 717 1241 856 1312; x_wconf 89' lang='lat' dir='ltr'><strong>concilio</strong></span> <span class='ocrx_word' id='word_1_56' title='bbox 871 1241 1052 1310; x_wconf 87' lang='lat' dir='ltr'><strong>Viennensi</strong></span> <span class='ocrx_word' id='word_1_57' title='bbox 1066 1241 1225 1332; x_wconf 85' lang='lat' dir='ltr'><strong>ejusmodi</strong></span> 
     </span>
     <span class='ocr_line' id='line_1_9' title="bbox 76 1349 1226 1442; baseline 0 -24"><span class='ocrx_word' id='word_1_58' title='bbox 76 1349 314 1441; x_wconf 86' lang='lat' dir='ltr'><strong>jurameutum,</strong></span> <span class='ocrx_word' id='word_1_59' title='bbox 331 1358 428 1442; x_wconf 86' lang='lat' dir='ltr'><strong>atque</strong></span> <span class='ocrx_word' id='word_1_60' title='bbox 443 1352 541 1420; x_wconf 90' lang='lat' dir='ltr'><strong>etiam</strong></span> <span class='ocrx_word' id='word_1_61' title='bbox 557 1351 733 1420; x_wconf 88' lang='lat' dir='ltr'><strong>formulam</strong></span> <span class='ocrx_word' id='word_1_62' title='bbox 748 1371 813 1442; x_wconf 87' lang='lat' dir='ltr'><strong>qua</strong></span> <span class='ocrx_word' id='word_1_63' title='bbox 828 1349 977 1442; x_wconf 74' lang='lat' dir='ltr'><strong>praestari</strong></span> <span class='ocrx_word' id='word_1_64' title='bbox 992 1349 1129 1418; x_wconf 85' lang='lat' dir='ltr'><strong>debebat</strong></span> <span class='ocrx_word' id='word_1_65' title='bbox 1145 1377 1152 1418; x_wconf 76' lang='grc' dir='ltr'><strong>ε</strong></span> <span class='ocrx_word' id='word_1_66' title='bbox 1169 1351 1226 1418; x_wconf 89' lang='lat' dir='ltr'><strong>sed</strong></span> 
     </span>
     <span class='ocr_line' id='line_1_10' title="bbox 79 1455 1225 1550; baseline 0.001 -26"><span class='ocrx_word' id='word_1_67' title='bbox 79 1479 118 1525; x_wconf 90' lang='lat' dir='ltr'><strong>ea</strong></span> <span class='ocrx_word' id='word_1_68' title='bbox 139 1457 308 1550; x_wconf 87' lang='lat' dir='ltr'><strong>dispositio</strong></span> <span class='ocrx_word' id='word_1_69' title='bbox 331 1458 462 1549; x_wconf 85' lang='lat' dir='ltr'><strong>respicit</strong></span> <span class='ocrx_word' id='word_1_70' title='bbox 483 1459 654 1528; x_wconf 85' lang='lat' dir='ltr'><strong>dumtaxat</strong></span> <span class='ocrx_word' id='word_1_71' title='bbox 676 1457 886 1550; x_wconf 83' lang='lat' dir='ltr'><strong>privilegium</strong></span> <span class='ocrx_word' id='word_1_72' title='bbox 911 1457 1028 1546; x_wconf 80' lang='lat' dir='ltr'><strong>viginti</strong></span> <span class='ocrx_word' id='word_1_73' title='bbox 1045 1455 1225 1526; x_wconf 85' lang='lat' dir='ltr'><strong>Galliarum</strong></span> 
     </span>
     <span class='ocr_line' id='line_1_11' title="bbox 80 1563 1225 1656; baseline 0.002 -25"><span class='ocrx_word' id='word_1_74' title='bbox 80 1563 248 1656; x_wconf 87' lang='lat' dir='ltr'><strong>Episcopis</strong></span> <span class='ocrx_word' id='word_1_75' title='bbox 272 1572 342 1634; x_wconf 90' lang='lat' dir='ltr'><strong>tum</strong></span> <span class='ocrx_word' id='word_1_76' title='bbox 370 1586 574 1652; x_wconf 87' lang='lat' dir='ltr'><strong>eoncessum;</strong></span> <span class='ocrx_word' id='word_1_77' title='bbox 604 1575 641 1633; x_wconf 92' lang='lat' dir='ltr'><strong>ut</strong></span> <span class='ocrx_word' id='word_1_78' title='bbox 669 1571 775 1655; x_wconf 89' lang='lat' dir='ltr'><strong>posset</strong></span> <span class='ocrx_word' id='word_1_79' title='bbox 802 1585 919 1654; x_wconf 86' lang='lat' dir='ltr'><strong>nempe</strong></span> <span class='ocrx_word' id='word_1_80' title='bbox 944 1584 1059 1634; x_wconf 89' lang='lat' dir='ltr'><strong>eorum</strong></span> <span class='ocrx_word' id='word_1_81' title='bbox 1088 1563 1225 1656; x_wconf 86' lang='lat' dir='ltr'><strong>quisque</strong></span> 
     </span>
     <span class='ocr_line' id='line_1_12' title="bbox 81 1669 1225 1763; baseline 0.003 -25"><span class='ocrx_word' id='word_1_82' title='bbox 81 1670 165 1740; x_wconf 89' lang='lat' dir='ltr'><strong>duos</strong></span> <span class='ocrx_word' id='word_1_83' title='bbox 183 1671 325 1740; x_wconf 85' lang='lat' dir='ltr'><strong>notarios</strong></span> <span class='ocrx_word' id='word_1_84' title='bbox 347 1671 538 1763; x_wconf 85' lang='lat' dir='ltr'><strong>apostolicos</strong></span> <span class='ocrx_word' id='word_1_85' title='bbox 563 1693 684 1741; x_wconf 86' lang='lat' dir='ltr'><strong>creare.</strong></span> <span class='ocrx_word' id='word_1_86' title='bbox 704 1669 800 1740; x_wconf 87' lang='lat' dir='ltr'><strong>Unde</strong></span> <span class='ocrx_word' id='word_1_87' title='bbox 823 1669 911 1761; x_wconf 90' lang='lat' dir='ltr'><strong>quod</strong></span> <span class='ocrx_word' id='word_1_88' title='bbox 931 1670 1044 1739; x_wconf 88' lang='lat' dir='ltr'><strong>attinet</strong></span> <span class='ocrx_word' id='word_1_89' title='bbox 1066 1669 1108 1738; x_wconf 90' lang='lat' dir='ltr'><strong>ad</strong></span> <span class='ocrx_word' id='word_1_90' title='bbox 1128 1681 1225 1741; x_wconf 88' lang='lat' dir='ltr'><strong>nota-</strong></span> 
     </span>
     <span class='ocr_line' id='line_1_13' title="bbox 80 1775 1226 1871; baseline 0 -25"><span class='ocrx_word' id='word_1_91' title='bbox 80 1777 148 1846; x_wconf 84' lang='lat' dir='ltr'><strong>rios</strong></span> <span class='ocrx_word' id='word_1_92' title='bbox 162 1777 343 1848; x_wconf 88' lang='lat' dir='ltr'><strong>ordinarios</strong></span> <span class='ocrx_word' id='word_1_93' title='bbox 358 1786 390 1847; x_wconf 86' lang='lat' dir='ltr'><strong>et</strong></span> <span class='ocrx_word' id='word_1_94' title='bbox 406 1777 461 1871; x_wconf 86' lang='lat' dir='ltr'><strong>jus</strong></span> <span class='ocrx_word' id='word_1_95' title='bbox 481 1800 666 1865; x_wconf 88' lang='lat' dir='ltr'><strong>commuue,</strong></span> <span class='ocrx_word' id='word_1_96' title='bbox 688 1776 818 1848; x_wconf 87' lang='lat' dir='ltr'><strong>videtur</strong></span> <span class='ocrx_word' id='word_1_97' title='bbox 836 1775 1111 1864; x_wconf 88' lang='lat' dir='ltr'><strong>concludendum,</strong></span> <span class='ocrx_word' id='word_1_98' title='bbox 1133 1799 1226 1869; x_wconf 84' lang='lat' dir='ltr'><strong>prae-</strong></span> 
     </span>
     <span class='ocr_line' id='line_1_14' title="bbox 80 1883 1225 1976; baseline 0.003 -24"><span class='ocrx_word' id='word_1_99' title='bbox 80 1883 199 1954; x_wconf 86' lang='lat' dir='ltr'><strong>dietam</strong></span> <span class='ocrx_word' id='word_1_100' title='bbox 216 1885 396 1976; x_wconf 84' lang='lat' dir='ltr'><strong>juramenti</strong></span> <span class='ocrx_word' id='word_1_101' title='bbox 416 1884 651 1955; x_wconf 86' lang='lat' dir='ltr'><strong>solemnitatem</strong></span> <span class='ocrx_word' id='word_1_102' title='bbox 667 1886 702 1953; x_wconf 94' lang='lat' dir='ltr'><strong>in</strong></span> <span class='ocrx_word' id='word_1_103' title='bbox 719 1884 921 1954; x_wconf 88' lang='lat' dir='ltr'><strong>notariorum</strong></span> <span class='ocrx_word' id='word_1_104' title='bbox 938 1883 1101 1954; x_wconf 86' lang='lat' dir='ltr'><strong>creatione</strong></span> <span class='ocrx_word' id='word_1_105' title='bbox 1117 1886 1225 1955; x_wconf 89' lang='lat' dir='ltr'><strong>stricte</strong></span> 
     </span>
     <span class='ocr_line' id='line_1_15' title="bbox 80 1989 1225 2082; baseline 0.001 -23"><span class='ocrx_word' id='word_1_106' title='bbox 80 1991 307 2082; x_wconf 83' lang='lat' dir='ltr'><strong>obligatoriam</strong></span> <span class='ocrx_word' id='word_1_107' title='bbox 326 2015 392 2061; x_wconf 91' lang='lat' dir='ltr'><strong>uon</strong></span> <span class='ocrx_word' id='word_1_108' title='bbox 410 2015 492 2062; x_wconf 86' lang='lat' dir='ltr'><strong>esse.</strong></span> <span class='ocrx_word' id='word_1_109' title='bbox 514 1991 620 2072; x_wconf 82' lang='lat' dir='ltr'><strong>Quam</strong></span> <span class='ocrx_word' id='word_1_110' title='bbox 640 2002 748 2061; x_wconf 86' lang='lat' dir='ltr'><strong>autem</strong></span> <span class='ocrx_word' id='word_1_111' title='bbox 768 1989 932 2059; x_wconf 85' lang='lat' dir='ltr'><strong>laudabile</strong></span> <span class='ocrx_word' id='word_1_112' title='bbox 950 1990 994 2060; x_wconf 91' lang='lat' dir='ltr'><strong>sit</strong></span> <span class='ocrx_word' id='word_1_113' title='bbox 1009 2013 1081 2060; x_wconf 90' lang='lat' dir='ltr'><strong>eam</strong></span> <span class='ocrx_word' id='word_1_114' title='bbox 1100 1993 1225 2060; x_wconf 90' lang='lat' dir='ltr'><strong>servari</strong></span> 
     </span>
     <span class='ocr_line' id='line_1_16' title="bbox 80 2096 1223 2192; baseline 0.002 -26"><span class='ocrx_word' id='word_1_115' title='bbox 80 2099 160 2168; x_wconf 90' lang='lat' dir='ltr'><strong>satis</strong></span> <span class='ocrx_word' id='word_1_116' title='bbox 174 2121 216 2168; x_wconf 86' lang='lat' dir='ltr'><strong>ex</strong></span> <span class='ocrx_word' id='word_1_117' title='bbox 237 2097 331 2169; x_wconf 86' lang='lat' dir='ltr'><strong>dictis</strong></span> <span class='ocrx_word' id='word_1_118' title='bbox 344 2107 441 2192; x_wconf 87' lang='lat' dir='ltr'><strong>patet.</strong></span> <span class='ocrx_word' id='word_1_119' title='bbox 459 2099 501 2168; x_wconf 88' lang='lat' dir='ltr'><strong>Et</strong></span> <span class='ocrx_word' id='word_1_120' title='bbox 516 2099 709 2185; x_wconf 88' lang='lat' dir='ltr'><strong>notandum,</strong></span> <span class='ocrx_word' id='word_1_121' title='bbox 727 2106 800 2189; x_wconf 91' lang='lat' dir='ltr'><strong>post</strong></span> <span class='ocrx_word' id='word_1_122' title='bbox 811 2096 989 2189; x_wconf 85' lang='lat' dir='ltr'><strong>juramenti</strong></span> <span class='ocrx_word' id='word_1_123' title='bbox 1002 2098 1223 2188; x_wconf 88' lang='lat' dir='ltr'><strong>emissionem,</strong></span> 
     </span>
     <span class='ocr_line' id='line_1_17' title="bbox 81 2205 1223 2299; baseline 0.002 -25"><span class='ocrx_word' id='word_1_124' title='bbox 81 2207 252 2299; x_wconf 84' lang='lat' dir='ltr'><strong>perjurum</strong></span> <span class='ocrx_word' id='word_1_125' title='bbox 272 2207 345 2276; x_wconf 85' lang='lat' dir='ltr'><strong>lieri</strong></span> <span class='ocrx_word' id='word_1_126' title='bbox 361 2207 537 2294; x_wconf 88' lang='lat' dir='ltr'><strong>notarium,</strong></span> <span class='ocrx_word' id='word_1_127' title='bbox 554 2206 612 2298; x_wconf 92' lang='lat' dir='ltr'><strong>qui</strong></span> <span class='ocrx_word' id='word_1_128' title='bbox 626 2230 646 2276; x_wconf 88' lang='lat' dir='ltr'><strong>a</strong></span> <span class='ocrx_word' id='word_1_129' title='bbox 659 2229 692 2274; x_wconf 88' lang='lat' dir='ltr'><strong>se</strong></span> <span class='ocrx_word' id='word_1_130' title='bbox 705 2206 814 2297; x_wconf 85' lang='lat' dir='ltr'><strong>jurata</strong></span> <span class='ocrx_word' id='word_1_131' title='bbox 828 2227 894 2275; x_wconf 89' lang='lat' dir='ltr'><strong>non</strong></span> <span class='ocrx_word' id='word_1_132' title='bbox 910 2213 1035 2286; x_wconf 87' lang='lat' dir='ltr'><strong>servat;</strong></span> <span class='ocrx_word' id='word_1_133' title='bbox 1053 2207 1109 2298; x_wconf 90' lang='lat' dir='ltr'><strong>qui</strong></span> <span class='ocrx_word' id='word_1_134' title='bbox 1125 2205 1223 2276; x_wconf 82' lang='lat' dir='ltr'><strong>ellec-</strong></span> 
     </span>
     <span class='ocr_line' id='line_1_18' title="bbox 83 2314 791 2406; baseline 0 -26"><span class='ocrx_word' id='word_1_135' title='bbox 83 2322 148 2400; x_wconf 89' lang='lat' dir='ltr'><strong>tus,</strong></span> <span class='ocrx_word' id='word_1_136' title='bbox 162 2315 281 2386; x_wconf 88' lang='lat' dir='ltr'><strong>omisso</strong></span> <span class='ocrx_word' id='word_1_137' title='bbox 292 2314 492 2406; x_wconf 85' lang='lat' dir='ltr'><strong>juramento,</strong></span> <span class='ocrx_word' id='word_1_138' title='bbox 508 2335 574 2383; x_wconf 92' lang='lat' dir='ltr'><strong>non</strong></span> <span class='ocrx_word' id='word_1_139' title='bbox 590 2320 791 2406; x_wconf 87' lang='lat' dir='ltr'><strong>sequeretur.</strong></span> 
     </span>
    </p>
   </div>
   <div class='ocr_carea' id='block_1_4' title="bbox 602 2588 703 2680">
    <p class='ocr_par' dir='ltr' id='par_1_4' title="bbox 602 2588 703 2680">
     <span class='ocr_line' id='line_1_19' title="bbox 602 2588 703 2680; baseline -0.02 -20"><span class='ocrx_word' id='word_1_140' title='bbox 602 2588 703 2680; x_wconf 74' lang='lat' dir='ltr'><strong>§aa</strong></span> 
     </span>
    </p>
   </div>
   <div class='ocr_carea' id='block_1_5' title="bbox 366 2761 940 2827">
    <p class='ocr_par' dir='ltr' id='par_1_5' title="bbox 366 2761 940 2827">
     <span class='ocr_line' id='line_1_20' title="bbox 366 2761 940 2827; baseline -0.002 -13"><span class='ocrx_word' id='word_1_141' title='bbox 366 2763 403 2814; x_wconf 87' lang='lat' dir='ltr'><strong>De</strong></span> <span class='ocrx_word' id='word_1_142' title='bbox 427 2761 515 2814; x_wconf 86' lang='lat' dir='ltr'><strong>officio</strong></span> <span class='ocrx_word' id='word_1_143' title='bbox 541 2775 587 2814; x_wconf 87' lang='lat' dir='ltr'><strong>scu</strong></span> <span class='ocrx_word' id='word_1_144' title='bbox 613 2761 813 2827; x_wconf 76' lang='lat' dir='ltr'><strong>obligationibus</strong></span> <span class='ocrx_word' id='word_1_145' title='bbox 837 2762 940 2814; x_wconf 73' lang='lat' dir='ltr'><strong>uomit.</strong></span> 
     </span>
    </p>
   </div>
   <div class='ocr_carea' id='block_1_6' title="bbox 87 2948 1227 4323">
    <p class='ocr_par' dir='ltr' id='par_1_6' title="bbox 87 2948 1227 4323">
     <span class='ocr_line' id='line_1_21' title="bbox 127 2948 1226 3043; baseline 0.001 -23"><span class='ocrx_word' id='word_1_146' title='bbox 127 2952 153 3020; x_wconf 95' lang='lat' dir='ltr'><strong>I.</strong></span> <span class='ocrx_word' id='word_1_147' title='bbox 173 2951 300 3021; x_wconf 89' lang='lat' dir='ltr'><strong>Notarii</strong></span> <span class='ocrx_word' id='word_1_148' title='bbox 318 2958 431 3020; x_wconf 83' lang='lat' dir='ltr'><strong>contm</strong></span> <span class='ocrx_word' id='word_1_149' title='bbox 451 2948 551 3018; x_wconf 88' lang='lat' dir='ltr'><strong>officii</strong></span> <span class='ocrx_word' id='word_1_150' title='bbox 572 2949 624 3018; x_wconf 92' lang='lat' dir='ltr'><strong>sui</strong></span> <span class='ocrx_word' id='word_1_151' title='bbox 646 2948 792 3018; x_wconf 90' lang='lat' dir='ltr'><strong>debitum</strong></span> <span class='ocrx_word' id='word_1_152' title='bbox 818 2957 949 3040; x_wconf 90' lang='lat' dir='ltr'><strong>peccaut</strong></span> <span class='ocrx_word' id='word_1_153' title='bbox 976 2978 984 3018; x_wconf 74' lang='grc' dir='ltr'>ι</span> <span class='ocrx_word' id='word_1_154' title='bbox 1013 2951 1172 3043; x_wconf 65' lang='grc' dir='ltr'><strong>«μήπω,</strong></span> <span class='ocrx_word' id='word_1_155' title='bbox 1198 2953 1226 3021; x_wconf 89' lang='lat' dir='ltr'><strong>si</strong></span> 
     </span>
     <span class='ocr_line' id='line_1_22' title="bbox 87 3053 1225 3150; baseline 0.001 -24"><span class='ocrx_word' id='word_1_156' title='bbox 87 3087 105 3126; x_wconf 79' lang='lat' dir='ltr'><strong>a</strong></span> <span class='ocrx_word' id='word_1_157' title='bbox 128 3059 197 3127; x_wconf 87' lang='lat' dir='ltr'><strong>sine</strong></span> <span class='ocrx_word' id='word_1_158' title='bbox 215 3056 385 3127; x_wconf 89' lang='lat' dir='ltr'><strong>sufficienti</strong></span> <span class='ocrx_word' id='word_1_159' title='bbox 405 3058 520 3150; x_wconf 89' lang='lat' dir='ltr'><strong>peritia</strong></span> <span class='ocrx_word' id='word_1_160' title='bbox 534 3055 711 3147; x_wconf 88' lang='lat' dir='ltr'><strong>suscipiant</strong></span> <span class='ocrx_word' id='word_1_161' title='bbox 730 3053 886 3124; x_wconf 88' lang='lat' dir='ltr'><strong>officium.</strong></span> <span class='ocrx_word' id='word_1_162' title='bbox 908 3056 1068 3139; x_wconf 81' lang='lat' dir='ltr'><strong>Sectmdc,</strong></span> <span class='ocrx_word' id='word_1_163' title='bbox 1086 3059 1114 3126; x_wconf 87' lang='lat' dir='ltr'><strong>si</strong></span> <span class='ocrx_word' id='word_1_164' title='bbox 1129 3060 1225 3150; x_wconf 85' lang='lat' dir='ltr'><strong>jura-</strong></span> 
     </span>
     <span class='ocr_line' id='line_1_23' title="bbox 87 3161 1225 3257; baseline 0.003 -27"><span class='ocrx_word' id='word_1_165' title='bbox 87 3193 104 3230; x_wconf 76' lang='lat'>«</span> <span class='ocrx_word' id='word_1_166' title='bbox 130 3173 273 3234; x_wconf 90' lang='lat' dir='ltr'><strong>mentum</strong></span> <span class='ocrx_word' id='word_1_167' title='bbox 298 3163 430 3234; x_wconf 87' lang='lat' dir='ltr'><strong>violent.</strong></span> <span class='ocrx_word' id='word_1_168' title='bbox 464 3163 581 3246; x_wconf 85' lang='lat' dir='ltr'><strong>Tertio,</strong></span> <span class='ocrx_word' id='word_1_169' title='bbox 607 3161 635 3230; x_wconf 91' lang='lat' dir='ltr'><strong>si</strong></span> <span class='ocrx_word' id='word_1_170' title='bbox 659 3163 695 3231; x_wconf 93' lang='lat' dir='ltr'><strong>in</strong></span> <span class='ocrx_word' id='word_1_171' title='bbox 722 3161 921 3252; x_wconf 89' lang='lat' dir='ltr'><strong>depositione</strong></span> <span class='ocrx_word' id='word_1_172' title='bbox 949 3163 1079 3232; x_wconf 88' lang='lat' dir='ltr'><strong>testium</strong></span> <span class='ocrx_word' id='word_1_173' title='bbox 1102 3167 1225 3257; x_wconf 89' lang='lat' dir='ltr'><strong>aliquid</strong></span> 
     </span>
     <span class='ocr_line' id='line_1_24' title="bbox 87 3267 1226 3353; baseline 0.002 -15"><span class='ocrx_word' id='word_1_174' title='bbox 87 3301 105 3338; x_wconf 78' lang='lat' dir='ltr'><strong>a</strong></span> <span class='ocrx_word' id='word_1_175' title='bbox 129 3272 270 3342; x_wconf 88' lang='lat' dir='ltr'><strong>notabile</strong></span> <span class='ocrx_word' id='word_1_176' title='bbox 287 3281 319 3341; x_wconf 89' lang='lat' dir='ltr'><strong>et</strong></span> <span class='ocrx_word' id='word_1_177' title='bbox 341 3279 580 3340; x_wconf 90' lang='lat' dir='ltr'><strong>momentosum</strong></span> <span class='ocrx_word' id='word_1_178' title='bbox 600 3267 722 3337; x_wconf 86' lang='lat' dir='ltr'><strong>addant</strong></span> <span class='ocrx_word' id='word_1_179' title='bbox 746 3268 797 3336; x_wconf 90' lang='lat' dir='ltr'><strong>vel</strong></span> <span class='ocrx_word' id='word_1_180' title='bbox 819 3269 1002 3338; x_wconf 87' lang='lat' dir='ltr'><strong>detrahant.</strong></span> <span class='ocrx_word' id='word_1_181' title='bbox 1031 3272 1168 3353; x_wconf 77' lang='lat' dir='ltr'><strong>Quarto,</strong></span> <span class='ocrx_word' id='word_1_182' title='bbox 1198 3274 1226 3340; x_wconf 92' lang='lat' dir='ltr'><strong>si</strong></span> 
     </span>
     <span class='ocr_line' id='line_1_25' title="bbox 87 3374 1226 3468; baseline 0.001 -22"><span class='ocrx_word' id='word_1_183' title='bbox 87 3409 104 3446; x_wconf 81' lang='lat' dir='ltr'><strong>c</strong></span> <span class='ocrx_word' id='word_1_184' title='bbox 130 3379 278 3450; x_wconf 88' lang='lat' dir='ltr'><strong>ministro</strong></span> <span class='ocrx_word' id='word_1_185' title='bbox 295 3377 532 3468; x_wconf 85' lang='lat' dir='ltr'><strong>transcripturi,</strong></span> <span class='ocrx_word' id='word_1_186' title='bbox 557 3399 631 3446; x_wconf 93' lang='lat' dir='ltr'><strong>cum</strong></span> <span class='ocrx_word' id='word_1_187' title='bbox 653 3374 773 3444; x_wconf 89' lang='lat' dir='ltr'><strong>erroris</strong></span> <span class='ocrx_word' id='word_1_188' title='bbox 795 3374 953 3467; x_wconf 89' lang='lat' dir='ltr'><strong>periculo,</strong></span> <span class='ocrx_word' id='word_1_189' title='bbox 975 3399 1113 3445; x_wconf 85' lang='lat' dir='ltr'><strong>examen</strong></span> <span class='ocrx_word' id='word_1_190' title='bbox 1135 3401 1226 3448; x_wconf 89' lang='lat' dir='ltr'><strong>oom-</strong></span> 
     </span>
     <span class='ocr_line' id='line_1_26' title="bbox 88 3481 1226 3575; baseline 0.002 -23"><span class='ocrx_word' id='word_1_191' title='bbox 88 3515 103 3552; x_wconf 72' lang='grc' dir='ltr'>α</span> <span class='ocrx_word' id='word_1_192' title='bbox 130 3487 268 3556; x_wconf 85' lang='lat' dir='ltr'><strong>mittant.</strong></span> <span class='ocrx_word' id='word_1_193' title='bbox 294 3484 430 3570; x_wconf 79' lang='lat' dir='ltr'><strong>Quinto,</strong></span> <span class='ocrx_word' id='word_1_194' title='bbox 459 3485 487 3551; x_wconf 91' lang='lat' dir='ltr'><strong>si</strong></span> <span class='ocrx_word' id='word_1_195' title='bbox 510 3481 724 3575; x_wconf 90' lang='lat' dir='ltr'><strong>protocollum</strong></span> <span class='ocrx_word' id='word_1_196' title='bbox 748 3491 779 3550; x_wconf 85' lang='lat' dir='ltr'><strong>et</strong></span> <span class='ocrx_word' id='word_1_197' title='bbox 804 3491 874 3551; x_wconf 91' lang='lat' dir='ltr'><strong>acta</strong></span> <span class='ocrx_word' id='word_1_198' title='bbox 899 3483 1101 3574; x_wconf 81' lang='lat' dir='ltr'><strong>negligenter</strong></span> <span class='ocrx_word' id='word_1_199' title='bbox 1116 3495 1226 3554; x_wconf 90' lang='lat' dir='ltr'><strong>custo-</strong></span> 
     </span>
     <span class='ocr_line' id='line_1_27' title="bbox 89 3589 1227 3684; baseline 0.004 -25"><span class='ocrx_word' id='word_1_200' title='bbox 89 3595 218 3662; x_wconf 81' lang='lat' dir='ltr'><strong>«diant</strong></span> <span class='ocrx_word' id='word_1_201' title='bbox 245 3616 320 3662; x_wconf 91' lang='lat' dir='ltr'><strong>cum</strong></span> <span class='ocrx_word' id='word_1_202' title='bbox 345 3591 466 3660; x_wconf 91' lang='lat' dir='ltr'><strong>damno</strong></span> <span class='ocrx_word' id='word_1_203' title='bbox 491 3591 647 3684; x_wconf 89' lang='lat' dir='ltr'><strong>partium.</strong></span> <span class='ocrx_word' id='word_1_204' title='bbox 675 3592 790 3671; x_wconf 77' lang='lat' dir='ltr'><strong>Sento,</strong></span> <span class='ocrx_word' id='word_1_205' title='bbox 819 3589 847 3657; x_wconf 88' lang='lat' dir='ltr'><strong>si</strong></span> <span class='ocrx_word' id='word_1_206' title='bbox 876 3590 1026 3659; x_wconf 84' lang='lat' dir='ltr'><strong>differant</strong></span> <span class='ocrx_word' id='word_1_207' title='bbox 1053 3614 1227 3663; x_wconf 88' lang='lat' dir='ltr'><strong>causarum</strong></span> 
     </span>
     <span class='ocr_line' id='line_1_28' title="bbox 88 3697 1226 3793; baseline 0 -24"><span class='ocrx_word' id='word_1_208' title='bbox 88 3728 106 3768; x_wconf 83' lang='lat' dir='ltr'><strong>u</strong></span> <span class='ocrx_word' id='word_1_209' title='bbox 129 3698 382 3793; x_wconf 85' lang='lat' dir='ltr'><strong>expeditionem,</strong></span> <span class='ocrx_word' id='word_1_210' title='bbox 405 3709 441 3767; x_wconf 91' lang='lat' dir='ltr'><strong>ut</strong></span> <span class='ocrx_word' id='word_1_211' title='bbox 461 3697 630 3790; x_wconf 87' lang='lat' dir='ltr'><strong>pecuniam</strong></span> <span class='ocrx_word' id='word_1_212' title='bbox 651 3706 877 3788; x_wconf 84' lang='lat' dir='ltr'><strong>extorqueant.</strong></span> <span class='ocrx_word' id='word_1_213' title='bbox 898 3697 1059 3789; x_wconf 83' lang='lat' dir='ltr'><strong>Septimo,</strong></span> <span class='ocrx_word' id='word_1_214' title='bbox 1083 3698 1111 3766; x_wconf 94' lang='lat' dir='ltr'><strong>si</strong></span> <span class='ocrx_word' id='word_1_215' title='bbox 1127 3709 1226 3769; x_wconf 88' lang='lat' dir='ltr'><strong>testa-</strong></span> 
     </span>
     <span class='ocr_line' id='line_1_29' title="bbox 88 3805 1226 3890; baseline 0.002 -16"><span class='ocrx_word' id='word_1_216' title='bbox 88 3835 106 3874; x_wconf 78' lang='lat'>«</span> <span class='ocrx_word' id='word_1_217' title='bbox 131 3815 276 3876; x_wconf 90' lang='lat' dir='ltr'><strong>mentum</strong></span> <span class='ocrx_word' id='word_1_218' title='bbox 297 3807 439 3874; x_wconf 89' lang='lat' dir='ltr'><strong>scribant</strong></span> <span class='ocrx_word' id='word_1_219' title='bbox 457 3805 598 3874; x_wconf 89' lang='lat' dir='ltr'><strong>hominis</strong></span> <span class='ocrx_word' id='word_1_220' title='bbox 617 3805 742 3873; x_wconf 85' lang='lat' dir='ltr'><strong>ratione</strong></span> <span class='ocrx_word' id='word_1_221' title='bbox 758 3805 914 3874; x_wconf 89' lang='lat' dir='ltr'><strong>destituti.</strong></span> <span class='ocrx_word' id='word_1_222' title='bbox 936 3809 1069 3890; x_wconf 84' lang='lat' dir='ltr'><strong>Octauo,</strong></span> <span class='ocrx_word' id='word_1_223' title='bbox 1086 3807 1114 3876; x_wconf 91' lang='lat' dir='ltr'><strong>si</strong></span> <span class='ocrx_word' id='word_1_224' title='bbox 1130 3817 1226 3878; x_wconf 85' lang='lat' dir='ltr'><strong>testes</strong></span> 
     </span>
     <span class='ocr_line' id='line_1_30' title="bbox 87 3910 1227 4006; baseline 0.004 -26"><span class='ocrx_word' id='word_1_225' title='bbox 87 3942 105 3980; x_wconf 77' lang='lat' dir='ltr'><strong>a</strong></span> <span class='ocrx_word' id='word_1_226' title='bbox 129 3915 226 3983; x_wconf 83' lang='lat' dir='ltr'><strong>falsos</strong></span> <span class='ocrx_word' id='word_1_227' title='bbox 241 3912 422 3983; x_wconf 89' lang='lat' dir='ltr'><strong>admittant.</strong></span> <span class='ocrx_word' id='word_1_228' title='bbox 440 3914 548 3993; x_wconf 81' lang='lat' dir='ltr'><strong>Nono,</strong></span> <span class='ocrx_word' id='word_1_229' title='bbox 566 3910 593 3978; x_wconf 90' lang='lat' dir='ltr'><strong>si</strong></span> <span class='ocrx_word' id='word_1_230' title='bbox 613 3911 830 3980; x_wconf 88' lang='lat' dir='ltr'><strong>solemnitates</strong></span> <span class='ocrx_word' id='word_1_231' title='bbox 850 3913 1045 3982; x_wconf 89' lang='lat' dir='ltr'><strong>necessarias</strong></span> <span class='ocrx_word' id='word_1_232' title='bbox 1068 3937 1108 3983; x_wconf 86' lang='lat' dir='ltr'><strong>ex</strong></span> <span class='ocrx_word' id='word_1_233' title='bbox 1129 3916 1227 4006; x_wconf 79' lang='lat' dir='ltr'><strong>igno-</strong></span> 
     </span>
     <span class='ocr_line' id='line_1_31' title="bbox 87 4017 1226 4112; baseline 0.004 -25"><span class='ocrx_word' id='word_1_234' title='bbox 87 4047 105 4087; x_wconf 83' lang='lat'>«</span> <span class='ocrx_word' id='word_1_235' title='bbox 128 4021 234 4090; x_wconf 83' lang='lat' dir='ltr'><strong>rantis</strong></span> <span class='ocrx_word' id='word_1_236' title='bbox 251 4019 407 4112; x_wconf 87' lang='lat' dir='ltr'><strong>culpabili</strong></span> <span class='ocrx_word' id='word_1_237' title='bbox 426 4018 477 4088; x_wconf 84' lang='lat' dir='ltr'><strong>vel</strong></span> <span class='ocrx_word' id='word_1_238' title='bbox 495 4017 616 4087; x_wconf 86' lang='lat' dir='ltr'><strong>malitia</strong></span> <span class='ocrx_word' id='word_1_239' title='bbox 630 4018 891 4110; x_wconf 70' lang='lat' dir='ltr'><strong>pretermittant.</strong></span> <span class='ocrx_word' id='word_1_240' title='bbox 910 4021 1054 4104; x_wconf 74' lang='lat' dir='ltr'><strong>Decimo,</strong></span> <span class='ocrx_word' id='word_1_241' title='bbox 1073 4022 1101 4089; x_wconf 91' lang='lat' dir='ltr'><strong>si</strong></span> <span class='ocrx_word' id='word_1_242' title='bbox 1120 4024 1226 4092; x_wconf 88' lang='lat' dir='ltr'><strong>conli-</strong></span> 
     </span>
     <span class='ocr_line' id='line_1_32' title="bbox 88 4124 1226 4219; baseline 0.003 -24"><span class='ocrx_word' id='word_1_243' title='bbox 88 4127 216 4196; x_wconf 73' lang='lat' dir='ltr'><strong>cciant</strong></span> <span class='ocrx_word' id='word_1_244' title='bbox 239 4127 491 4196; x_wconf 90' lang='lat' dir='ltr'><strong>instrumentum</strong></span> <span class='ocrx_word' id='word_1_245' title='bbox 516 4125 715 4210; x_wconf 89' lang='lat' dir='ltr'><strong>usurarium,</strong></span> <span class='ocrx_word' id='word_1_246' title='bbox 743 4124 794 4194; x_wconf 86' lang='lat' dir='ltr'><strong>vel</strong></span> <span class='ocrx_word' id='word_1_247' title='bbox 819 4125 951 4214; x_wconf 87' lang='lat' dir='ltr'><strong>falsum,</strong></span> <span class='ocrx_word' id='word_1_248' title='bbox 982 4130 1162 4219; x_wconf 73' lang='lat' dir='ltr'><strong>prasertim</strong></span> <span class='ocrx_word' id='word_1_249' title='bbox 1190 4131 1226 4198; x_wconf 92' lang='lat' dir='ltr'><strong>in</strong></span> 
     </span>
     <span class='ocr_line' id='line_1_33' title="bbox 89 4231 1227 4323; baseline 0.006 -22"><span class='ocrx_word' id='word_1_250' title='bbox 89 4262 106 4301; x_wconf 74' lang='lat' dir='ltr'><strong>a</strong></span> <span class='ocrx_word' id='word_1_251' title='bbox 130 4234 286 4304; x_wconf 85' lang='lat' dir='ltr'><strong>damnum</strong></span> <span class='ocrx_word' id='word_1_252' title='bbox 302 4233 388 4304; x_wconf 87' lang='lat' dir='ltr'><strong>tertii</strong></span> <span class='ocrx_word' id='word_1_253' title='bbox 407 4260 414 4302; x_wconf 94' lang='lat'><strong>:</strong></span> <span class='ocrx_word' id='word_1_254' title='bbox 436 4231 465 4300; x_wconf 91' lang='lat' dir='ltr'><strong>si</strong></span> <span class='ocrx_word' id='word_1_255' title='bbox 480 4231 599 4302; x_wconf 83' lang='lat' dir='ltr'><strong>iaciant</strong></span> <span class='ocrx_word' id='word_1_256' title='bbox 614 4239 650 4301; x_wconf 90' lang='lat' dir='ltr'><strong>ut</strong></span> <span class='ocrx_word' id='word_1_257' title='bbox 666 4252 836 4323; x_wconf 89' lang='lat' dir='ltr'><strong>processus</strong></span> <span class='ocrx_word' id='word_1_258' title='bbox 853 4240 886 4301; x_wconf 86' lang='lat' dir='ltr'><strong>et</strong></span> <span class='ocrx_word' id='word_1_259' title='bbox 906 4255 1013 4302; x_wconf 76' lang='lat' dir='ltr'><strong>causae</strong></span> <span class='ocrx_word' id='word_1_260' title='bbox 1034 4235 1165 4306; x_wconf 87' lang='lat' dir='ltr'><strong>veniant</strong></span> <span class='ocrx_word' id='word_1_261' title='bbox 1184 4239 1227 4308; x_wconf 85' lang='lat' dir='ltr'><strong>ad</strong></span> 
     </span>
    </p>
   </div>
   <div class='ocr_carea' id='block_1_7' title="bbox 0 0 1526 4980">
    <p class='ocr_par' dir='ltr' id='par_1_7' title="bbox 0 0 1526 4980">
     <span class='ocr_line' id='line_1_34' title="bbox 0 0 1526 4980; baseline 0 0"><span class='ocrx_word' id='word_1_262' title='bbox 0 0 1526 4980; x_wconf 95' lang='lat' dir='ltr'><strong> </strong></span> 
     </span>
    </p>
   </div>
  </div>
 </body>
</html>
