3056 4972
640 441 816 490 'racemus
839 443 877 489 DE
899 442 1032 490 subterra.

815 762 855 828 ll.

266 932 372 992 Quinam
397 935 480 982 tectus
494 931 545 981 vr'm
567 931 631 994 lepis
647 944 691 980 seu
704 931 778 995 juris
798 931 1043 997 consumamur
1062 933 1208 994 presentem
1233 931 1409 995 questionem,

780 1009 897 1062 tabant

309 1211 485 1286 Premissa
511 1210 704 1281 documenta
730 1211 962 1302 percurrendo,
986 1212 1090 1302 potuit
1115 1210 1215 1279 lector
1237 1209 1409 1278 advertere

269 1323 300 1386 1⁰
316 1318 515 1410 prohibitum
537 1341 664 1410 semper
679 1319 779 1388 fuisse
795 1319 919 1388 clericis
938 1341 979 1388 ne
999 1320 1035 1386 in
1053 1320 1159 1387 causis
1173 1317 1342 1407 sanguinis
1359 1316 1409 1406 (id

264 1436 312 1495 est
341 1426 472 1517 quando
494 1427 616 1494 crimen
642 1437 744 1496 morte
768 1437 825 1494 aut
850 1427 1052 1494 mutilatione
1079 1424 1284 1516 plectendum
1311 1425 1409 1511 esset)

263 1535 411 1603 advocati
442 1534 700 1624 procuratorisve
733 1555 868 1602 munere
900 1542 1013 1601 contra
1048 1555 1141 1601 reum
1175 1531 1405 1619 fungerentur.

264 1642 376 1732 Neque
390 1641 425 1708 iu
440 1641 501 1709 boc
520 1663 665 1732 unquam
685 1640 858 1730 disciplina
873 1641 1086 1708 variationem
1111 1661 1206 1730 passa
1230 1637 1404 1728 reperitur.

265 1755 298 1815 2⁰
313 1749 393 1814 Eam
412 1749 511 1815 tuisse
531 1757 722 1839 perpetuam
737 1745 887 1816 Ecclesiae
910 1744 1120 1832 tendentiam,
1139 1746 1206 1814 imo
1221 1753 1252 1813 et
1265 1767 1408 1834 genere-

264 1855 328 1922 lem
343 1854 504 1943 regulam,
523 1865 558 1923 ut
573 1855 746 1922 incaeteris
761 1854 858 1922 etiam
873 1854 993 1940 causis,
1011 1875 1121 1921 coram
1135 1853 1283 1921 saeculari
1294 1851 1408 1942 judice

263 1961 437 2047 ventilatis,
455 1961 609 2052 praedictc
630 1961 739 2029 olficio
759 1960 957 2028 abstinerent
978 1961 1099 2045 clerici,
1118 1959 1299 2048 majoribus
1311 1957 1409 2026 ordi-

264 2067 361 2134 nibus
376 2067 534 2157 insiguiti.
554 2073 586 2135 3⁰
601 2068 755 2157 Viguisse
774 2077 883 2136 tamen
898 2067 1016 2154 varias,
1036 2066 1139 2135 variis
1159 2065 1359 2156 temporibus
1373 2072 1410 2133 et

263 2176 353 2262 locis,
371 2176 411 2244 ad
428 2176 548 2245 dictam
562 2177 711 2265 regulam
727 2176 942 2267 exceptiones.
959 2180 991 2243 4⁰
1003 2175 1117 2256 Quoad
1134 2173 1298 2242 minorum
1310 2171 1409 2241 ordi-

264 2307 346 2351 num
360 2283 505 2368 clericos‚
523 2295 555 2352 et
574 2285 658 2352 circa
678 2283 827 2353 advocati
851 2283 1132 2374 procuratorisque
1155 2305 1275 2351 munus
1296 2303 1409 2349 coram

264 2391 474 2460 ecclesiastico
498 2391 607 2482 judice
637 2391 876 2476 exercendum,
903 2413 970 2458 non
1001 2413 1169 2459 occurrere
1204 2400 1408 2458 constantem

265 2499 410 2589 pristinis
423 2499 624 2590 temporibus
638 2499 853 2590 disciplinam.
873 2499 913 2568 Et
928 2498 989 2566 boc
1007 2497 1140 2589 quidem
1165 2498 1205 2565 de
1226 2499 1409 2588 questione
1520 2537 1521 2576 t

265 2605 418 2674 historice
433 2605 635 2674 considerata
649 2607 770 2673 cursim
787 2615 1004 2695 praenotatum
1020 2606 1196 2674 voluimus.
1217 2603 1312 2672 Nunc
1328 2627 1409 2673 vero
1520 2667 1521 2682 ,

264 2712 548 2782 determinandum
574 2723 719 2780 remanet
741 2712 820 2803 quid
842 2712 926 2803 juris
953 2711 1137 2779 communis
1160 2709 1256 2780 bodie
1282 2712 1410 2779 censeri

265 2819 391 2904 debeat,
407 2842 444 2887 ac
459 2819 596 2910 proinde
612 2820 810 2910 quibusnam
827 2819 1026 2888 extantibus
1038 2819 1094 2910 jus
1110 2818 1190 2887 illud
1211 2819 1411 2908 depromen-

266 2928 344 2996 dum
365 2928 417 2994 sit.

311 3034 457 3102 Dicimus
478 3055 547 3102 esse
568 3034 826 3124 depromendum
838 3031 884 3101 'ex
907 3034 1033 3102 duabus
1059 3033 1271 3102 decretalibus
1293 3035 1410 3102 Clencr
1520 3101 1521 3126 χ

267 3149 298 3209 et
314 3143 400 3210 Cum
414 3139 589 3209 sacerdotis
608 3162 708 3231 supra
732 3139 859 3218 relatis;
876 3141 1041 3209 contraria
1061 3149 1169 3208 autem
1185 3140 1261 3231 jura
1279 3142 1307 3206 si
1331 3164 1408 3232 quae
1520 3133 1521 3202 l

267 3255 438 3315 occurrant
460 3247 493 3314 in
519 3248 738 3316 monumentis
760 3247 993 3332 ecclesiasticis,
1011 3270 1071 3338 pro
1095 3247 1247 3317 obsoletis
1266 3270 1334 3316 esse
1350 3247 1412 3315 ba·
1520 3239 1521 3272 ³

267 3353 392 3440 banda,
410 3363 466 3421 aut
480 3354 592 3422 saltem
608 3376 674 3422 non
690 3355 796 3422 valere
810 3355 874 3422 nisi
892 3362 1048 3445 tanquam
1068 3354 1123 3445 jus
1143 3354 1349 3445 particulare,
1367 3375 1411 3421 ex
1520 3345 1521 3434 l

268 3461 441 3554 privilegio
465 3482 581 3549 nempe
595 3461 648 3529 vel
667 3459 900 3530 consuetudine
924 3461 1045 3529 alicubi
1067 3461 1148 3529 forte
1172 3460 1342 3529 inductum
1357 3461 1414 3528 vel

267 3577 441 3637 retentum.
460 3567 543 3635 Nam
562 3570 594 3633 1ο
608 3566 674 3635 duo
697 3567 752 3636 illa
772 3568 900 3636 decreta
914 3567 1048 3635 luerunt
1063 3589 1083 3635 a
1097 3567 1255 3655 Gregorio
1270 3565 1317 3634 IX
1332 3575 1413 3635 tau-
1520 3581 1521 3664 ἦ

267 3697 367 3765 quam
388 3675 476 3763 leges
491 3673 637 3762 vigentes
654 3673 689 3740 in
710 3673 802 3742 libris
823 3673 1036 3744 decretalibus
1061 3674 1193 3760 inserta,
1208 3684 1241 3742 et
1263 3671 1303 3742 de
1325 3673 1412 3742 iacto

267 3793 345 3851 tunc
362 3781 431 3848 vim
445 3779 526 3868 legis
547 3778 770 3848 ecclesiastices
790 3781 984 3849 universalis
1004 3780 1200 3849 babuerunt.
1218 3784 1250 3848 2⁰
1266 3779 1413 3848 Triden-

270 3888 337 3956 tina
356 3886 501 3976 synodus
520 3886 649 3953 decreta
668 3885 724 3954 illa
749 3909 814 3955 nou
839 3887 1037 3972 immutavit,
1054 3887 1110 3954 sed
1136 3885 1356 3973 confirmavit,
1376 3895 1415 3955 ut

270 4015 369 4083 supra
383 3992 621 4061 adnotavimus.
642 3996 675 4060 3ο
691 3996 775 4062 Ante
790 4003 822 4062 ct
841 4005 913 4084 post
929 3993 1153 4060 Tridentinam
1176 3992 1339 4083 synodum
1356 4016 1414 4061 oa-

268 4099 405 4166 nonistae
430 4099 626 4167 unanimiter
642 4121 684 4168 cx
704 4099 768 4166 illis
793 4098 920 4168 duabus
941 4098 1168 4187 decretalibus,
1188 4110 1342 4190 tanquam
1354 4100 1413 4190 jus

268 4227 440 4276 commune
468 4205 750 4295 constituentibus,
779 4205 1037 4276 determinarunt
1061 4216 1092 4276 et
1120 4204 1300 4276 docuerunt
1327 4207 1412 4298 quid
