3032 4976
269 443 332 509 298
640 467 815 514 rnscrsrns
837 469 877 516 nn
898 467 1030 516 murms.

267 585 419 674 grneher,
435 587 470 656 in
485 588 535 656 tit.
558 593 591 674 2,
606 587 685 658 libri
700 594 719 657 2
735 590 877 678 Decret,
892 609 926 660 n.
945 591 1013 680 61.)
1031 593 1064 658 3·
1080 589 1116 660 Si
1134 588 1291 681 predicto
1307 586 1417 658 modo

266 693 380 762 citatus
394 718 459 766 non
474 705 670 789 compareat,
687 721 752 767 non
767 701 885 790 poterit
900 700 1035 792 quidem
1056 697 1250 768 Ordinnrins
1267 696 1328 766 loci
1347 695 1418 763 de-

266 801 334 870 licti
347 801 381 871 in
396 826 567 896 personam
581 804 801 897 delinquentis
816 807 1002 899 procedere,
1018 807 1096 898 quis
1110 828 1169 898 per
1182 825 1352 895 egremnm
1370 825 1418 872 ex

267 909 428 980 territorio
441 918 516 980 ente
536 911 734 997 citationem,
747 912 815 1004 jem
834 913 930 982 desiit
955 912 1149 1006 delinquens
1167 933 1236 980 esse
1256 911 1419 980 subditus

267 1013 355 1084 illius
366 1017 472 1109 judici
487 1017 595 1110 quood
621 1040 811 1109 personam
829 1019 858 1088 si
877 1027 986 1090 temen
1009 1020 1098 1088 idem
1117 1019 1306 1110 delinquens
1319 1017 1419 1086 bona

268 1122 428 1214 possideat
449 1125 484 1192 in
500 1126 662 1196 territorio
676 1125 796 1213 delicti,
814 1127 932 1218 poterit
954 1125 1026 1219 ejus
1044 1124 1198 1194 territorii
1212 1123 1419 1194 Ordinnrins

269 1229 502 1300 immissionem
518 1232 551 1299 in
567 1255 605 1301 ee
619 1233 705 1302 bone
718 1233 912 1312 decemere;
928 1241 960 1302 et
975 1232 1002 1300 si
1018 1231 1277 1324 ejusmodi‚h0nn
1291 1227 1421 1298 habeat

270 1336 462 1430 delinquens
486 1340 520 1406 iu
543 1339 606 1408 elio
624 1341 802 1422 territorio,
819 1341 936 1431 poterit
958 1339 1153 1411 Ordinerius
1175 1337 1281 1406 delicti
1304 1336 1419 1406 Ordi-

271 1445 398 1514 narium
413 1446 501 1516 illius
522 1447 585 1516 loci
601 1447 770 1539 requirere
785 1457 821 1516 ut
835 1448 1070 1516 immissionem
1085 1445 1270 1538 praedictum
1285 1445 1319 1513 in
1334 1444 1418 1513 haec

268 1551 353 1621 bone
367 1552 473 1623 faciet.
487 1553 583 1643 (Vide
598 1554 902 1644 Schmalzgrueber,
915 1555 986 1624 loco
1003 1553 1125 1644 citnto.)
1140 1557 1173 1621 l⁰
1189 1553 1296 1622 Potest
1310 1551 1418 1620 Ordi-

269 1660 380 1729 nerins
395 1660 457 1732 loci
474 1663 510 1731 in
531 1685 596 1754 qno
619 1670 782 1754 patratum
803 1673 852 1731 est
872 1661 1041 1748 delictum,
1055 1661 1268 1732 Ordinsrium
1282 1660 1346 1727 loci
1370 1660 1417 1728 ad

268 1790 366 1858 quem
386 1769 531 1861 confugit
546 1769 737 1862 delinquens
750 1769 931 1861 requirere,
949 1778 987 1837 ut
1007 1769 1247 1860 delinquentem
1268 1767 1419 1836 remittet

269 1872 309 1941 ed
322 1875 462 1944 tribunal
478 1875 634 1945 territorii
648 1875 755 1944 delicti
766 1905 774 1956 ς
787 1884 819 1944 et
830 1874 1025 1946 Ordinerins
1036 1877 1083 1944 sic
1094 1875 1271 1967 requisitus
1283 1881 1418 1942 tenetur

269 1980 302 2049 id
319 1993 483 2074 prestere.
500 1985 549 2053 Sit
562 1985 596 2052 in
612 1985 800 2077 exemplum
815 1985 957 2054 loannes
976 1985 1112 2054 clericus
1126 1984 1184 2077 qni
1201 1983 1333 2052 Parisiis
1346 1981 1417 2050 de-

269 2088 376 2181 liquit,
396 2099 427 2159 et
449 2091 595 2160 nondum
617 2093 733 2161 citatus
759 2092 961 2181 Lugdunum
986 2093 1089 2184 petiit.
1110 2092 1218 2160 Potest
1235 2089 1417 2180 Archicpi-

271 2219 387 2289 scopus
400 2198 589 2270 Perisiensis
601 2198 856 2289 Lugdunensem
871 2198 1050 2268 Prresulem
1065 2199 1243 2290 requirere,
1259 2205 1297 2266 ut
1317 2196 1418 2266 Pari-

271 2303 336 2372 sios
359 2304 499 2373 remittet
517 2304 729 2397 judicandum
752 2305 923 2376 loannem.
950 2305 1110 2388 Quamvis
1134 2315 1242 2374 eutem
1266 2326 1354 2372 nunc
1379 2305 1414 2372 in

272 2411 386 2492 Gallie,
398 2420 429 2480 ct
440 2411 592 2504 pluribus
604 2412 678 2482 eliis
690 2413 892 2503 regionibns,
903 2413 1008 2482 civilis
1022 2419 1161 2506 potestas
1175 2409 1335 2481 auxilium
1347 2433 1415 2478 sce-

271 2517 392 2586 culeris'
427 2519 528 2588 rechii
545 2541 610 2588 non
625 2527 768 2612 prestet,
786 2520 827 2588 ed
845 2521 1037 2612 exequenda
1048 2519 1172 2612 judicis
1186 2517 1413 2604 ecclesiastice,

271 2625 387 2716 poterit
429 2627 524 2695 altem
550 2626 824 2719 Archiepiscopns
848 2627 1078 2717 Lugdunensis
1099 2626 1293 2719 praedictum
1312 2624 1414 2695 loen·

271 2753 345 2798 nem
360 2733 421 2800 snb
435 2733 579 2802 censuris
590 2741 621 2802 et
633 2734 739 2824 poenis
754 2735 975 2802 ecclesiasticis
989 2734 1195 2826 compellere,
1208 2740 1246 2800 nt
1257 2755 1291 2800 se
1304 2753 1414 2800 eorem

271 2839 419 2907 Parisino
443 2839 617 2908 Ordinatio
632 2842 722 2910 sistet
737 2848 770 2910 et
787 2840 949 2931 judicium
965 2841 1089 2910 subest.
1107 2841 1188 2910 Eam
1207 2847 1314 2907 entem
1331 2839 1414 2906 ohli-

271 2947 447 3035 getionem,
479 2948 720 3042 delinquentem
749 2947 795 3016 sic
827 2949 1013 3017 remittendi
1040 2949 1080 3016 ed
1112 2947 1323 3017 Ordinerinm
1352 2945 1414 3013 loci

271 3053 393 3141 delicti,
411 3077 470 3147 pro
496 3065 583 3125 certe
605 3056 725 3125 hebent
746 3055 972 3147 jurisconsulti
993 3056 1099 3148 quoad
1120 3054 1259 3146 judices,
1275 3053 1332 3144 qui
1353 3053 1414 3120 sub

272 3159 385 3229 eodem
402 3185 554 3255 supremo
568 3163 713 3255 principe
729 3160 886 3250 existunt,
899 3175 1025 3232 attento
1037 3163 1118 3253 jure
1131 3163 1301 3230 Romano:
1317 3181 1415 3250 porro

273 3267 448 3337 canonistae
475 3291 546 3337 eam
571 3270 656 3361 juris
678 3268 819 3338 Romani
843 3269 1087 3361 dispositionem
1104 3269 1138 3336 in
1160 3268 1235 3360 jure
1261 3265 1415 3336 canonico

275 3375 385 3464 vigere
410 3375 625 3455 contendunt;
651 3397 688 3444 eo
714 3376 815 3467 quod,
834 3385 871 3446 nt
893 3377 998 3462 aiunt,
1015 3398 1128 3444 omncs
1143 3374 1293 3467 Episcopi
1307 3381 1338 3442 et
1358 3373 1415 3440 elii

275 3481 439 3552 Ordinerii
454 3483 488 3550 in
501 3483 657 3569 Ecclesia,
674 3484 736 3552 sub
750 3479 818 3552 nno
831 3505 985 3574 supremo
1006 3484 1166 3575 principe,
1184 3504 1300 3572 nempe
1315 3481 1415 3570 Pnpn,

273 3588 328 3680 jus
343 3589 463 3658 dicent.
483 3589 576 3671 Quod
595 3589 670 3656 vide
692 3589 874 3658 discussum
900 3590 986 3682 apud
1008 3587 1300 3678 Schmelzgrueber
1315 3587 1360 3676 (in
1377 3586 1417 3652 ti-

276 3695 382 3765 tulum
399 3701 431 3782 2,
447 3697 522 3765 libri
543 3701 562 3764 2
584 3694 813 3784 Decretelium,
830 3719 863 3767 n.
884 3701 924 3765 63
949 3707 981 3766 et
998 3699 1065 3788 dl);
1082 3697 1139 3764 nbi
1155 3696 1251 3763 eliam
1275 3693 1419 3784 reperies

278 3800 318 3870 de
334 3802 431 3872 modo
447 3801 565 3871 dictem
580 3801 803 3871 remissionem
819 3804 949 3895 petendi
964 3811 996 3873 ct
1011 3801 1206 3895 exequendi.

324 3911 452 3980 Recens
467 3915 510 3980 l'.
523 3949 569 3964 -
582 3911 624 3979 Si
637 3909 833 3980 Ordinante
847 3912 909 3980 loci
923 3911 1031 3980 delicti
1044 3911 1123 3980 velit
1133 3911 1170 3980 in
1182 3909 1420 4002 delinquentem

283 4017 426 4106 beneficii
439 4017 627 4108 privatione
642 4016 913 4100 animadvertere,
930 4018 998 4110 cisse
1013 4017 1144 4111 quidem
1159 4018 1273 4109 lJ‘nntc
1294 4015 1421 4107 prodo-

282 4123 428 4194 bilicrem
456 4126 662 4213 sententiam)
681 4126 806 4216 polerit
835 4125 921 4194 donc
944 4148 1080 4217 poencm
1108 4125 1345 4216 pronuntiare·
1368 4123 1423 4192 scd

282 4231 426 4304 cesentio
439 4230 590 4324 sedendo
604 4243 649 4300 est
665 4231 707 4300 ot
725 4231 903 4301 Ordinario
924 4234 987 4302 loci
1000 4233 1037 4300 in
1050 4255 1113 4323 qno
1128 4230 1316 4323 delinquens
1332 4229 1422 4300 bene·
