3046 4962
299 470 337 537 tt
671 489 847 538 celerinus
870 489 907 538 cn
929 486 1063 537 runicus.

300 643 315 678 o
342 635 438 682 usum
453 610 523 704 ejus
544 612 710 704 potestatis
722 621 893 705 acceptaee
910 613 989 700 Deo,
1007 636 1071 704 que
1086 613 1137 680 usi
1160 619 1236 682 sunt
1256 619 1287 681 et
1310 611 1439 705 ipsimet

301 720 476 812 aspostoli
503 719 537 787 iu
561 718 731 810 disciplina
755 721 916 789 exteriore
943 720 1167 789 constituenda
1195 729 1227 788 et
1251 721 1436 809 sancienda,

302 855 319 894 a
342 827 506 898 heretica.
522 865 567 878 -
579 827 651 910 Qua
669 835 759 918 perte
775 827 930 915 insinuat,
946 827 1121 896 Ecclesiam
1141 849 1208 898 uon
1228 827 1346 897 babere
1359 851 1440 897 euc-

300 962 318 1002 a
341 935 503 1005 toritatem
530 933 737 1025 subjectionis
762 934 830 1003 suis
857 933 994 1004 decretis
1021 933 1190 1024 exigendae
1220 935 1315 1004 aliter
1338 958 1438 1028 quem

301 1070 318 1110 a
341 1065 399 1135 per
423 1041 529 1111 media
552 1063 627 1133 quae
651 1040 834 1132 pendente
857 1041 1088 1133 persuasione;
1111 1051 1271 1134 quatenus
1292 1043 1440 1112 intendat

300 1181 318 1218 a
342 1150 517 1220 Ecclesiam
532 1170 599 1216 non
620 1147 739 1217 babae
754 1148 909 1216 collatam
924 1149 987 1217 sibi
1012 1171 1033 1216 a
1058 1152 1125 1217 Deo
1143 1162 1354 1242 potestatem,
1372 1172 1439 1219 non

301 1285 318 1324 a
340 1257 446 1326 solnm
461 1252 621 1346 diripendi
636 1275 698 1345 per
711 1251 856 1338 consilia,
873 1253 1044 1322 sedetiam
1056 1254 1200 1345 jubendi
1212 1277 1277 1345 per
1289 1254 1382 1347 tepea,
1401 1279 1441 1323 ac

298 1394 315 1433 a
339 1364 445 1434 devios
468 1373 733 1453 contumacesque
747 1361 905 1430 exteriore
923 1359 1053 1452 jndicio
1072 1384 1111 1430 ac
1130 1362 1314 1431 salubribus
1328 1364 1440 1454 paenis

299 1499 316 1540 a
339 1468 516 1551 coercendi,
533 1481 633 1562 atquc
646 1466 799 1559 copendi,·
815 1506 860 1520 -
874 1467 1033 1536 inducens
1047 1467 1081 1534 iu
1097 1475 1237 1559 systema
1250 1468 1330 1536 alias
1345 1468 1440 1536 dam-

299 1610 316 1646 «
340 1588 453 1648 netum
470 1586 506 1646 ut
527 1575 731 1654 hereticum.
757 1601 773 1640 n
1270 1569 1275 1582 '

339 1687 398 1756 [v.
415 1685 453 1754 ln
477 1683 568 1752 brevi
587 1681 771 1773 dogmatico
786 1680 839 1750 Aa
858 1682 1054 1774 apostoticae,
1073 1705 1139 1774 quo
1152 1682 1231 1751 Pius
1244 1681 1290 1750 IX
1306 1681 1443 1752 feliciter

295 1817 436 1884 regneus
461 1813 560 1883 opere
581 1789 716 1859 loannis
731 1789 839 1880 Nuytz
865 1790 1032 1858 damnavit
1055 1787 1108 1857 die
1132 1793 1173 1858 22
1192 1789 1438 1880 augusti1851‚

294 1903 379 1970 iuter
393 1897 582 1990 reprobatas
601 1896 837 1989 propositiones
858 1905 1042 1964 recensetur
1058 1896 1168 1987 opinio
1187 1919 1253 1988 que
1267 1899 1438 1984 asseritur,

293 2009 473 2080 Ecclesiam
487 2005 535 2074 cis
551 2002 727 2095 inferendae
738 2014 934 2093 potestatem
947 2026 1014 2072 non
1028 2003 1159 2085 babere,
1174 2026 1275 2094 neque
1287 2017 1436 2095 potesta-

296 2130 361 2186 tem
374 2114 480 2183 ultam
494 2111 653 2180 directam
667 2110 720 2178 cet
733 2109 938 2178 indirectam.

340 2223 427 2312 Ergo
441 2240 554 2290 revera
576 2217 726 2285 Ecclesiae
749 2225 930 2308 competere
945 2217 1013 2285 vim
1038 2217 1227 2302 coactivum,
1243 2217 1276 2285 id
1300 2228 1359 2303 est,
1378 2242 1438 2286 co-
1517 2231 1518 2234 ’

295 2331 394 2422 gendi
418 2337 449 2397 et
471 2325 638 2396 coercendi
658 2347 769 2394 veram
794 2333 995 2416 potestatem,
1014 2347 1079 2394 uon
1106 2331 1232 2394 tautum
1255 2333 1304 2393 est
1315 2349 1392 2393 vara
1407 2335 1439 2394 et
1517 2333 1518 2408 ζ

295 2448 382 2509 certa
404 2435 564 2520 doctrine,
589 2432 645 2501 sed
673 2431 771 2500 etiam
797 2431 959 2502 multoties
986 2454 1138 2524 expresse
1160 2431 1312 2512 delinita3
1341 2442 1372 2501 et
1398 2433 1439 2500 de

293 2543 456 2616 contrarie
470 2541 623 2634 opinione
639 2540 759 2630 pariter
772 2561 923 2631 expresse
945 2538 1118 2608 delinitum
1134 2547 1182 2608 est
1196 2562 1267 2608 eam
1282 2562 1351 2608 esse
1366 2540 1438 2608 be-

296 2654 443 2723 reticem.

814 2770 911 2862 ew.

636 2932 773 2984 Diluuntur
789 2931 949 2997 objectiones
969 2934 1095 2999 quaedem.

338 3085 454 3154 Plures
478 3101 553 3173 qum
575 3079 616 3148 ab
638 3077 845 3147 heterodoxis
868 3077 999 3147 obtrudi
1023 3078 1126 3146 solent
1147 3079 1354 3170 objectiones,
1366 3079 1435 3172 jem

294 3213 393 3284 supra
402 3187 545 3258 vidimus
557 3185 593 3251 in
604 3184 831 3252 constitutione
844 3184 977 3253 Joenuis
988 3183 1082 3252 XXll
1095 3186 1285 3254 confutatas.
1300 3185 1437 3256 Ceteris

292 3309 400 3368 autem
415 3296 483 3363 fere
497 3292 650 3362 omuibus
671 3292 715 3360 ito
730 3291 833 3360 facilis
849 3300 897 3359 est
912 3293 1092 3383 responsio,
1110 3302 1146 3361 nt
1166 3293 1207 3361 ab
1225 3295 1272 3362 eis
1288 3317 1436 3364 comme-

293 3403 459 3476 morandis
474 3400 705 3470 abstineamus.
721 3399 816 3467 Unde
830 3421 931 3468 uuem
945 3399 1114 3469 dumtaxat
1129 3409 1185 3470 aut
1198 3401 1344 3489 alteram,
1359 3426 1435 3495 quar
1516 3407 1517 3418 ’

292 3509 514 3582 difficultatem
530 3506 676 3598 aliquem
692 3527 760 3597 prm
777 3527 811 3573 se
827 3504 950 3592 ferunt,
967 3506 1172 3597 subjicimus.

341 3616 481 3708 objicies
499 3620 529 3684 1.
552 3614 682 3682 Dictum
709 3611 866 3681 Lactantii
884 3639 891 3680 :
910 3615 985 3684 Non
1005 3626 1051 3681 est
1077 3637 1157 3706 opus
1179 3615 1213 3684 ci
1233 3629 1265 3684 et
1291 3617 1432 3707 injuria,

291 3727 371 3822 qnia
385 3723 499 3814 rctipio
515 3721 588 3812 copi
601 3743 667 3788 non
679 3732 808 3812 potest,·
821 3719 925 3788 verbis
936 3721 1047 3812 potins
1070 3744 1172 3812 quam
1189 3723 1370 3792 uerbeibue
1385 3748 1436 3794 res

174 3851 178 3860 '
291 3831 421 3926 apenda
441 3842 497 3899 est.
515 3831 630 3919 ltaque
654 3849 748 3896 nemo
770 3827 899 3896 anobis
919 3827 1078 3896 retinetur
1092 3829 1230 3912 invitae·
1247 3831 1375 3899 inutilis
1388 3846 1435 3900 est

291 3943 380 4012 enim
407 3943 485 4020 Deo,
510 3937 568 4028 qui
590 3935 756 4004 devotione
780 3949 811 4004 et
832 3934 899 4026 fide
928 3948 1017 4004 caret
1037 3935 1088 4026 (de
1117 3938 1244 4006 Divinis
1269 3941 1430 4022 Institnt„

291 4049 348 4120 lib.
367 4051 409 4138 5).
426 4048 506 4115 ltem
528 4043 617 4110 illam
639 4042 725 4133 apud
748 4042 978 4112 Cassiodorum
996 4045 1187 4114 senteutiam
1208 4073 1216 4114 ι
1234 4046 1433 4138 Reiipionem

291 4159 455 4249 imperare
473 4173 538 4219 non
561 4171 744 4240 possumus,
761 4150 840 4241 qnia
863 4172 958 4217 nemo
979 4149 1106 4240 copitar
1120 4166 1157 4219 nt
1179 4151 1290 4220 credat
1311 4154 1434 4224 incitus

295 4259 467 4362 (Cassiod,
483 4257 613 4327 Verior.
631 4255 688 4326 lib.
718 4261 750 4342 2,
767 4257 859 4347 epist.
879 4259 946 4346 27).
965 4295 1009 4308 -
1023 4257 1213 4350 Respondeo
1230 4260 1301 4328 baec
1315 4272 1347 4327 et
1369 4261 1433 4333 alia
