<?xml version="1.0" encoding="UTF-8"?>
<!DOCTYPE html PUBLIC "-//W3C//DTD XHTML 1.0 Transitional//EN"
    "http://www.w3.org/TR/xhtml1/DTD/xhtml1-transitional.dtd">
<html xmlns="http://www.w3.org/1999/xhtml" xml:lang="en" lang="en">
 <head>
  <title>
</title>
<meta http-equiv="Content-Type" content="text/html;charset=utf-8" />
  <meta name='ocr-system' content='tesseract 3.04.00' />
  <meta name='ocr-capabilities' content='ocr_page ocr_carea ocr_par ocr_line ocrx_word'/>
</head>
<body>
  <div class='ocr_page' id='page_1' title='image "./tractatusdejudi01goog_0496.png"; bbox 0 0 3030 4980; ppageno 0'>
   <div class='ocr_carea' id='block_1_1' title="bbox 551 481 1235 547">
    <p class='ocr_par' dir='ltr' id='par_1_1' title="bbox 551 481 1235 547">
     <span class='ocr_line' id='line_1_1' title="bbox 551 481 1235 547; baseline 0.007 -5"><span class='ocrx_word' id='word_1_1' title='bbox 551 497 625 544; x_wconf 80' lang='lat' dir='ltr'>mns</span> <span class='ocrx_word' id='word_1_2' title='bbox 648 499 794 544; x_wconf 77' lang='lat' dir='ltr'>secunao.</span> <span class='ocrx_word' id='word_1_3' title='bbox 1173 481 1235 547; x_wconf 74' lang='grc'>485</span> 
     </span>
    </p>
   </div>
   <div class='ocr_carea' id='block_1_2' title="bbox 94 616 1241 4339">
    <p class='ocr_par' dir='ltr' id='par_1_2' title="bbox 94 616 1241 4339">
     <span class='ocr_line' id='line_1_2' title="bbox 99 616 1237 714; baseline 0.008 -30"><span class='ocrx_word' id='word_1_4' title='bbox 99 616 133 684; x_wconf 95' lang='lat' dir='ltr'>in</span> <span class='ocrx_word' id='word_1_5' title='bbox 153 619 198 708; x_wconf 82' lang='grc'>6),</span> <span class='ocrx_word' id='word_1_6' title='bbox 219 616 260 686; x_wconf 88' lang='lat' dir='ltr'>ad</span> <span class='ocrx_word' id='word_1_7' title='bbox 282 618 490 710; x_wconf 81' lang='lat' dir='ltr'>inquisitores</span> <span class='ocrx_word' id='word_1_8' title='bbox 510 617 677 707; x_wconf 88' lang='lat' dir='ltr'>directam,</span> <span class='ocrx_word' id='word_1_9' title='bbox 697 619 733 688; x_wconf 91' lang='lat' dir='ltr'>in</span> <span class='ocrx_word' id='word_1_10' title='bbox 752 641 817 712; x_wconf 90' lang='lat' dir='ltr'>qua</span> <span class='ocrx_word' id='word_1_11' title='bbox 834 620 880 690; x_wconf 90' lang='lat' dir='ltr'>sic</span> <span class='ocrx_word' id='word_1_12' title='bbox 895 620 1044 690; x_wconf 85' lang='lat' dir='ltr'><strong>Clemens</strong></span> <span class='ocrx_word' id='word_1_13' title='bbox 1063 621 1110 691; x_wconf 85' lang='lat' dir='ltr'>IV</span> <span class='ocrx_word' id='word_1_14' title='bbox 1129 623 1237 714; x_wconf 87' lang='lat' dir='ltr'>quoad</span> 
     </span>
     <span class='ocr_line' id='line_1_3' title="bbox 99 725 1236 820; baseline 0.004 -26"><span class='ocrx_word' id='word_1_15' title='bbox 99 747 212 794; x_wconf 89' lang='lat' dir='ltr'>causas</span> <span class='ocrx_word' id='word_1_16' title='bbox 237 725 313 795; x_wconf 86' lang='lat' dir='ltr'>fidei</span> <span class='ocrx_word' id='word_1_17' title='bbox 336 737 367 796; x_wconf 90' lang='lat' dir='ltr'>et</span> <span class='ocrx_word' id='word_1_18' title='bbox 396 749 564 820; x_wconf 77' lang='lat' dir='ltr'>processus</span> <span class='ocrx_word' id='word_1_19' title='bbox 586 737 698 796; x_wconf 89' lang='lat' dir='ltr'>contra</span> <span class='ocrx_word' id='word_1_20' title='bbox 725 727 894 798; x_wconf 82' lang='lat' dir='ltr'>baeraticos</span> <span class='ocrx_word' id='word_1_21' title='bbox 918 727 1076 820; x_wconf 78' lang='lat' dir='ltr'>disposuit</span> <span class='ocrx_word' id='word_1_22' title='bbox 1105 757 1112 798; x_wconf 92' lang='lat'><strong>:</strong></span> <span class='ocrx_word' id='word_1_23' title='bbox 1144 757 1161 796; x_wconf 81' lang='lat' dir='ltr'>a</span> <span class='ocrx_word' id='word_1_24' title='bbox 1184 729 1236 800; x_wconf 87' lang='lat' dir='ltr'>Ad</span> 
     </span>
     <span class='ocr_line' id='line_1_4' title="bbox 103 832 1238 928; baseline 0.007 -30"><span class='ocrx_word' id='word_1_25' title='bbox 103 859 120 898; x_wconf 76' lang='lat' dir='ltr'>a</span> <span class='ocrx_word' id='word_1_26' title='bbox 144 832 391 902; x_wconf 84' lang='lat' dir='ltr'>conscribendas</span> <span class='ocrx_word' id='word_1_27' title='bbox 407 857 535 928; x_wconf 89' lang='lat' dir='ltr'>quoque</span> <span class='ocrx_word' id='word_1_28' title='bbox 551 835 739 926; x_wconf 85' lang='lat' dir='ltr'>hujusmodi</span> <span class='ocrx_word' id='word_1_29' title='bbox 761 835 975 928; x_wconf 79' lang='lat' dir='ltr'>depositiones</span> <span class='ocrx_word' id='word_1_30' title='bbox 992 837 1135 924; x_wconf 89' lang='lat' dir='ltr'>testium,</span> <span class='ocrx_word' id='word_1_31' title='bbox 1152 836 1238 906; x_wconf 87' lang='lat' dir='ltr'>etad</span> 
     </span>
     <span class='ocr_line' id='line_1_5' title="bbox 103 941 1238 1034; baseline 0.005 -28"><span class='ocrx_word' id='word_1_32' title='bbox 103 967 120 1005; x_wconf 83' lang='lat' dir='ltr'>c</span> <span class='ocrx_word' id='word_1_33' title='bbox 144 941 329 1012; x_wconf 88' lang='lat' dir='ltr'>laciendum</span> <span class='ocrx_word' id='word_1_34' title='bbox 342 943 539 1034; x_wconf 82' lang='lat' dir='ltr'>omniaquae</span> <span class='ocrx_word' id='word_1_35' title='bbox 552 943 585 1010; x_wconf 93' lang='lat' dir='ltr'>iu</span> <span class='ocrx_word' id='word_1_36' title='bbox 602 943 773 1012; x_wconf 86' lang='lat' dir='ltr'>commisso</span> <span class='ocrx_word' id='word_1_37' title='bbox 793 943 887 1012; x_wconf 90' lang='lat' dir='ltr'>vobis</span> <span class='ocrx_word' id='word_1_38' title='bbox 904 941 1009 1012; x_wconf 90' lang='lat' dir='ltr'>officio</span> <span class='ocrx_word' id='word_1_39' title='bbox 1029 943 1070 1012; x_wconf 89' lang='lat' dir='ltr'>ad</span> <span class='ocrx_word' id='word_1_40' title='bbox 1090 945 1238 1012; x_wconf 83' lang='lat' dir='ltr'>scrinarii</span> 
     </span>
     <span class='ocr_line' id='line_1_6' title="bbox 103 1048 1238 1143; baseline 0.006 -31"><span class='ocrx_word' id='word_1_41' title='bbox 103 1075 121 1112; x_wconf 78' lang='lat' dir='ltr'>c</span> <span class='ocrx_word' id='word_1_42' title='bbox 144 1071 202 1116; x_wconf 91' lang='lat' dir='ltr'>seu</span> <span class='ocrx_word' id='word_1_43' title='bbox 225 1049 407 1118; x_wconf 82' lang='lat' dir='ltr'>tabellionis</span> <span class='ocrx_word' id='word_1_44' title='bbox 431 1048 576 1118; x_wconf 90' lang='lat' dir='ltr'>officium</span> <span class='ocrx_word' id='word_1_45' title='bbox 601 1050 776 1142; x_wconf 90' lang='lat' dir='ltr'>pertinent,</span> <span class='ocrx_word' id='word_1_46' title='bbox 802 1050 903 1118; x_wconf 86' lang='lat' dir='ltr'>teneri</span> <span class='ocrx_word' id='word_1_47' title='bbox 924 1049 1066 1120; x_wconf 88' lang='lat' dir='ltr'>districte</span> <span class='ocrx_word' id='word_1_48' title='bbox 1086 1051 1238 1143; x_wconf 72' lang='lat' dir='ltr'>preacipi-</span> 
     </span>
     <span class='ocr_line' id='line_1_7' title="bbox 103 1156 1237 1248; baseline 0.005 -28"><span class='ocrx_word' id='word_1_49' title='bbox 103 1181 121 1220; x_wconf 74' lang='grc' dir='ltr'>α</span> <span class='ocrx_word' id='word_1_50' title='bbox 145 1177 230 1242; x_wconf 92' lang='lat' dir='ltr'>mus,</span> <span class='ocrx_word' id='word_1_51' title='bbox 246 1179 320 1224; x_wconf 90' lang='lat' dir='ltr'>cum</span> <span class='ocrx_word' id='word_1_52' title='bbox 336 1177 394 1248; x_wconf 92' lang='lat' dir='ltr'>per</span> <span class='ocrx_word' id='word_1_53' title='bbox 413 1179 470 1226; x_wconf 85' lang='lat' dir='ltr'>vos</span> <span class='ocrx_word' id='word_1_54' title='bbox 490 1157 615 1226; x_wconf 82' lang='lat' dir='ltr'>fuerint</span> <span class='ocrx_word' id='word_1_55' title='bbox 629 1156 789 1248; x_wconf 79' lang='lat' dir='ltr'>requisiti,</span> <span class='ocrx_word' id='word_1_56' title='bbox 805 1179 918 1225; x_wconf 90' lang='lat' dir='ltr'>omnes</span> <span class='ocrx_word' id='word_1_57' title='bbox 933 1164 964 1226; x_wconf 86' lang='lat' dir='ltr'>et</span> <span class='ocrx_word' id='word_1_58' title='bbox 977 1157 1123 1246; x_wconf 88' lang='lat' dir='ltr'>singulos</span> <span class='ocrx_word' id='word_1_59' title='bbox 1137 1160 1237 1228; x_wconf 85' lang='lat' dir='ltr'>vestri</span> 
     </span>
     <span class='ocr_line' id='line_1_8' title="bbox 103 1259 1237 1354; baseline 0.008 -30"><span class='ocrx_word' id='word_1_60' title='bbox 103 1287 120 1324; x_wconf 80' lang='lat' dir='ltr'>c</span> <span class='ocrx_word' id='word_1_61' title='bbox 144 1259 269 1328; x_wconf 88' lang='lat' dir='ltr'>ordinis</span> <span class='ocrx_word' id='word_1_62' title='bbox 295 1260 423 1354; x_wconf 85' lang='lat' dir='ltr'>(nempe</span> <span class='ocrx_word' id='word_1_63' title='bbox 441 1262 741 1354; x_wconf 79' lang='lat' dir='ltr'>dominicanorum)</span> <span class='ocrx_word' id='word_1_64' title='bbox 760 1261 887 1350; x_wconf 84' lang='lat' dir='ltr'>tratres,</span> <span class='ocrx_word' id='word_1_65' title='bbox 908 1262 965 1353; x_wconf 93' lang='lat' dir='ltr'>qui</span> <span class='ocrx_word' id='word_1_66' title='bbox 985 1263 1065 1331; x_wconf 92' lang='lat' dir='ltr'>dum</span> <span class='ocrx_word' id='word_1_67' title='bbox 1083 1273 1189 1332; x_wconf 89' lang='lat' dir='ltr'>essent</span> <span class='ocrx_word' id='word_1_68' title='bbox 1202 1264 1237 1334; x_wconf 91' lang='lat' dir='ltr'>in</span> 
     </span>
     <span class='ocr_line' id='line_1_9' title="bbox 103 1367 1237 1440; baseline 0.007 -7"><span class='ocrx_word' id='word_1_69' title='bbox 103 1395 120 1432; x_wconf 77' lang='lat' dir='ltr'>a</span> <span class='ocrx_word' id='word_1_70' title='bbox 144 1367 263 1437; x_wconf 81' lang='lat' dir='ltr'>saeculo</span> <span class='ocrx_word' id='word_1_71' title='bbox 283 1367 508 1438; x_wconf 71' lang='lat' dir='ltr'>tabellionatus</span> <span class='ocrx_word' id='word_1_72' title='bbox 521 1367 663 1438; x_wconf 88' lang='lat' dir='ltr'>officium</span> <span class='ocrx_word' id='word_1_73' title='bbox 679 1369 831 1438; x_wconf 84' lang='lat' dir='ltr'>babuisse</span> <span class='ocrx_word' id='word_1_74' title='bbox 847 1379 879 1440; x_wconf 90' lang='lat' dir='ltr'>et</span> <span class='ocrx_word' id='word_1_75' title='bbox 892 1371 1073 1440; x_wconf 86' lang='lat' dir='ltr'>exercuisse</span> <span class='ocrx_word' id='word_1_76' title='bbox 1094 1393 1237 1440; x_wconf 89' lang='lat' dir='ltr'>noscun-</span> 
     </span>
     <span class='ocr_line' id='line_1_10' title="bbox 102 1475 1239 1568; baseline 0.009 -30"><span class='ocrx_word' id='word_1_77' title='bbox 102 1499 119 1538; x_wconf 84' lang='lat' dir='ltr'>o</span> <span class='ocrx_word' id='word_1_78' title='bbox 145 1483 197 1542; x_wconf 88' lang='lat' dir='ltr'>tur</span> <span class='ocrx_word' id='word_1_79' title='bbox 216 1502 223 1542; x_wconf 94' lang='lat'>:</span> <span class='ocrx_word' id='word_1_80' title='bbox 240 1484 272 1543; x_wconf 88' lang='lat' dir='ltr'>et</span> <span class='ocrx_word' id='word_1_81' title='bbox 286 1475 359 1544; x_wconf 89' lang='lat' dir='ltr'>illos</span> <span class='ocrx_word' id='word_1_82' title='bbox 374 1476 469 1546; x_wconf 88' lang='lat' dir='ltr'>etism</span> <span class='ocrx_word' id='word_1_83' title='bbox 485 1476 605 1568; x_wconf 90' lang='lat' dir='ltr'>quibus</span> <span class='ocrx_word' id='word_1_84' title='bbox 619 1476 705 1544; x_wconf 92' lang='lat' dir='ltr'>idem</span> <span class='ocrx_word' id='word_1_85' title='bbox 721 1477 947 1546; x_wconf 77' lang='lat' dir='ltr'>tabellionatus</span> <span class='ocrx_word' id='word_1_86' title='bbox 960 1475 1104 1548; x_wconf 89' lang='lat' dir='ltr'>officium</span> <span class='ocrx_word' id='word_1_87' title='bbox 1115 1479 1239 1548; x_wconf 88' lang='lat' dir='ltr'>ratione</span> 
     </span>
     <span class='ocr_line' id='line_1_11' title="bbox 103 1582 1241 1677; baseline 0.01 -31"><span class='ocrx_word' id='word_1_88' title='bbox 103 1609 120 1646; x_wconf 78' lang='lat' dir='ltr'>a</span> <span class='ocrx_word' id='word_1_89' title='bbox 143 1582 271 1673; x_wconf 71' lang='lat' dir='ltr'>prefati</span> <span class='ocrx_word' id='word_1_90' title='bbox 289 1585 414 1676; x_wconf 87' lang='lat' dir='ltr'>negotii</span> <span class='ocrx_word' id='word_1_91' title='bbox 434 1585 510 1654; x_wconf 87' lang='lat' dir='ltr'>fidei</span> <span class='ocrx_word' id='word_1_92' title='bbox 530 1584 591 1654; x_wconf 86' lang='lat' dir='ltr'>luit</span> <span class='ocrx_word' id='word_1_93' title='bbox 609 1585 650 1654; x_wconf 84' lang='lat' dir='ltr'>ab</span> <span class='ocrx_word' id='word_1_94' title='bbox 664 1583 850 1677; x_wconf 87' lang='lat' dir='ltr'>Apostolica</span> <span class='ocrx_word' id='word_1_95' title='bbox 869 1583 952 1654; x_wconf 86' lang='lat' dir='ltr'>Sede</span> <span class='ocrx_word' id='word_1_96' title='bbox 972 1587 1192 1676; x_wconf 86' lang='lat' dir='ltr'>commissum,</span> <span class='ocrx_word' id='word_1_97' title='bbox 1209 1597 1241 1658; x_wconf 89' lang='lat' dir='ltr'>et</span> 
     </span>
     <span class='ocr_line' id='line_1_12' title="bbox 102 1689 1239 1784; baseline 0.007 -28"><span class='ocrx_word' id='word_1_98' title='bbox 102 1716 119 1756; x_wconf 81' lang='lat' dir='ltr'>a</span> <span class='ocrx_word' id='word_1_99' title='bbox 144 1689 359 1782; x_wconf 87' lang='lat' dir='ltr'>inposterum</span> <span class='ocrx_word' id='word_1_100' title='bbox 380 1693 623 1763; x_wconf 83' lang='lat' dir='ltr'>committetur:</span> <span class='ocrx_word' id='word_1_101' title='bbox 646 1692 856 1762; x_wconf 88' lang='lat' dir='ltr'>concedentes</span> <span class='ocrx_word' id='word_1_102' title='bbox 875 1691 1064 1784; x_wconf 87' lang='lat' dir='ltr'>hujusmodi</span> <span class='ocrx_word' id='word_1_103' title='bbox 1084 1693 1239 1764; x_wconf 82' lang='lat' dir='ltr'>tratribus</span> 
     </span>
     <span class='ocr_line' id='line_1_13' title="bbox 101 1799 1239 1892; baseline 0.007 -28"><span class='ocrx_word' id='word_1_104' title='bbox 101 1823 120 1864; x_wconf 78' lang='lat' dir='ltr'>a</span> <span class='ocrx_word' id='word_1_105' title='bbox 142 1819 268 1868; x_wconf 81' lang='lat' dir='ltr'>necnon</span> <span class='ocrx_word' id='word_1_106' title='bbox 285 1807 316 1868; x_wconf 89' lang='lat' dir='ltr'>et</span> <span class='ocrx_word' id='word_1_107' title='bbox 336 1800 408 1868; x_wconf 91' lang='lat' dir='ltr'>aliis</span> <span class='ocrx_word' id='word_1_108' title='bbox 426 1799 585 1890; x_wconf 82' lang='lat' dir='ltr'>religiosis</span> <span class='ocrx_word' id='word_1_109' title='bbox 605 1799 815 1892; x_wconf 86' lang='lat' dir='ltr'>quibuslibet,</span> <span class='ocrx_word' id='word_1_110' title='bbox 837 1799 895 1891; x_wconf 90' lang='lat' dir='ltr'>qui</span> <span class='ocrx_word' id='word_1_111' title='bbox 916 1799 1065 1870; x_wconf 88' lang='lat' dir='ltr'>similiter</span> <span class='ocrx_word' id='word_1_112' title='bbox 1084 1800 1163 1872; x_wconf 90' lang='lat' dir='ltr'>dum</span> <span class='ocrx_word' id='word_1_113' title='bbox 1185 1827 1239 1872; x_wconf 89' lang='lat' dir='ltr'>es-</span> 
     </span>
     <span class='ocr_line' id='line_1_14' title="bbox 102 1904 1240 1979; baseline 0.008 -9"><span class='ocrx_word' id='word_1_114' title='bbox 102 1930 120 1969; x_wconf 82' lang='lat'>«</span> <span class='ocrx_word' id='word_1_115' title='bbox 143 1913 214 1974; x_wconf 90' lang='lat' dir='ltr'>sent</span> <span class='ocrx_word' id='word_1_116' title='bbox 232 1906 266 1974; x_wconf 90' lang='lat' dir='ltr'>in</span> <span class='ocrx_word' id='word_1_117' title='bbox 286 1908 406 1978; x_wconf 77' lang='lat' dir='ltr'>ssecralo</span> <span class='ocrx_word' id='word_1_118' title='bbox 425 1907 651 1978; x_wconf 80' lang='lat' dir='ltr'>tabellionatus</span> <span class='ocrx_word' id='word_1_119' title='bbox 670 1904 812 1975; x_wconf 88' lang='lat' dir='ltr'>officium</span> <span class='ocrx_word' id='word_1_120' title='bbox 832 1905 1017 1976; x_wconf 88' lang='lat' dir='ltr'>babuerunt</span> <span class='ocrx_word' id='word_1_121' title='bbox 1034 1915 1066 1976; x_wconf 90' lang='lat' dir='ltr'>et</span> <span class='ocrx_word' id='word_1_122' title='bbox 1085 1930 1240 1979; x_wconf 83' lang='lat' dir='ltr'>exercue-</span> 
     </span>
     <span class='ocr_line' id='line_1_15' title="bbox 102 2012 1239 2108; baseline 0 -22"><span class='ocrx_word' id='word_1_123' title='bbox 102 2045 120 2086; x_wconf 75' lang='grc' dir='ltr'>α</span> <span class='ocrx_word' id='word_1_124' title='bbox 145 2022 235 2104; x_wconf 92' lang='lat' dir='ltr'>runt,</span> <span class='ocrx_word' id='word_1_125' title='bbox 263 2015 434 2106; x_wconf 86' lang='lat' dir='ltr'>quibusvis</span> <span class='ocrx_word' id='word_1_126' title='bbox 457 2015 555 2084; x_wconf 87' lang='lat' dir='ltr'>etiam</span> <span class='ocrx_word' id='word_1_127' title='bbox 580 2012 707 2082; x_wconf 89' lang='lat' dir='ltr'>clericis</span> <span class='ocrx_word' id='word_1_128' title='bbox 729 2012 945 2082; x_wconf 86' lang='lat' dir='ltr'>saecularibus</span> <span class='ocrx_word' id='word_1_129' title='bbox 967 2013 1109 2083; x_wconf 91' lang='lat' dir='ltr'>officium</span> <span class='ocrx_word' id='word_1_130' title='bbox 1130 2015 1239 2108; x_wconf 92' lang='lat' dir='ltr'>ipsum</span> 
     </span>
     <span class='ocr_line' id='line_1_16' title="bbox 102 2119 1238 2214; baseline -0.004 -19"><span class='ocrx_word' id='word_1_131' title='bbox 102 2155 120 2194; x_wconf 80' lang='lat' dir='ltr'>a</span> <span class='ocrx_word' id='word_1_132' title='bbox 144 2125 337 2195; x_wconf 90' lang='lat' dir='ltr'>habentibus</span> <span class='ocrx_word' id='word_1_133' title='bbox 353 2122 488 2214; x_wconf 85' lang='lat' dir='ltr'>(etiamsi</span> <span class='ocrx_word' id='word_1_134' title='bbox 512 2121 610 2189; x_wconf 90' lang='lat' dir='ltr'>iidem</span> <span class='ocrx_word' id='word_1_135' title='bbox 634 2121 763 2208; x_wconf 86' lang='lat' dir='ltr'>fratres,</span> <span class='ocrx_word' id='word_1_136' title='bbox 780 2119 924 2209; x_wconf 84' lang='lat' dir='ltr'>religiosi</span> <span class='ocrx_word' id='word_1_137' title='bbox 944 2129 975 2188; x_wconf 92' lang='lat' dir='ltr'>et</span> <span class='ocrx_word' id='word_1_138' title='bbox 995 2120 1101 2190; x_wconf 87' lang='lat' dir='ltr'>clerici</span> <span class='ocrx_word' id='word_1_139' title='bbox 1122 2124 1238 2190; x_wconf 91' lang='lat' dir='ltr'>sintin</span> 
     </span>
     <span class='ocr_line' id='line_1_17' title="bbox 102 2225 1239 2320; baseline -0.003 -20"><span class='ocrx_word' id='word_1_140' title='bbox 102 2233 237 2303; x_wconf 74' lang='lat' dir='ltr'>«sacris</span> <span class='ocrx_word' id='word_1_141' title='bbox 258 2230 427 2302; x_wconf 87' lang='lat' dir='ltr'>ordinibus</span> <span class='ocrx_word' id='word_1_142' title='bbox 448 2227 624 2318; x_wconf 82' lang='lat' dir='ltr'>constituti)</span> <span class='ocrx_word' id='word_1_143' title='bbox 647 2225 819 2295; x_wconf 83' lang='lat' dir='ltr'>exercendi</span> <span class='ocrx_word' id='word_1_144' title='bbox 841 2226 940 2295; x_wconf 90' lang='lat' dir='ltr'>libere</span> <span class='ocrx_word' id='word_1_145' title='bbox 963 2226 1105 2296; x_wconf 90' lang='lat' dir='ltr'>officium</span> <span class='ocrx_word' id='word_1_146' title='bbox 1131 2229 1239 2320; x_wconf 92' lang='lat' dir='ltr'>ipsum</span> 
     </span>
     <span class='ocr_line' id='line_1_18' title="bbox 101 2334 1239 2434; baseline 0.001 -26"><span class='ocrx_word' id='word_1_147' title='bbox 101 2369 119 2408; x_wconf 76' lang='lat' dir='ltr'>c</span> <span class='ocrx_word' id='word_1_148' title='bbox 142 2340 248 2434; x_wconf 87' lang='lat' dir='ltr'>quoad</span> <span class='ocrx_word' id='word_1_149' title='bbox 264 2340 444 2431; x_wconf 69' lang='lat' dir='ltr'>premissa,</span> <span class='ocrx_word' id='word_1_150' title='bbox 460 2360 526 2406; x_wconf 93' lang='lat' dir='ltr'>non</span> <span class='ocrx_word' id='word_1_151' title='bbox 541 2337 686 2405; x_wconf 88' lang='lat' dir='ltr'>obstante</span> <span class='ocrx_word' id='word_1_152' title='bbox 701 2341 820 2402; x_wconf 88' lang='lat' dir='ltr'>statuto</span> <span class='ocrx_word' id='word_1_153' title='bbox 835 2334 944 2425; x_wconf 75' lang='lat' dir='ltr'>aliquo</span> <span class='ocrx_word' id='word_1_154' title='bbox 959 2339 1119 2406; x_wconf 90' lang='lat' dir='ltr'>contrario</span> <span class='ocrx_word' id='word_1_155' title='bbox 1139 2360 1239 2409; x_wconf 90' lang='lat' dir='ltr'>cano-</span> 
     </span>
     <span class='ocr_line' id='line_1_19' title="bbox 101 2441 1237 2537; baseline -0.002 -22"><span class='ocrx_word' id='word_1_156' title='bbox 101 2477 119 2515; x_wconf 77' lang='lat' dir='ltr'>a</span> <span class='ocrx_word' id='word_1_157' title='bbox 141 2451 192 2518; x_wconf 94' lang='lat' dir='ltr'>nis</span> <span class='ocrx_word' id='word_1_158' title='bbox 205 2449 258 2518; x_wconf 88' lang='lat' dir='ltr'>vel</span> <span class='ocrx_word' id='word_1_159' title='bbox 273 2447 411 2533; x_wconf 88' lang='lat' dir='ltr'>ordinis,</span> <span class='ocrx_word' id='word_1_160' title='bbox 432 2465 638 2537; x_wconf 90' lang='lat' dir='ltr'>quocumque</span> <span class='ocrx_word' id='word_1_161' title='bbox 659 2441 778 2512; x_wconf 87' lang='lat' dir='ltr'>vallato</span> <span class='ocrx_word' id='word_1_162' title='bbox 793 2441 985 2528; x_wconf 90' lang='lat' dir='ltr'>munimine,</span> <span class='ocrx_word' id='word_1_163' title='bbox 1001 2451 1200 2536; x_wconf 85' lang='lat' dir='ltr'>potestatem.</span> <span class='ocrx_word' id='word_1_164' title='bbox 1220 2473 1237 2512; x_wconf 85' lang='lat' dir='ltr'>n</span> 
     </span>
     <span class='ocr_line' id='line_1_20' title="bbox 97 2549 1239 2645; baseline -0.003 -20"><span class='ocrx_word' id='word_1_165' title='bbox 97 2559 134 2626; x_wconf 92' lang='lat' dir='ltr'>ln</span> <span class='ocrx_word' id='word_1_166' title='bbox 159 2557 219 2624; x_wconf 89' lang='lat' dir='ltr'>bac</span> <span class='ocrx_word' id='word_1_167' title='bbox 243 2553 396 2624; x_wconf 83' lang='lat' dir='ltr'>decretali·</span> <span class='ocrx_word' id='word_1_168' title='bbox 417 2575 474 2645; x_wconf 89' lang='lat' dir='ltr'>per</span> <span class='ocrx_word' id='word_1_169' title='bbox 499 2550 632 2618; x_wconf 86' lang='lat' dir='ltr'>modum</span> <span class='ocrx_word' id='word_1_170' title='bbox 652 2549 820 2640; x_wconf 78' lang='lat' dir='ltr'>pricilepii</span> <span class='ocrx_word' id='word_1_171' title='bbox 840 2561 870 2618; x_wconf 85' lang='lat' dir='ltr'>ct</span> <span class='ocrx_word' id='word_1_172' title='bbox 891 2550 1097 2640; x_wconf 74' lang='lat' dir='ltr'>exceptionis,</span> <span class='ocrx_word' id='word_1_173' title='bbox 1124 2563 1155 2620; x_wconf 89' lang='lat' dir='ltr'>et</span> <span class='ocrx_word' id='word_1_174' title='bbox 1179 2575 1239 2644; x_wconf 88' lang='lat' dir='ltr'>pro</span> 
     </span>
     <span class='ocr_line' id='line_1_21' title="bbox 97 2655 1240 2748; baseline -0.004 -15"><span class='ocrx_word' id='word_1_175' title='bbox 97 2663 204 2733; x_wconf 91' lang='lat' dir='ltr'>causis</span> <span class='ocrx_word' id='word_1_176' title='bbox 219 2661 296 2730; x_wconf 87' lang='lat' dir='ltr'>fidei</span> <span class='ocrx_word' id='word_1_177' title='bbox 315 2661 499 2744; x_wconf 80' lang='lat' dir='ltr'>dumtaxat,</span> <span class='ocrx_word' id='word_1_178' title='bbox 516 2656 705 2745; x_wconf 81' lang='lat' dir='ltr'>indulgetur</span> <span class='ocrx_word' id='word_1_179' title='bbox 724 2655 849 2724; x_wconf 86' lang='lat' dir='ltr'>clericis</span> <span class='ocrx_word' id='word_1_180' title='bbox 869 2663 905 2723; x_wconf 96' lang='lat' dir='ltr'>ut</span> <span class='ocrx_word' id='word_1_181' title='bbox 920 2656 1043 2748; x_wconf 89' lang='lat' dir='ltr'>possint</span> <span class='ocrx_word' id='word_1_182' title='bbox 1063 2659 1240 2729; x_wconf 80' lang='lat' dir='ltr'>notariatus</span> 
     </span>
     <span class='ocr_line' id='line_1_22' title="bbox 98 2761 1239 2854; baseline -0.004 -15"><span class='ocrx_word' id='word_1_183' title='bbox 98 2770 244 2839; x_wconf 89' lang='lat' dir='ltr'>officium</span> <span class='ocrx_word' id='word_1_184' title='bbox 266 2789 417 2837; x_wconf 83' lang='lat' dir='ltr'>exercere</span> <span class='ocrx_word' id='word_1_185' title='bbox 437 2793 444 2834; x_wconf 90' lang='lat'>:</span> <span class='ocrx_word' id='word_1_186' title='bbox 466 2765 584 2833; x_wconf 89' lang='lat' dir='ltr'>dicitur</span> <span class='ocrx_word' id='word_1_187' title='bbox 604 2762 705 2850; x_wconf 90' lang='lat' dir='ltr'>enim,</span> <span class='ocrx_word' id='word_1_188' title='bbox 725 2761 937 2831; x_wconf 83' lang='lat' dir='ltr'>Concedentes</span> <span class='ocrx_word' id='word_1_189' title='bbox 949 2776 1156 2854; x_wconf 85' lang='lat' dir='ltr'>potestatem,</span> <span class='ocrx_word' id='word_1_190' title='bbox 1173 2789 1239 2834; x_wconf 89' lang='lat' dir='ltr'>non</span> 
     </span>
     <span class='ocr_line' id='line_1_23' title="bbox 98 2869 1240 2961; baseline -0.005 -15"><span class='ocrx_word' id='word_1_191' title='bbox 98 2878 246 2946; x_wconf 81' lang='lat' dir='ltr'>obstante</span> <span class='ocrx_word' id='word_1_192' title='bbox 258 2887 382 2946; x_wconf 82' lang='lat' dir='ltr'>statuto</span> <span class='ocrx_word' id='word_1_193' title='bbox 391 2871 554 2942; x_wconf 85' lang='lat' dir='ltr'>contrario</span> <span class='ocrx_word' id='word_1_194' title='bbox 566 2869 700 2940; x_wconf 85' lang='lat' dir='ltr'>canonis</span> <span class='ocrx_word' id='word_1_195' title='bbox 714 2897 725 2936; x_wconf 94' lang='lat'><em>:</em></span> <span class='ocrx_word' id='word_1_196' title='bbox 740 2892 814 2961; x_wconf 83' lang='lat' dir='ltr'>quas</span> <span class='ocrx_word' id='word_1_197' title='bbox 827 2869 970 2960; x_wconf 86' lang='lat' dir='ltr'>prolecto</span> <span class='ocrx_word' id='word_1_198' title='bbox 984 2871 1084 2940; x_wconf 88' lang='lat' dir='ltr'>verba</span> <span class='ocrx_word' id='word_1_199' title='bbox 1096 2871 1240 2941; x_wconf 90' lang='lat' dir='ltr'>indicant</span> 
     </span>
     <span class='ocr_line' id='line_1_24' title="bbox 98 2975 1238 3074; baseline -0.004 -22"><span class='ocrx_word' id='word_1_200' title='bbox 98 2985 171 3054; x_wconf 90' lang='lat' dir='ltr'>fieri</span> <span class='ocrx_word' id='word_1_201' title='bbox 190 2982 431 3074; x_wconf 83' lang='lat' dir='ltr'>derogationem</span> <span class='ocrx_word' id='word_1_202' title='bbox 447 2979 515 3071; x_wconf 87' lang='lat' dir='ltr'>juri</span> <span class='ocrx_word' id='word_1_203' title='bbox 530 2977 696 3048; x_wconf 89' lang='lat' dir='ltr'>communi</span> <span class='ocrx_word' id='word_1_204' title='bbox 710 2998 767 3044; x_wconf 89' lang='lat' dir='ltr'>seu</span> <span class='ocrx_word' id='word_1_205' title='bbox 781 2975 925 3066; x_wconf 86' lang='lat' dir='ltr'>generali</span> <span class='ocrx_word' id='word_1_206' title='bbox 940 2976 1084 3066; x_wconf 85' lang='lat' dir='ltr'>regulae3</span> <span class='ocrx_word' id='word_1_207' title='bbox 1104 2979 1132 3046; x_wconf 92' lang='lat' dir='ltr'>si</span> <span class='ocrx_word' id='word_1_208' title='bbox 1151 2981 1238 3048; x_wconf 89' lang='lat' dir='ltr'>enim</span> 
     </span>
     <span class='ocr_line' id='line_1_25' title="bbox 97 3081 1239 3181; baseline -0.003 -22"><span class='ocrx_word' id='word_1_209' title='bbox 97 3091 206 3159; x_wconf 89' lang='lat' dir='ltr'>cleriei</span> <span class='ocrx_word' id='word_1_210' title='bbox 225 3090 265 3158; x_wconf 89' lang='lat' dir='ltr'>de</span> <span class='ocrx_word' id='word_1_211' title='bbox 285 3090 358 3181; x_wconf 87' lang='lat' dir='ltr'>jure</span> <span class='ocrx_word' id='word_1_212' title='bbox 381 3085 547 3157; x_wconf 90' lang='lat' dir='ltr'>communi</span> <span class='ocrx_word' id='word_1_213' title='bbox 567 3081 728 3176; x_wconf 88' lang='lat' dir='ltr'>ejusmodi</span> <span class='ocrx_word' id='word_1_214' title='bbox 747 3091 937 3174; x_wconf 87' lang='lat' dir='ltr'>potestatem</span> <span class='ocrx_word' id='word_1_215' title='bbox 959 3083 1160 3173; x_wconf 88' lang='lat' dir='ltr'>habuissent,</span> <span class='ocrx_word' id='word_1_216' title='bbox 1181 3087 1239 3156; x_wconf 85' lang='lat' dir='ltr'>ab·</span> 
     </span>
     <span class='ocr_line' id='line_1_26' title="bbox 98 3189 1239 3288; baseline -0.004 -22"><span class='ocrx_word' id='word_1_217' title='bbox 98 3198 197 3266; x_wconf 87' lang='lat' dir='ltr'>surde</span> <span class='ocrx_word' id='word_1_218' title='bbox 218 3219 289 3266; x_wconf 88' lang='lat' dir='ltr'>eam</span> <span class='ocrx_word' id='word_1_219' title='bbox 308 3197 386 3288; x_wconf 91' lang='lat' dir='ltr'>ipsis</span> <span class='ocrx_word' id='word_1_220' title='bbox 406 3191 643 3262; x_wconf 88' lang='lat' dir='ltr'>concedendam</span> <span class='ocrx_word' id='word_1_221' title='bbox 660 3189 807 3258; x_wconf 88' lang='lat' dir='ltr'>duxisset</span> <span class='ocrx_word' id='word_1_222' title='bbox 824 3190 985 3259; x_wconf 83' lang='lat' dir='ltr'>Pontifex.</span> <span class='ocrx_word' id='word_1_223' title='bbox 1005 3191 1093 3281; x_wconf 90' lang='lat' dir='ltr'>Ergo</span> <span class='ocrx_word' id='word_1_224' title='bbox 1112 3193 1239 3285; x_wconf 90' lang='lat' dir='ltr'>dejure</span> 
     </span>
     <span class='ocr_line' id='line_1_27' title="bbox 97 3297 1239 3391; baseline -0.003 -17"><span class='ocrx_word' id='word_1_225' title='bbox 97 3305 265 3375; x_wconf 78' lang='lat' dir='ltr'>mmmani</span> <span class='ocrx_word' id='word_1_226' title='bbox 283 3303 379 3372; x_wconf 88' lang='lat' dir='ltr'>talem</span> <span class='ocrx_word' id='word_1_227' title='bbox 397 3301 582 3370; x_wconf 85' lang='lat' dir='ltr'>facultatem</span> <span class='ocrx_word' id='word_1_228' title='bbox 602 3320 668 3366; x_wconf 92' lang='lat' dir='ltr'>non</span> <span class='ocrx_word' id='word_1_229' title='bbox 688 3297 850 3366; x_wconf 87' lang='lat' dir='ltr'>habebant</span> <span class='ocrx_word' id='word_1_230' title='bbox 872 3298 897 3365; x_wconf 94' lang='lat' dir='ltr'>ii</span> <span class='ocrx_word' id='word_1_231' title='bbox 916 3298 1025 3368; x_wconf 88' lang='lat' dir='ltr'>clerici</span> <span class='ocrx_word' id='word_1_232' title='bbox 1046 3301 1166 3391; x_wconf 92' lang='lat' dir='ltr'>quibus</span> <span class='ocrx_word' id='word_1_233' title='bbox 1183 3301 1239 3372; x_wconf 82' lang='lat' dir='ltr'>illa</span> 
     </span>
     <span class='ocr_line' id='line_1_28' title="bbox 97 3403 1237 3490; baseline -0.004 -9"><span class='ocrx_word' id='word_1_234' title='bbox 97 3411 135 3482; x_wconf 92' lang='lat' dir='ltr'>fit</span> <span class='ocrx_word' id='word_1_235' title='bbox 151 3411 322 3481; x_wconf 87' lang='lat' dir='ltr'>concessio.</span> <span class='ocrx_word' id='word_1_236' title='bbox 341 3409 414 3480; x_wconf 89' lang='lat' dir='ltr'>Jam</span> <span class='ocrx_word' id='word_1_237' title='bbox 431 3429 508 3477; x_wconf 88' lang='lat' dir='ltr'>vero</span> <span class='ocrx_word' id='word_1_238' title='bbox 524 3406 578 3474; x_wconf 90' lang='lat' dir='ltr'>illa</span> <span class='ocrx_word' id='word_1_239' title='bbox 595 3403 757 3474; x_wconf 89' lang='lat' dir='ltr'>concessio</span> <span class='ocrx_word' id='word_1_240' title='bbox 771 3404 823 3490; x_wconf 89' lang='lat' dir='ltr'>fit,</span> <span class='ocrx_word' id='word_1_241' title='bbox 840 3427 906 3474; x_wconf 92' lang='lat' dir='ltr'>non</span> <span class='ocrx_word' id='word_1_242' title='bbox 922 3412 1049 3475; x_wconf 88' lang='lat' dir='ltr'>tantum</span> <span class='ocrx_word' id='word_1_243' title='bbox 1065 3406 1189 3476; x_wconf 87' lang='lat' dir='ltr'>clericis</span> <span class='ocrx_word' id='word_1_244' title='bbox 1204 3411 1237 3478; x_wconf 90' lang='lat' dir='ltr'>iu</span> 
     </span>
     <span class='ocr_line' id='line_1_29' title="bbox 97 3510 1239 3604; baseline -0.003 -17"><span class='ocrx_word' id='word_1_245' title='bbox 97 3519 197 3588; x_wconf 88' lang='lat' dir='ltr'>sacris</span> <span class='ocrx_word' id='word_1_246' title='bbox 212 3517 406 3604; x_wconf 89' lang='lat' dir='ltr'>constitutis,</span> <span class='ocrx_word' id='word_1_247' title='bbox 425 3513 480 3584; x_wconf 90' lang='lat' dir='ltr'>sed</span> <span class='ocrx_word' id='word_1_248' title='bbox 495 3523 526 3582; x_wconf 90' lang='lat' dir='ltr'>et</span> <span class='ocrx_word' id='word_1_249' title='bbox 543 3513 666 3582; x_wconf 87' lang='lat' dir='ltr'>clericis</span> <span class='ocrx_word' id='word_1_250' title='bbox 682 3511 849 3582; x_wconf 83' lang='lat' dir='ltr'>minorum</span> <span class='ocrx_word' id='word_1_251' title='bbox 862 3510 1015 3580; x_wconf 81' lang='lat' dir='ltr'>ordinum</span> <span class='ocrx_word' id='word_1_252' title='bbox 1034 3513 1136 3581; x_wconf 89' lang='lat' dir='ltr'>:dicit</span> <span class='ocrx_word' id='word_1_253' title='bbox 1151 3516 1239 3584; x_wconf 89' lang='lat' dir='ltr'>enim</span> 
     </span>
     <span class='ocr_line' id='line_1_30' title="bbox 97 3618 1237 3711; baseline -0.003 -16"><span class='ocrx_word' id='word_1_254' title='bbox 97 3625 262 3711; x_wconf 81' lang='lat' dir='ltr'>Pontifex,</span> <span class='ocrx_word' id='word_1_255' title='bbox 279 3623 408 3692; x_wconf 85' lang='lat' dir='ltr'>etiamsi</span> <span class='ocrx_word' id='word_1_256' title='bbox 420 3621 528 3692; x_wconf 83' lang='lat' dir='ltr'>elerici</span> <span class='ocrx_word' id='word_1_257' title='bbox 541 3621 606 3690; x_wconf 84' lang='lat' dir='ltr'>sint</span> <span class='ocrx_word' id='word_1_258' title='bbox 621 3621 657 3688; x_wconf 89' lang='lat' dir='ltr'>in</span> <span class='ocrx_word' id='word_1_259' title='bbox 670 3619 770 3688; x_wconf 81' lang='lat' dir='ltr'>sceris</span> <span class='ocrx_word' id='word_1_260' title='bbox 785 3618 953 3687; x_wconf 83' lang='lat' dir='ltr'>ordinibus</span> <span class='ocrx_word' id='word_1_261' title='bbox 970 3646 981 3686; x_wconf 93' lang='grc'>.·</span> <span class='ocrx_word' id='word_1_262' title='bbox 993 3641 1091 3710; x_wconf 92' lang='lat' dir='ltr'>porro</span> <span class='ocrx_word' id='word_1_263' title='bbox 1105 3621 1161 3689; x_wconf 90' lang='lat' dir='ltr'>illa</span> <span class='ocrx_word' id='word_1_264' title='bbox 1173 3645 1237 3692; x_wconf 82' lang='lat' dir='ltr'>vox</span> 
     </span>
     <span class='ocr_line' id='line_1_31' title="bbox 97 3725 1237 3822; baseline -0.004 -20"><span class='ocrx_word' id='word_1_265' title='bbox 97 3733 238 3814; x_wconf 84' lang='lat' dir='ltr'>etiamsi,</span> <span class='ocrx_word' id='word_1_266' title='bbox 259 3731 403 3822; x_wconf 87' lang='lat' dir='ltr'>implicat</span> <span class='ocrx_word' id='word_1_267' title='bbox 422 3729 660 3798; x_wconf 88' lang='lat' dir='ltr'>concessionem</span> <span class='ocrx_word' id='word_1_268' title='bbox 685 3726 757 3795; x_wconf 87' lang='lat' dir='ltr'>lieri</span> <span class='ocrx_word' id='word_1_269' title='bbox 774 3726 899 3794; x_wconf 89' lang='lat' dir='ltr'>clericis</span> <span class='ocrx_word' id='word_1_270' title='bbox 917 3725 1081 3812; x_wconf 90' lang='lat' dir='ltr'>omnibus,</span> <span class='ocrx_word' id='word_1_271' title='bbox 1102 3750 1139 3796; x_wconf 89' lang='lat' dir='ltr'>ac</span> <span class='ocrx_word' id='word_1_272' title='bbox 1159 3753 1237 3820; x_wconf 82' lang='lat' dir='ltr'>pro-</span> 
     </span>
     <span class='ocr_line' id='line_1_32' title="bbox 97 3834 1238 3930; baseline -0.004 -20"><span class='ocrx_word' id='word_1_273' title='bbox 97 3841 173 3911; x_wconf 90' lang='lat' dir='ltr'>iadc</span> <span class='ocrx_word' id='word_1_274' title='bbox 196 3839 320 3909; x_wconf 90' lang='lat' dir='ltr'>clericis</span> <span class='ocrx_word' id='word_1_275' title='bbox 341 3860 471 3930; x_wconf 90' lang='lat' dir='ltr'>quoque</span> <span class='ocrx_word' id='word_1_276' title='bbox 498 3837 663 3904; x_wconf 90' lang='lat' dir='ltr'>minorum</span> <span class='ocrx_word' id='word_1_277' title='bbox 689 3834 862 3912; x_wconf 89' lang='lat' dir='ltr'>ordinum;</span> <span class='ocrx_word' id='word_1_278' title='bbox 890 3856 948 3901; x_wconf 89' lang='lat' dir='ltr'>nec</span> <span class='ocrx_word' id='word_1_279' title='bbox 970 3843 1095 3925; x_wconf 87' lang='lat' dir='ltr'>poterat</span> <span class='ocrx_word' id='word_1_280' title='bbox 1119 3836 1238 3906; x_wconf 87' lang='lat' dir='ltr'>clarius</span> 
     </span>
     <span class='ocr_line' id='line_1_33' title="bbox 94 3940 1237 4040; baseline -0.004 -23"><span class='ocrx_word' id='word_1_281' title='bbox 94 3947 237 4040; x_wconf 85' lang='lat' dir='ltr'>exprimi</span> <span class='ocrx_word' id='word_1_282' title='bbox 257 3947 419 4016; x_wconf 86' lang='lat' dir='ltr'>concessio</span> <span class='ocrx_word' id='word_1_283' title='bbox 438 3943 562 4013; x_wconf 91' lang='lat' dir='ltr'>clericis</span> <span class='ocrx_word' id='word_1_284' title='bbox 582 3943 745 4011; x_wconf 90' lang='lat' dir='ltr'>minorum</span> <span class='ocrx_word' id='word_1_285' title='bbox 765 3940 919 4011; x_wconf 88' lang='lat' dir='ltr'>ordinum</span> <span class='ocrx_word' id='word_1_286' title='bbox 941 3940 1037 4030; x_wconf 84' lang='lat' dir='ltr'>facta,</span> <span class='ocrx_word' id='word_1_287' title='bbox 1058 3965 1157 4033; x_wconf 89' lang='lat' dir='ltr'>quam</span> <span class='ocrx_word' id='word_1_288' title='bbox 1178 3944 1237 4012; x_wconf 86' lang='lat' dir='ltr'>ad-</span> 
     </span>
     <span class='ocr_line' id='line_1_34' title="bbox 96 4047 1234 4140; baseline -0.005 -16"><span class='ocrx_word' id='word_1_289' title='bbox 96 4055 216 4140; x_wconf 90' lang='lat' dir='ltr'>dendo,</span> <span class='ocrx_word' id='word_1_290' title='bbox 240 4053 331 4122; x_wconf 87' lang='lat' dir='ltr'>illam</span> <span class='ocrx_word' id='word_1_291' title='bbox 353 4051 484 4120; x_wconf 88' lang='lat' dir='ltr'>extendi</span> <span class='ocrx_word' id='word_1_292' title='bbox 508 4049 673 4120; x_wconf 84' lang='lat' dir='ltr'>etiamad</span> <span class='ocrx_word' id='word_1_293' title='bbox 697 4048 830 4118; x_wconf 88' lang='lat' dir='ltr'>clericos</span> <span class='ocrx_word' id='word_1_294' title='bbox 853 4049 887 4117; x_wconf 92' lang='lat' dir='ltr'>in</span> <span class='ocrx_word' id='word_1_295' title='bbox 911 4047 1011 4115; x_wconf 91' lang='lat' dir='ltr'>sacris</span> <span class='ocrx_word' id='word_1_296' title='bbox 1033 4050 1234 4120; x_wconf 90' lang='lat' dir='ltr'>constitutos.</span> 
     </span>
     <span class='ocr_line' id='line_1_35' title="bbox 95 4153 1237 4252; baseline -0.005 -21"><span class='ocrx_word' id='word_1_297' title='bbox 95 4163 185 4252; x_wconf 89' lang='lat' dir='ltr'>Ergo</span> <span class='ocrx_word' id='word_1_298' title='bbox 206 4183 321 4229; x_wconf 88' lang='lat' dir='ltr'>revera</span> <span class='ocrx_word' id='word_1_299' title='bbox 341 4183 397 4252; x_wconf 88' lang='lat' dir='ltr'>per</span> <span class='ocrx_word' id='word_1_300' title='bbox 419 4157 552 4228; x_wconf 92' lang='lat' dir='ltr'>modum</span> <span class='ocrx_word' id='word_1_301' title='bbox 571 4155 770 4248; x_wconf 86' lang='lat' dir='ltr'>exceptionis</span> <span class='ocrx_word' id='word_1_302' title='bbox 792 4164 825 4223; x_wconf 87' lang='lat' dir='ltr'>et</span> <span class='ocrx_word' id='word_1_303' title='bbox 845 4153 1009 4245; x_wconf 88' lang='lat' dir='ltr'>privilegii</span> <span class='ocrx_word' id='word_1_304' title='bbox 1027 4153 1153 4224; x_wconf 90' lang='lat' dir='ltr'>clericis</span> <span class='ocrx_word' id='word_1_305' title='bbox 1173 4159 1237 4225; x_wconf 90' lang='lat' dir='ltr'>mi-</span> 
     </span>
     <span class='ocr_line' id='line_1_36' title="bbox 97 4259 1237 4339; baseline -0.004 -2"><span class='ocrx_word' id='word_1_306' title='bbox 97 4291 217 4339; x_wconf 86' lang='lat' dir='ltr'>norum</span> <span class='ocrx_word' id='word_1_307' title='bbox 227 4267 389 4338; x_wconf 90' lang='lat' dir='ltr'>ordinum</span> <span class='ocrx_word' id='word_1_308' title='bbox 409 4285 595 4336; x_wconf 86' lang='lat' dir='ltr'>concessum</span> <span class='ocrx_word' id='word_1_309' title='bbox 612 4269 660 4332; x_wconf 89' lang='lat' dir='ltr'>est</span> <span class='ocrx_word' id='word_1_310' title='bbox 677 4262 712 4331; x_wconf 89' lang='lat' dir='ltr'>in</span> <span class='ocrx_word' id='word_1_311' title='bbox 727 4261 833 4330; x_wconf 89' lang='lat' dir='ltr'>causis</span> <span class='ocrx_word' id='word_1_312' title='bbox 848 4259 925 4330; x_wconf 90' lang='lat' dir='ltr'>fidei</span> <span class='ocrx_word' id='word_1_313' title='bbox 941 4260 1120 4330; x_wconf 81' lang='lat' dir='ltr'>notariatus</span> <span class='ocrx_word' id='word_1_314' title='bbox 1139 4285 1237 4332; x_wconf 85' lang='lat' dir='ltr'>exer-</span> 
     </span>
    </p>
   </div>
   <div class='ocr_carea' id='block_1_3' title="bbox 0 0 1522 4980">
    <p class='ocr_par' dir='ltr' id='par_1_3' title="bbox 0 0 1522 4980">
     <span class='ocr_line' id='line_1_37' title="bbox 0 0 1522 4980; baseline 0 0"><span class='ocrx_word' id='word_1_315' title='bbox 0 0 1522 4980; x_wconf 95' lang='lat' dir='ltr'> </span> 
     </span>
    </p>
   </div>
  </div>
 </body>
</html>
