3030 4980
541 491 615 538 raas
637 490 783 540 arcanus.
1162 473 1219 538 ltt

94 635 111 673 a
132 609 341 679 &ananum
353 631 432 681 vero
444 610 575 682 uadunt
586 611 729 684 Nicolius
744 665 797 701 ...‚
810 613 963 684 Sbrozius
978 666 1030 702 ...‚
1042 615 1223 698 Quaranta;

94 739 110 776 a
134 713 196 779 nisi
219 719 326 783 umen
348 713 431 786 adsit
450 715 647 786 consuetudo
669 717 779 808 plures
797 716 947 787 Vicarios
965 717 1129 808 generales
1146 740 1226 788 cou-

94 843 111 884 a
134 817 277 906 stituere,
294 827 329 890 ut
343 828 432 890 notat
443 821 565 890 ibidem
579 821 735 909 Nicolius,
752 837 785 892 et
795 823 1004 893 Monacellus.
1023 849 1039 888 a

136 930 170 994 2⁰
195 925 423 996 Abstraboudo
446 951 465 995 a
488 928 664 998 Sacrorum
688 931 987 1020 congregationum
1014 952 1224 1000 romanarum

89 1033 175 1123 stylo
196 1041 228 1102 et
251 1031 532 1123 declarationibus,
559 1037 642 1104 mibi
666 1034 795 1106 videtur
813 1036 1054 1124 sustinendum,
1075 1059 1167 1129 posse
1184 1039 1226 1106 ab

89 1141 249 1232 Episcopo
266 1141 377 1231 plures
396 1142 548 1214 constitui
568 1143 716 1214 Vicarios
737 1144 916 1234 generales,
933 1145 1035 1214 etiam
1050 1145 1130 1214 citra
1144 1145 1227 1215 titu-

88 1247 162 1316 lum
188 1246 440 1316 cousuetudinis.
466 1249 551 1318 Nam
578 1259 704 1318 certum
724 1261 772 1319 est
804 1251 873 1342 (per
892 1251 1026 1320 titulum
1050 1251 1090 1320 de
1112 1251 1227 1343 Officio

96 1354 227 1434 Viturii,
244 1354 279 1422 in
302 1353 405 1446 sexto)
427 1377 519 1446 posse
541 1355 585 1425 ab
601 1353 768 1448 Episcopis
789 1358 943 1428 constitui
961 1359 1108 1429 Vicarios
1129 1377 1229 1447 gene-

89 1461 185 1530 rales.
214 1461 317 1531 Porro
341 1461 414 1530 talis
437 1469 576 1554 potestas
597 1485 665 1532 non
684 1474 732 1532 est
751 1466 921 1534 arbitraria
943 1464 1168 1556 restringenda
1186 1464 1228 1534 ad

90 1568 229 1636 unicum
248 1589 308 1659 pro
327 1591 523 1662 unaquaque
539 1569 668 1640 diaecesi
689 1571 861 1640 Vicarium
882 1572 1081 1660 generalem,
1103 1573 1166 1641 nisi
1187 1595 1229 1641 ex

90 1674 201 1764 aliqua
223 1674 372 1743 Ecclesiae
387 1675 469 1765 lege,
488 1675 539 1745 vel
558 1698 600 1744 ex
611 1675 685 1766 jure
704 1677 856 1761 naturali,
877 1676 928 1746 vel
948 1700 989 1746 ex
1008 1677 1118 1768 aliqua
1132 1675 1229 1744 suffi-

90 1782 188 1848 cienti
203 1782 390 1851 auctoritate
405 1784 561 1853 restrictio
581 1782 730 1855 concludi
749 1785 862 1854 valeat.
885 1785 987 1853 Porro
1002 1785 1127 1876 primo,
1150 1782 1230 1852 nul-

90 1888 144 1956 lus
153 1898 242 1956 extat
251 1888 335 1979 juris
346 1898 454 1958 textus
469 1891 527 1980 qui
542 1891 678 1959 unicum
692 1891 843 1960 constitui
859 1891 1030 1960 vicarium
1044 1889 1229 1980 generalem

91 1995 254 2063 decernat.
274 1995 436 2078 Secundo,
458 2018 517 2064 nec
539 1997 626 2065 idem
644 1999 718 2088 jure
734 1999 874 2066 naturali
891 1998 1086 2090 precipitur,
1103 2007 1139 2065 ut
1154 1995 1231 2064 satis

91 2109 191 2190 patet.
210 2100 326 2181 Tertio,
344 2123 403 2170 nec
424 2102 561 2170 babetur
579 2103 613 2171 in
631 2101 695 2171 bac
709 2126 743 2171 re
758 2105 947 2172 communis
965 2101 1136 2172 doctorum
1155 2124 1231 2171 sen-

92 2206 203 2274 tentia.
237 2210 374 2290 Quarto,
405 2230 463 2278 uec
490 2209 574 2278 valet
601 2210 841 2299 argumentatio
868 2234 888 2280 a
911 2211 982 2301 pari
1010 2231 1113 2279 exeo
1142 2207 1247 2300 quod*

91 2314 208 2382 unicus
234 2314 386 2384 constitui
415 2315 518 2384 valeat
548 2315 630 2384 Sede
662 2326 794 2385 vacante
824 2317 976 2388 Vicarius
1005 2315 1193 2408 capitularis
1220 2341 1228 2382 :

93 2443 172 2488 nam
188 2429 408 2512 prmterquam
425 2421 513 2512 quod
526 2421 625 2492 thesis
639 2421 679 2491 de
693 2423 790 2492 unico
805 2423 936 2495 Vinaria
952 2423 1121 2515 capitulari
1137 2423 1232 2491 babet

92 2526 155 2594 sibi
184 2527 348 2596 laventem
376 2527 576 2598 Tridentium
606 2529 724 2620 synodi
753 2537 894 2616 textum,
926 2539 958 2597 et
985 2529 1094 2620 plures
1121 2528 1229 2597 Sacrae

91 2633 361 2722 Congregationis
382 2633 519 2702 Concilii
547 2634 777 2703 declarationes
801 2657 876 2726 qum
905 2657 975 2702 rem
999 2642 1120 2703 certam
1146 2633 1230 2700 fece-

92 2749 183 2824 runt,
205 2740 287 2808 ratio
302 2739 408 2830 quoad
429 2749 606 2830 utrumqne
621 2742 756 2810 omuino
778 2741 906 2810 diversa
922 2741 1050 2810 militat.
1069 2741 1106 2811 Si
1122 2740 1231 2832 plures

93 2867 212 2934 nempe
242 2853 424 2914 statuantur
451 2845 643 2936 capitulares
669 2847 804 2932 Vicarii,
834 2847 1033 2937 periclitatur
1061 2845 1231 2935 regiminis

93 2951 214 3020 unitos.
231 2951 331 3021 Secus
345 2963 454 3022 autem
476 2952 559 3022 Sede
574 2953 686 3045 plena3
703 2954 780 3045 quia
794 2955 853 3022 etsi
868 2964 944 3022 tunc
966 2953 1076 3044 plures
1091 2953 1155 3020 sint
1170 2952 1232 3021 Vi-

91 3058 171 3128 carii
189 3059 367 3147 generales,
389 3061 506 3128 unicus
525 3069 573 3128 ost
593 3061 781 3151 Episcopus.
805 3061 878 3129 Non
900 3082 978 3149 ergo
996 3059 1079 3128 milri
1100 3059 1230 3150 probari

92 3185 187 3256 posse
203 3164 331 3234 videtur
344 3165 500 3254 obligatio
515 3165 666 3257 Episcopi
681 3166 817 3234 unicum
831 3165 1004 3234 dumtaxat
1017 3163 1232 3234 constituendi

93 3271 265 3340 Vioarium
285 3272 486 3361 generalem,
507 3273 572 3340 nisi
593 3273 677 3341 torte
696 3273 911 3341 exhibeantur
929 3272 965 3339 in
987 3273 1075 3343 hunc
1098 3293 1231 3341 sensum

92 3377 190 3447 clarae
203 3378 503 3468 congregationum
518 3401 730 3448 romanarum
746 3379 988 3448 declarationes.

141 3487 175 3553 3⁰
200 3485 271 3574 Ego
296 3507 374 3554 vero
397 3485 558 3576 ajarsmodi
582 3486 813 3556 declarationes
835 3486 942 3555 nullas
962 3488 1039 3557 novi
1061 3509 1135 3578 qum
1161 3507 1231 3554 rem

92 3591 293 3660 sufficienter
308 3591 465 3660 dirimam
481 3593 541 3682 (l).
836 3627 838 3632 ·

138 3695 282 3779 Quusrro
302 3703 346 3766 2¹.
371 3737 415 3750 -
436 3702 487 3769 Aa
511 3699 637 3770 duatus
659 3700 844 3770 dicacesibte
866 3699 1094 3792 principaliter
1118 3699 1230 3781 unitr's,

93 3817 244 3874 teneatur
272 3805 452 3896 epsicopus
480 3806 560 3876 duos
592 3807 734 3877 Vicandos
761 3807 925 3897 qmerolcs
952 3808 1163 3878 constituere?
1188 3844 1233 3860 -

125 4021 158 4084 (t)
172 4019 205 4070 lis
213 4018 240 4070 in
252 4019 328 4082 loeis,
337 4019 365 4072 in
379 4020 472 4084 qulbus
486 4020 595 4072 invaluit
607 4021 767 4074 cousuetudo
776 4023 866 4086 plo-res
876 4021 1050 4074 constituendi
1061 4021 1178 4074 vicarios
1186 4037 1234 4088 ga-

92 4099 205 4161 nerales,
216 4103 292 4165 prout
307 4099 331 4149 in
346 4101 434 4160 Gallia,
447 4101 518 4151 nulla
531 4101 634 4152 videtur
648 4102 746 4152 moveri
761 4117 838 4166 posse
852 4101 989 4154 difficultas
1002 4119 1009 4151 :
1021 4117 1081 4154 nam
1093 4103 1142 4166 ipsi
1156 4104 1233 4153 etiam

92 4184 222 4242 auctores,
241 4180 285 4244 qui
301 4180 427 4231 sustinent
444 4181 550 4231 unicum
566 4182 698 4232 dumtaxat
717 4183 838 4235 constitui
857 4195 1049 4250 persecurum
1067 4187 1234 4247 praeaerraut,

93 4275 146 4328 quo
157 4261 262 4314 adesam
274 4262 403 4316 wabarie
414 4261 585 4315 comaetado.
