2998 4984
533 487 608 536 ems
630 487 776 536 6666666.
1158 469 1220 536 369

82 631 101 672 c
123 627 179 674 eos
199 607 408 678 matrimonio
429 607 640 701 conjungeret
655 636 707 697 ...;
732 609 896 702 proposita
918 608 1051 678 fuerunt
1069 607 1134 678 dno
1150 609 1221 680 heec

81 740 99 778 6
123 711 224 782 dubia
240 741 247 781 :
264 719 297 782 1ο
311 717 361 784 Aa
371 729 491 786 constet
504 716 544 786 de
559 717 730 788 validitate
743 717 951 785 matrimonii
968 716 1160 800 166666,·2ο
1177 740 1221 786 cn

82 845 99 884 «
122 820 627 892 61116666ἰὶἱίυενευαίἰᾶαεὶοηὶ.
645 825 705 892 Die
719 846 795 892 vero
811 826 852 891 22
869 822 983 914 aprilis
1002 826 1085 890 1719
1101 824 1221 914 prodiit

82 953 99 990 u
124 929 320 1019 rescriptum
337 927 408 998 :Ad
409 930 562 1019 primum
574 931 785 1021 affimatioe.
798 929 850 999 Ad
856 928 1047 1012 secuudum,
1057 931 1138 998 sctis
1143 954 1224 1022 pro·

82 1060 99 1098 u
123 1034 402 1127 suuminprimo
418 1037 517 1128 (6116
532 1037 617 1107 libro
635 1042 674 1106 69
692 1039 918 1123 Decretorum,
935 1059 1011 1129 pag.
1030 1036 1118 1127 189).
1136 1064 1153 1103 s

123 1140 251 1210 Pariter
277 1143 312 1212 16
334 1166 432 1212 causa
462 1143 617 1213 Callioui
644 1149 682 1212 17
705 1144 837 1234 augusti
866 1147 949 1211 1776
976 1145 1021 1234 (16
1046 1145 1220 1228 Thesauro,

76 1250 161 1313 tom.
181 1250 237 1336 16,
257 1271 332 1340 pag.
352 1249 428 1339 100)
444 1251 554 1340 egitur
568 1250 608 1318 de
623 1249 830 1319 matrimonio
845 1272 957 1318 coram
978 1249 1110 1319 Vicario
1125 1273 1224 1340 gene-

76 1351 151 1439 rali,
167 1377 209 1422 ex
221 1356 402 1448 improviso
418 1357 580 1450 etabsque
591 1357 666 1425 ullis
677 1357 810 1448 praeviis
822 1357 1135 1446 denuntiationibus,
1146 1381 1223 1428 cum

77 1459 213 1528 testibus
235 1471 346 1531 tamen
369 1464 547 1555 requisitis,
571 1464 672 1550 inito3
698 1471 729 1532 ct
755 1462 797 1531 ad
815 1462 956 1532 dubium
980 1486 1023 1533 an
1040 1473 1163 1534 constet
1184 1467 1224 1534 de

77 1565 152 1634 telis
166 1569 370 1638 matrimonii
385 1570 545 1658 nullitate,
563 1570 781 1662 respondetur
793 1571 954 1662 nepotioe.

122 1673 189 1742 Nec
209 1679 319 1744 minus
343 1686 453 1767 aperte
478 1676 562 1745 Rota
574 1677 697 1748 Vicarii
717 1677 879 1768 generalis
897 1677 1048 1768 Episcopi
1067 1679 1226 1769 jurisdic-

76 1786 199 1854 tionem
229 1793 387 1875 tanquam
418 1782 617 1852 ordinarium
650 1783 765 1873 hebet3
791 1792 889 1876 prout
913 1785 1020 1873 legere
1048 1793 1108 1871 est,
1133 1787 1227 1856 verbi

75 1892 196 1982 gratia,
213 1890 377 1958 decisione
396 1891 458 1958 608
475 1913 585 1960 coram
607 1891 745 1960 Coccino
770 1890 815 1982 (16
838 1913 935 1960 cause
959 1890 1110 1960 Pientina
1130 1895 1147 1960 6
1166 1893 1226 1984 ju-

75 1999 128 2068 nii
144 1998 240 2088 1611)
260 1999 321 2068 hoc
336 1997 456 2066 modo:
477 2025 494 2064 6
514 2000 552 2066 16
568 1997 620 2065 his
640 2020 714 2088 qnae
735 1998 872 2067 veniunt
891 1998 954 2066 sub
968 1997 1113 2086 generali
1130 2022 1227 2070 man·

79 2132 98 2172 c
123 2106 211 2192 dato,
228 2104 380 2174 Vicarius
397 2107 486 2173 venit
499 2105 714 2196 appellatione
739 2103 934 2172 Ordinorii:
957 2128 1049 2173 secus
1064 2115 1173 2175 autem
1189 2109 1224 2175 in

79 2240 98 2279 α
122 2213 174 2281 his
188 2236 261 2304 quse
279 2235 345 2280 non
359 2212 568 2280 continentur
587 2213 652 2302 (l);
668 2212 749 2303 quia
762 2212 797 2278 in
812 2211 877 2279 illis
888 2219 937 2280 est
951 2211 1128 2303 delcpotus.
1146 2239 1163 2277 6

123 2319 270 2406 Omissis,
287 2341 363 2411 quae
380 2318 515 2387 ulterius
529 2319 661 2408 congeri
675 2327 818 2410 possent,
831 2309 1034 2386 documentis
1049 2319 1224 2409 ejusmodi,

72 2427 393 2518 argumentationem
424 2427 469 2493 sic
492 2425 693 2493 resumimus
711 2448 756 2492 :a
779 2425 924 2494 romanis
949 2425 1127 2494 dicesteriis
1153 2435 1226 2496 166-

72 2555 175 2623 quam
197 2530 397 2599 ordinariam
417 2530 529 2598 haberi
549 2529 809 2619 jurisdictionem
830 2529 955 2600 Vicmii
970 2531 1132 2620 generalis
1146 2533 1226 2624 Epi·

72 2638 178 2730 seopi,
199 2637 396 2729 jamdudum
416 2645 541 2705 constat
562 2659 604 2705 ex
625 2659 739 2705 eorum
763 2637 858 2727 praxi
876 2645 908 2706 et
934 2634 1224 2727 declarationibus;

72 2745 167 2836 atqui
182 2767 223 2812 ex
244 2744 305 2812 hoc
328 2743 397 2812 sclo
417 2744 500 2811 16616
520 2752 605 2812 certe
626 2743 780 2812 evasisset
799 2745 884 2812 dicta
902 2743 1076 2832 sententie,
1096 2745 1223 2814 etiamsi

71 2860 171 2920 antea
190 2852 225 2918 in
241 2850 379 2918 dubium
395 2849 541 2918 revocari
563 2849 736 2941 potuisset;
754 2872 833 2939 ergo
850 2848 1048 2940 jamdudum
1074 2862 1160 2919 certe
1175 2862 1224 2920 est

70 2959 234 3028 sententie
248 2979 324 3048 quae
339 2965 425 3024 tenet
439 2955 643 3025 ordinarium
657 2957 737 3047 (666
749 2964 859 3024 autem
872 2955 1062 3048 delegatam)
1075 2981 1144 3026 esse
1161 2960 1221 3030 Vi·

69 3065 237 3134 66616666
254 3063 457 3155 generalium
470 3063 745 3153 jurisdictionem.

119 3171 263 3253 Qunsuo
294 3173 339 3238 3⁸.
366 3209 410 3222 -
432 3171 483 3238 Aa
506 3171 616 3239 valeat
636 3169 818 3262 Episcopus
846 3171 968 3238 Viccrii
988 3170 1040 3238 sui
1061 3174 1220 3261 generalis

59 3279 336 3376 jurisdictionem
346 3300 410 3369 pro
424 3277 563 3345 arbitrio
586 3279 802 3368 restringere?
823 3315 868 3329 —
885 3303 902 3342 u
921 3279 1104 3370 Episcopus
1111 3293 1221 3370 potest

73 3416 96 3455 u
119 3387 362 3479 quamplurima
379 3385 440 3452 sibi
461 3407 648 3454 reservare:
673 3408 731 3452 nec
754 3391 882 3453 tenetur
903 3394 1003 3453 totam
1019 3385 1220 3476 jurisdictio-

73 3523 96 3562 «
119 3517 195 3563 nem
210 3517 270 3562 suo
284 3492 416 3563 Vicaric
430 3493 683 3560 communicare.
702 3517 719 3556 s
739 3493 786 3558 lte
800 3491 932 3579 Riganti
950 3491 998 3582 (16
1011 3491 1160 3580 regulam
1177 3496 1219 3562 11

66 3599 332 3690 Cancellariae,§
355 3603 386 3687 3,
402 3622 436 3666 6.
456 3601 546 3690 186),
562 3608 594 3667 61
615 3597 709 3666 affert
730 3599 847 3666 citetus
868 3607 981 3666 auctor
994 3597 1028 3666 16
1051 3599 1220 3690 probatio-

65 3733 149 3782 nem
167 3710 275 3801 plures
288 3708 382 3777 Rotae
399 3707 590 3792 decisiones,
607 3727 726 3795 nempe
748 3733 754 3772 :
777 3705 841 3772 diei
861 3709 879 3772 5
894 3705 970 3772 maii
993 3709 1091 3790 1686,
1109 3727 1218 3776 coram

64 3817 208 3902 Caecia3
230 3814 328 3882 dieil
353 3812 465 3904 aprilis
491 3815 589 3897 1686,
614 3832 726 3878 coram
749 3810 925 3888 Matthaeo;
945 3809 1052 3900 ljulii
1072 3811 1219 3901 ejusdem

62 3923 165 4010 anni,
181 3933 211 3989 et
229 3925 265 3988 17
284 3919 444 3989 februarii
462 3922 562 4007 1689,
575 3939 683 3986 eorem
699 3917 826 3984 eodem.

115 4029 154 4098 ld
180 4039 288 4098 temen
313 4027 445 4097 videtur
471 4027 581 4118 eliqua
606 4025 812 4093 distinctione
839 4024 998 4114 indigere.
1023 4025 1106 4094 Nam
1130 4028 1217 4117 quod

99 4284 137 4351 (1)
150 4283 249 4346 Nempe
266 4279 293 4330 tn
309 4278 425 4345 generali
438 4277 568 4330 mandato.
1019 4360 1058 4420 u

235 4379 255 4424 1.
