3030 4980
536 530 610 576 utus
632 527 777 576 SECUNDA.

86 670 146 738 pur
160 657 209 718 est
230 648 392 720 celeritate
413 650 524 719 omniu
550 651 723 742 expedire;
742 655 775 717 2⁰
792 651 820 718 si
844 672 909 718 uon
933 650 1013 719 adeo
1034 648 1075 718 sit
1096 651 1131 719 in
1152 651 1227 740 jure

86 757 240 826 canonico
267 765 426 844 versatus,
452 780 511 828 uec
540 757 724 834 doctiorem¹
748 759 889 849 reperiat
917 757 1096 850 Episcopus
1129 781 1228 849 quem

87 864 149 955 ipsi
164 863 338 934 substituat
353 892 361 932 :
377 874 455 934 tuuc
469 865 556 934 euim
569 865 692 934 utiliter
707 865 755 932 illi
779 859 977 956 adjungetur
991 864 1132 934 Auditor
1144 866 1230 958 juris

88 973 224 1061 peritus.
252 971 293 1040 Et
318 995 405 1063 saepe
434 974 625 1065 reperietur,
651 973 708 1064 qui
735 972 904 1041 Auditoris
928 971 1033 1040 officio
1055 981 1149 1065 aptus
1174 973 1228 1061 sit,

86 1077 162 1146 licet
174 1077 326 1147 cumdem
340 1101 406 1147 uon
422 1079 532 1148 deceat
550 1080 603 1170 (ob
623 1102 741 1170 parum
759 1087 946 1169 provectam
966 1087 1105 1167 aetatam,
1123 1079 1230 1150 aliave

88 1184 129 1252 de
145 1184 251 1276 causa)
266 1185 307 1254 ad
324 1187 518 1256 vicariatum
533 1185 718 1276 generalem
742 1187 939 1279 promoveri.

134 1293 277 1376 Qursrro
294 1297 337 1362 3¹.
351 1333 396 1346 -
414 1293 503 1376 Quid
521 1292 760 1362 obseruandum
775 1293 811 1360 irc
835 1292 992 1362 mandato
1013 1316 1077 1384 quo
1092 1293 1231 1362 Auditor

88 1401 280 1491 episcopalis
304 1402 403 1470 curiae
428 1401 714 1470 comtituitort—
738 1401 787 1469 Ne
809 1402 960 1470 oriantur
981 1402 1066 1470 circa
1088 1401 1232 1471 valorem

88 1515 222 1576 actuum
244 1531 301 1598 per
317 1508 478 1599 ejusmodi
493 1508 688 1576 Auditorum
711 1517 878 1598 gestorum
898 1507 1101 1578 difficultates
1123 1517 1155 1578 et
1169 1509 1232 1578 du-

88 1617 156 1699 bia,
173 1615 258 1683 clare
281 1616 316 1683 iu
332 1615 551 1706 deputationis
574 1615 792 1684 instrumento
816 1616 1069 1707 exprimendum
1093 1625 1153 1704 ast,
1170 1617 1232 1707 ipsi

89 1722 231 1790 conferri
243 1720 503 1813 jurisdictionem
516 1721 561 1790 od
567 1721 810 1813 procedendum
822 1721 857 1789 irc
869 1723 984 1803 causis,
997 1723 1049 1790 ool
1058 1745 1234 1792 comarum

90 1829 239 1898 articulis
253 1829 283 1898 ci
296 1829 487 1912 commissis,
506 1843 698 1898 nontamen
715 1827 762 1896 od
779 1829 908 1898 casdem
926 1851 1040 1897 comos
1059 1831 1234 1898 sententia-

91 1938 167 2005 liter
182 1935 394 2006 dirimcndos.
412 1937 502 2004 lutra
516 1936 610 2027 cujus
626 1936 770 2004 mandati
784 1936 878 2024 fines,
895 1935 923 2004 si
941 1959 1009 2004 sese
1025 1937 1232 2025 continuerit,

91 2053 180 2113 certo
196 2044 350 2114 valebunt
364 2044 584 2136 processuules
598 2051 688 2111 actus
704 2065 761 2134 per
775 2065 851 2112 eum
866 2043 949 2132 gesti
966 2070 973 2110 :
992 2065 1083 2112 secus
1097 2043 1125 2112 si
1143 2069 1235 2114 uian-

92 2151 160 2219 dati
175 2150 256 2220 fines
271 2151 455 2220 excesserit.

138 2259 194 2326 list
209 2265 317 2327 autem
338 2257 527 2349 hujusmodi
541 2257 740 2327 Auditorum
761 2257 945 2348 jurisdictio
965 2280 1054 2328 mere
1073 2258 1231 2350 delegata,

93 2389 160 2435 uou
181 2364 356 2434 ordinaria.

138 2474 281 2556 Qumsrm
297 2477 327 2542 l.
346 2511 391 2524 -
405 2475 454 2542 Au
469 2472 512 2541 ab
526 2471 683 2542 Auditorc
697 2471 793 2540 datur
808 2473 1008 2563 appellatio?
1023 2513 1067 2527 -
1082 2474 1135 2543 Ad
1150 2485 1234 2544 recta

94 2580 283 2650 solvendam
299 2581 513 2672 quaestionem
529 2579 632 2664 illam,
648 2577 820 2666 diligenter
832 2579 1046 2670 expendenda
1066 2589 1114 2650 est
1135 2583 1235 2650 luno-

94 2689 192 2756 ceutii
215 2689 260 2756 lll
285 2687 452 2756 decretalis
479 2690 588 2777 Super
613 2686 826 2777 quaestionem
844 2687 910 2778 (27,
926 2686 1012 2755 tituli
1034 2692 1090 2774 29,
1115 2689 1191 2757 fibri
1218 2695 1231 2756 l

94 2795 337 2884 Decretalium).
353 2795 434 2862 Tres
447 2815 565 2884 nempe
579 2815 672 2862 casus
688 2792 733 2860 ibi
748 2792 921 2884 distinguit
934 2793 1132 2863 clarissimus
1145 2797 1236 2865 Pon-

97 2905 210 2973 tifex:
240 2907 270 2970 t⁰
295 2923 406 2970 casum
429 2924 494 2992 quo
517 2901 619 2991 judex
651 2899 749 2967 alicui
777 2899 952 2968 committit
976 2913 1081 2970 totam
1106 2926 1236 2972 causam

95 3009 331 3102 expediendam
340 3036 349 3096 ;
364 3012 397 3076 2⁰
412 3029 522 3076 cusum
538 3030 603 3098 quo
611 3007 831 3098 principium,
843 3008 895 3075 oet
903 3008 1004 3088 finem
1019 3030 1125 3077 causae
1141 3009 1238 3078 dum-

95 3127 185 3188 taxat
200 3117 385 3202 eommittit5
406 3119 437 3181 3·
452 3137 563 3182 cusum
583 3136 648 3205 quo
673 3115 846 3182 committit
866 3113 1069 3184 solummodo
1091 3117 1238 3186 medium

95 3248 216 3294 causeo.
234 3223 384 3291 Deceruit
398 3232 506 3289 autem
523 3221 558 3288 iu
572 3219 701 3289 duobus
716 3221 880 3311 prioribus
896 3221 1024 3290 casibus
1040 3222 1110 3290 duri
1123 3227 1239 3315 appel-

96 3332 250 3400 lationem
270 3357 277 3398 :
295 3331 330 3398 iu
344 3329 438 3398 tertio
454 3349 532 3397 vero
547 3349 624 3394 casu
647 3349 713 3395 uon
736 3326 821 3413 dari,
838 3327 901 3395 uisi
920 3350 961 3396 ex
983 3327 1105 3419 duplici
1129 3353 1238 3419 causa,

97 3461 215 3530 nempe
234 3437 366 3528 :primo
389 3433 520 3526 quando
543 3433 589 3501 sic
612 3433 784 3527 deputatus
809 3439 890 3501 lines
917 3434 1061 3504 mandeti
1084 3438 1238 3520 excessit3

95 3544 236 3616 secundo
252 3541 383 3633 quaudo
397 3541 514 3608 merito
530 3549 578 3608 est
593 3547 773 3630 suspectus.
790 3537 840 3606 Eu
852 3539 922 3628 ipsa
936 3538 1102 3606 decretalis
1115 3541 1214 3608 verba
1231 3569 1238 3610 :

100 3657 185 3724 Cum
211 3663 316 3718 totam
342 3669 476 3717 causam
494 3647 624 3739 (judea)
641 3645 818 3713 committit
844 3644 953 3725 alicui,
971 3644 1024 3712 uel
1039 3645 1242 3738 principium

97 3775 160 3829 aot
169 3762 268 3842 limem
281 3759 392 3848 ipsius,
406 3757 448 3825 ab
459 3779 495 3824 eo
511 3767 673 3846 tanquam
685 3776 707 3820 o
716 3751 830 3843 judice
840 3764 947 3841 potest
957 3752 1043 3822 licite
1051 3757 1238 3844 provocari.

101 3872 188 3937 Cum
202 3880 314 3936 autem
328 3865 428 3934 alicui
441 3862 586 3932 medium
600 3873 732 3930 tantum
745 3859 933 3940 committit,
944 3860 986 3926 ab
998 3859 1067 3951 ipso
1081 3873 1242 3952 tauquam

98 3976 142 4046 ab
158 3973 314 4044 Auditorc
329 3970 503 4064 provocari
524 3991 588 4038 non
605 3979 724 4059 potest,
742 3965 806 4034 nisi
826 3965 980 4034 mandati
992 3969 1075 4057 fines
1094 3970 1240 4052 accedat,

98 4082 153 4149 ool
165 4080 283 4148 merito
298 4078 340 4146 sit
353 4089 527 4168 suspectus.

147 4188 238 4255 Hanc
252 4208 331 4275 argo
346 4185 431 4276 juris
447 4181 690 4274 dispositionem
705 4178 896 4270 applicando
916 4178 1057 4249 auditori
1077 4182 1243 4274 opiscopo-

101 4294 143 4366 lis
159 4293 271 4384 curiae,
290 4287 462 4358 dicendum
482 4313 489 4354 ε
