3032 4976
545 471 620 519 enas
643 471 750 519 eninr.
1150 451 1214 518 303

116 593 260 676 anrsno
278 595 326 662 2⁸.
344 629 389 644 -
405 593 593 684 Quotupler
606 593 830 684 distinpuatur
839 589 1015 683 probatio?
1028 631 1072 645 -
1086 591 1215 662 Distin-

68 701 187 790 guitur
210 705 241 767 1ο
256 699 433 770 artificialis
451 709 483 769 et
503 699 726 769 inartificialis.
751 699 941 790 Artifieialis
961 700 1092 788 dieitur,
1114 724 1215 792 quam

67 807 215 897 probans
229 813 299 875 erte
309 828 367 876 seu
378 806 539 876 industrie
551 806 682 898 propria
695 805 825 875 oonfioit
836 829 894 899 per
907 815 1101 896 argumenta
1112 830 1153 876 ex
1168 807 1216 876 rei

68 913 255 982 visceribus
270 913 379 1004 petite.
401 912 456 981 Ad
471 912 721 982 discernendam
737 912 900 1003 ejusmodi
915 911 1114 1005 probationis
1130 914 1216 998 vim,

69 1019 176 1088 nullae
194 1019 267 1090 aliae
287 1019 372 1088 tradi
388 1027 524 1112 possunt
542 1019 667 1110 regulae
690 1041 792 1111 quem
815 1019 947 1109 logices.
969 1018 1064 1088 Unde
1079 1019 1163 1089 nihil
1177 1020 1218 1089 de

68 1125 135 1194 ban
154 1126 386 1218 probationum
405 1128 511 1218 speeie
529 1126 693 1214 dieemns3
717 1127 796 1219 quia
817 1135 914 1195 reotae
929 1124 1052 1218 judicis
1072 1127 1217 1197 estima-

66 1232 157 1302 tioni
173 1241 241 1302 tota
254 1233 460 1326 relinquitur.
478 1232 702 1324 Inertifieielis
712 1231 768 1301 ille
783 1240 844 1321 est,
856 1255 932 1325 quen
946 1251 1013 1304 non
1028 1252 1070 1302 ex
1084 1234 1217 1304 visceri·

67 1339 136 1409 bus
154 1340 214 1429 rei,
234 1341 292 1408 sed
310 1340 511 1410 extrinsecus
534 1341 730 1419 assumitur;
749 1361 866 1431 nempe
887 1363 907 1408 a
928 1340 1074 1420 testibus,
1092 1341 1218 1411 instru-

67 1447 206 1540 mentis,
222 1444 435 1533 confessione,
450 1445 654 1538 juramento,
669 1455 730 1516 ete.

114 1549 284 1620 Dividitur
300 1555 333 1619 2·
348 1552 382 1620 in
399 1552 530 1643 plenam
546 1561 578 1622 et
597 1553 846 1644 semi-plenem.
869 1553 972 1622 Plena
990 1553 1121 1641 dieitur,
1142 1577 1217 1646 quae

66 1659 205 1749 plenam
219 1658 318 1728 fidem
333 1660 409 1729 feeit
418 1659 520 1751 judici
531 1658 571 1728 de
587 1682 623 1727 re
637 1660 670 1727 in
679 1658 844 1750 judicium
855 1659 1004 1748 deducta,
1021 1683 1077 1729 seu
1091 1683 1165 1752 quae
1175 1662 1219 1730 ita

68 1767 205 1835 eumin
225 1787 321 1836 eausa
340 1765 485 1853 instruit,
507 1778 544 1834 ut
558 1767 650 1835 nullo
668 1765 731 1834 alio
746 1765 884 1836 ulterius
898 1769 1067 1860 requisito,
1084 1777 1217 1837 senten-

69 1873 156 1941 tiam
171 1872 255 1942 ferre
268 1883 301 1942 et
313 1873 570 1943 controversiam
584 1871 720 1941 delinire
733 1872 846 1964 possit.
865 1874 1070 1966 Semi-plena
1084 1874 1142 1943 illa
1154 1885 1216 1961 est,

70 2002 114 2048 ex
136 2003 201 2071 qua
216 1979 319 2070 judex
344 1980 437 2050 valde
458 1978 680 2072 probabiliter,
704 1979 877 2048 veritatem
898 1980 938 2049 de
957 2002 993 2049 re
1012 1991 1219 2051 controversa

70 2086 269 2177 introspicit,
283 2109 349 2156 non
362 2095 472 2155 temen
487 2093 574 2155 certo
590 2096 701 2154 notam
718 2085 826 2154 babet.
1193 2157 1196 2168 ,

119 2193 199 2276 Duri
210 2194 439 2285 semi-plenam
450 2192 676 2286 probationem
687 2202 807 2283 negant
819 2194 1047 2287 qnidamjuris
1059 2198 1215 2286 consulti3

72 2300 164 2369 unde
179 2309 210 2368 et
225 2300 309 2368 hano
321 2299 516 2370 divisionem
531 2299 730 2392 probationis
746 2301 779 2368 in
796 2299 928 2392 plenam
940 2313 971 2370 et
986 2302 1217 2395 semi-plenam

72 2407 115 2475 de
143 2407 252 2477 medio
274 2408 435 2477 sublatam
461 2407 587 2478 volunt.
615 2407 824 2477 Contendunt
852 2429 970 2500 nempe
994 2409 1218 2500 probationem

75 2513 257 2604 quamlibet
268 2514 321 2585 vel
330 2514 462 2606 plenam
472 2536 553 2602 esse,
565 2513 618 2584 vel
627 2515 814 2584 nullatenus
826 2537 895 2584 esse
907 2515 1149 2606 probationem
1160 2541 1220 2609 pro

75 2643 143 2712 quo
156 2629 189 2689 et
203 2621 378 2690 nonnullos
389 2621 583 2691 lustiuianei
591 2620 675 2712 juris
691 2629 798 2690 textus
809 2619 986 2691 adducunt.
1004 2621 1068 2692 Sed
1080 2625 1219 2694 omnino

75 2729 282 2798 retinendam
294 2751 362 2799 esse
374 2729 458 2798 banc
469 2728 664 2798 divisionem
677 2728 751 2798 vide
766 2729 940 2820 probatum
952 2730 1039 2822 apud
1052 2730 1219 2802 Sohmalz·

74 2835 218 2927 grueber
235 2836 280 2926 lin
296 2837 345 2904 tit.
366 2840 420 2923 19,
437 2835 514 2904 libri
532 2839 551 2903 2
569 2835 709 2924 Deeret,
728 2857 761 2903 n.
782 2836 828 2927 9).

120 2946 265 3027 ansrro
285 2947 332 3012 3⁸.
355 2981 399 2999 -
422 2945 582 3028 Quanam
605 2943 668 3010 sint
680 2943 859 3035 precipue
878 2944 996 3035 speeies
1014 2945 1219 3037 probotionis

70 3053 202 3142 plenae?
216 3087 260 3102 -
270 3049 336 3119 Sex
353 3050 562 3142 potissimum
577 3058 814 3117 enumerantur
830 3076 838 3117 :
859 3053 891 3116 1ο
905 3049 1062 3142 depositio
1076 3051 1218 3122 duorum

74 3157 209 3226 testium
234 3157 326 3226 omni
349 3155 536 3249 exceptione
553 3154 716 3247 majorum
738 3176 918 3248 superruo
938 3154 1118 3249 eodemque
1133 3157 1220 3227 enti*-

74 3265 168 3352 eulo;
185 3267 218 3332 2ο
235 3265 491 3334 instrumentum
506 3262 689 3355 publicum,
712 3262 764 3332 vel
779 3262 842 3331 alia
862 3263 1023 3354 scripture
1036 3263 1222 3334 authentica

74 3371 228 3442 eamdem
256 3372 325 3440 vim
349 3370 508 3463 probandi
538 3369 659 3438 babens
684 3391 722 3438 ae
749 3369 1005 3438 instrumentum
1027 3370 1217 3462 publicum

79 3483 113 3547 3⁰
135 3479 352 3570 praesumptio
369 3477 454 3570 juris
474 3486 506 3546 et
524 3476 563 3546 de
579 3477 675 3567 jure;
692 3481 726 3544 1ο
750 3476 977 3568 juramentum
994 3479 1081 3569 quod
1096 3502 1116 3546 a
1132 3489 1221 3571 parte

76 3584 225 3674 litigante
246 3584 307 3651 sibi
324 3583 469 3652 delatum
485 3605 560 3674 pars
575 3581 712 3650 adverse
725 3591 858 3674 praestat
867 3609 876 3670 3
898 3586 929 3649 5⁰
945 3583 1104 3653 confessio
1114 3585 1220 3676 ipsius

78 3692 158 3778 Rei3
178 3694 211 3758 6⁰
226 3690 387 3760 evidentia
400 3712 459 3759 seu
473 3689 645 3758 notorietes
657 3690 746 3758 loeti.

125 3797 270 3880 Qumrro
286 3801 332 3865 4².
350 3797 544 3880 -Qur'rram
554 3795 784 3888 sortpraeoipui
792 3797 898 3887 plenae
904 3797 1113 3890 probationis
1129 3803 1221 3896 effer-

81 3910 157 3974 tus?
169 3943 214 3958 -·-
228 3905 391 3997 «Triplex
407 3914 456 3973 est
469 3903 614 3972 maxime
629 3930 636 3970 :
656 3908 687 3970 1ο
707 3904 800 3986 Quod
810 3904 906 3994 juxta
926 3904 1017 3974 illam
1032 3907 1073 3974 sit
1088 3909 1221 3982 ferenda

85 4041 103 4080 ι
126 4013 298 4082 sententie.
309 4013 393 4080 Hine
403 4010 620 4080 condemnare
627 4009 731 4101 judex
740 4010 845 4079 Reum
859 4009 965 4099 debet,
979 4011 1006 4079 si
1014 4021 1103 4082 aeter
1114 4015 1220 4087 inten-

86 4148 104 4187 ιι
128 4122 249 4188 tionem
271 4141 366 4187 suam
387 4119 482 4210 plene
504 4117 688 4209 probaverit
710 4145 717 4184 :
743 4116 909 4186 absolvere
933 4125 1057 4209 autem,
1086 4121 1114 4189 si
1131 4136 1220 4194 actor

82 4253 105 4327 ιιι
127 4228 212 4297 nihil
227 4235 284 4295 aut
298 4227 385 4294 Reus
400 4237 511 4295 eontra
531 4225 624 4316 plene
639 4225 828 4317 probavit...
846 4225 1002 4317 Aliequin
1011 4227 1114 4317 judex
1129 4230 1219 4301 litem
