3030 4980
546 531 621 576 raas
648 527 794 577 sarusar.
1176 511 1236 576 iii

96 649 123 718 si
142 671 331 742 comparere
357 659 495 721 recuset.
514 652 607 720 Hauc
626 657 735 720 auum
758 649 937 719 doctrinam
957 655 1067 718 tenent
1093 649 1239 718 doctores

96 759 325 846 communiter,
340 769 376 828 ut
392 758 503 828 videre
518 767 566 827 est
580 757 669 850 apud
682 758 881 826 Leurenium
895 756 945 848 (de
963 757 1097 824 Vicariis
1112 758 1237 848 Episc„

96 889 124 934 ⁰·
142 869 370 1054 gbbbbbblb
388 1013 432 1024 -
448 975 498 1042 An
519 973 621 1063 possit
646 972 767 1063 absque
786 971 920 1063 speciali
938 971 1095 1039 mandato
1110 993 1241 1074 snspen-

96 1079 173 1148 dere
187 1092 218 1147 et
231 1079 440 1148 interdicere?
454 1119 499 1132 -
511 1077 789 1169 Respondendum
803 1078 885 1146 sicut
900 1101 960 1169 pro
975 1078 1240 1146 exeommunica-

95 1187 186 1255 tione
204 1186 269 1276 (adi
283 1186 495 1270 Leurminm,
511 1187 583 1254 loco
598 1185 668 1271 cit„
685 1208 718 1276 q.
737 1186 824 1275 148).
842 1185 969 1274 Urgent
988 1186 1076 1252 enim
1098 1184 1240 1252 rationes

96 1293 234 1362 eaedem.
254 1294 291 1364 Si
306 1301 413 1362 tamen
428 1293 606 1382 infligenda
619 1292 702 1361 foret
717 1293 886 1382 suspensio
901 1299 1067 1383 perpetua,
1080 1292 1131 1358 vel
1147 1290 1240 1360 valde

97 1400 267 1486 diuturna,
295 1408 454 1491 putarunt
478 1400 628 1468 nonnulli
656 1399 832 1468 canonistas
858 1400 1072 1468 necessariam
1102 1419 1170 1466 esse
1190 1398 1205 1464 f
1224 1437 1241 1450 -

97 1507 252 1576 cultatem
281 1507 462 1599 specialem.
493 1508 531 1576 In
560 1507 656 1598 praxi
684 1529 750 1576 non
779 1507 922 1575 occurrit
948 1505 1134 1592 difficultas,
1164 1505 1243 1596 quia

97 1615 203 1682 solent
230 1613 394 1706 Episcopi,
422 1614 503 1682 dum
529 1613 699 1683 Vicarium
727 1613 910 1702 generalem
937 1613 1149 1698 constituunt,
1178 1611 1242 1702 ipsi

97 1743 252 1812 expresse
274 1719 448 1790 concedere
470 1719 787 1807 excommunicandi,
808 1717 1027 1810 suspendendi
1052 1727 1084 1786 et
1105 1719 1242 1787 interdi-

97 1826 196 1896 cendi
211 1827 408 1896 facultatem.

144 1935 287 2016 Qunsrm
305 1938 369 2002 15⁸.
389 1973 434 1986 -
449 1935 498 2002 An
518 1933 623 2024 possit
643 1933 762 2023 absque
786 1917 919 2023 speciali
939 1931 1099 2000 mandato
1114 1933 1244 2002 clericas

98 2041 347 2110 concubinarios
362 2041 405 2110 ab
419 2041 708 2109 administratione
722 2040 950 2130 beneficiorum
972 2039 1186 2132 suspendere?
1199 2081 1243 2094 -

103 2176 122 2215 a
144 2149 337 2241 Respondes
363 2147 499 2217 ideam
525 2169 618 2239 posse
646 2155 795 2238 respectu
821 2169 886 2215 non
913 2156 1152 2239 exemplorum,
1178 2171 1242 2216 non

103 2277 223 2323 «vero
252 2262 400 2346 respectu
426 2262 656 2345 exemptarum
682 2253 881 2344 (Fagnanna
906 2254 942 2322 in
965 2277 1035 2345 cap.
1064 2255 1239 2338 Quoniam,

103 2389 122 2428 a
146 2361 186 2430 de
216 2361 329 2453 Officio
353 2361 504 2450 dcleqati,
533 2383 567 2428 n.
596 2360 649 2449 38)
680 2359 881 2450 :Siquidem
908 2381 1058 2430 concessa
1085 2362 1243 2452 Episcopo

104 2468 281 2537 «facultas
307 2469 352 2558 (in
381 2467 582 2554 Tridentino,
605 2489 685 2535 sess.
715 2472 770 2554 25,
797 2490 826 2536 c.
860 2467 926 2556 tt),
949 2468 1046 2536 etiam
1076 2470 1125 2537 uti
1154 2468 1243 2537 dele-

104 2603 123 2642 (ι
146 2584 221 2666 gato
258 2574 351 2643 Sedis
379 2575 591 2666 Apostolus,
623 2582 660 2642 ut
694 2575 796 2665 possit
830 2573 962 2642 clericos
998 2576 1244 2646 concubinarios

104 2707 166 2752 aa
195 2681 427 2750 beneficiorum
467 2682 747 2750 administratione
784 2680 982 2772 suspendere
1018 2691 1050 2750 et
1079 2683 1245 2752 beneficiis

106 2817 123 2854 a
147 2789 288 2881 privare,
314 2789 444 2857 videtur
468 2789 606 2857 transire
630 2788 665 2855 in
689 2787 859 2857 Vicarium
888 2790 995 2878 quoad
1017 2811 1083 2857 non
1109 2813 1268 2882 exemp.

105 2924 123 2962 a
146 2906 212 2976 tos3
241 2895 318 2987 quia
341 2905 372 2964 et
396 2895 470 2987 jure
503 2895 668 2963 ordinario
700 2902 826 2987 poterat
857 2895 1037 2988 Episcopus
1068 2898 1102 2964 in
1127 2921 1245 2966 mnen-

106 3031 124 3069 «
147 3003 291 3072 binarios
316 3003 577 3072 animadvertere
594 3002 647 3093 (ex
671 3010 738 3070 toto
759 3002 853 3071 titulo
876 3001 916 3070 de
944 3004 1093 3072 Cababit.
1120 3006 1196 3074 cler.
1215 3019 1245 3073 ct

106 3138 123 3176 a
148 3109 259 3200 mall.
270 3109 384 3190 Quoad
396 3119 652 3200 exemptosvero
662 3129 744 3198 opus
760 3118 808 3176 est
823 3110 954 3201 speciali
968 3111 1242 3202 subdelegatione.

105 3243 123 3281 a
147 3216 195 3284 lta
206 3218 272 3285 lere
285 3217 460 3305 Eagnanus
469 3216 540 3284 loco
549 3214 654 3284 citato.
666 3241 682 3278 »
697 3215 903 3305 (Leucesiae,
915 3215 954 3284 de
971 3218 1106 3286 Vieariis
1117 3219 1244 3309 Enisa,

101 3349 131 3392 c.
164 3330 196 3410 3,
215 3347 249 3416 q.
277 3323 365 3412 lli.)
390 3324 460 3412 Ego
484 3345 564 3392 vero
590 3343 657 3390 nan
684 3322 779 3390 video
806 3324 970 3413 quomodo
993 3325 1028 3394 id
1052 3326 1246 3396 concordare

103 3432 205 3524 possit
218 3453 292 3498 cum
308 3430 458 3498 decretali
469 3429 558 3498 Licet
570 3427 620 3520 (de
636 3429 752 3520 Officio
767 3430 898 3512 Vicarii,
911 3433 946 3499 in
961 3433 1006 3522 6),
1016 3455 1082 3523 qua
1096 3457 1246 3524 expresse

102 3538 296 3631 prohibetur
326 3537 457 3608 Vicario
493 3536 637 3625 generali
670 3539 862 3627 quorumvis
902 3561 1052 3608 excessus
1081 3541 1246 3632 inquirere

102 3654 135 3713 et
157 3645 286 3735 punire,
311 3643 433 3735 absque
466 3642 597 3734 speciali
630 3643 781 3735 Episcopi
807 3643 969 3714 mandato.
999 3647 1083 3714 Nam
1109 3670 1246 3738 suspen-

102 3751 181 3820 dere
196 3751 237 3818 ab
252 3750 360 3818 officio
374 3749 644 3819 concubinarium
659 3750 831 3834 clericum·
844 3751 941 3820 etiam
955 3774 1022 3820 non
1042 3760 1244 3844 exemptum,

102 3866 152 3924 est
179 3857 228 3924 illi
257 3879 388 3948 poenam
413 3856 576 3947 infligere.
606 3856 699 3926 Unde
724 3859 825 3925 tutius
856 3859 968 3926 saltem
998 3858 1080 3927 mibi
1102 3861 1243 3946 videtur,

102 3975 140 4033 ut
155 3965 307 4034 Vicarius
322 3965 481 4054 generalia
498 3967 533 4033 in
547 3966 706 4056 ejusmodi
729 3989 805 4035 casu
825 3966 875 4056 lsi,
892 3967 980 4058 quod
997 3968 1084 4036 Deus
1107 3979 1244 4055 avermt,

103 4093 251 4164 unquam
281 4071 465 4162 accideret),
497 4073 619 4164 absque
647 4073 777 4164 speciali
812 4074 962 4166 Episcopi
999 4075 1150 4144 facultate
1180 4099 1245 4143 non

104 4178 269 4270 procedat.

151 4287 295 4370 Qansrro
314 4291 379 4355 16².
398 4325 442 4339 —
457 4289 506 4356 An
521 4287 641 4378 absque
657 4287 790 4378 speciali
809 4288 966 4357 mandata
984 4291 1087 4381 possit
1101 4290 1247 4360 notarios
