3048 4976
574 491 649 534 rans
670 491 776 536 rama.
1179 475 1245 538 217

100 619 179 679 tunc
212 616 404 701 prpcurator
438 607 615 678 domInum
652 607 837 698 defendere,
869 610 897 677 si
925 631 991 679 non
1022 606 1056 679 vi
1086 611 1245 697 mandati,

100 717 217 788 saltem
240 716 318 807 quia
338 715 475 808 quilibet
490 723 595 806 potest
616 715 790 786 defendere
813 715 930 803 alium,
947 717 1046 784 etiam
1062 715 1132 784 sine
1153 739 1249 786 maa-

100 825 189 912 dato,
206 823 288 892 dnm
306 823 405 893 modo
419 831 553 916 prestet
572 823 756 894 cautionem
773 822 813 894 de
830 822 975 916 judicato
990 823 1148 894 solvendo
1165 824 1249 915 (Pir-

100 932 217 1022 rhing,
232 930 303 1000 loco
316 931 401 1021 cit).

148 1043 180 1110 I.
198 1041 394 1108 Procurator
410 1039 604 1130 generaliter
620 1038 814 1108 constitutus
833 1038 880 1108 aa
891 1040 1034 1131 nepotia,
1053 1061 1120 1110 non
1138 1039 1248 1110 addito

94 1147 280 1241 judicialia
292 1159 323 1216 et
336 1145 618 1238 eatrajudicialia,
633 1154 782 1216 censetur
793 1147 892 1214 otiam
904 1146 1099 1217 constitutus
1110 1148 1151 1217 ad
1163 1148 1249 1237 lites,

102 1257 148 1326 ita
168 1263 204 1324 at
222 1277 318 1344 agere
337 1261 370 1322 et
388 1253 562 1324 defendere
580 1254 695 1347 possit,
719 1255 863 1346 exceptis
886 1256 993 1323 causis
1014 1277 1089 1348 quaa
1113 1255 1250 1348 speciale

104 1361 299 1430 mandatum
314 1362 498 1452 requirnnt.
520 1361 575 1431 Sic
589 1361 677 1430 enim
699 1359 842 1430 decrevit
856 1361 1043 1431 Bonifacius
1057 1362 1134 1432 VIII
1152 1390 1160 1430 :
1184 1365 1252 1447 Oui

101 1468 299 1561 peracrafiter
313 1468 527 1538 constituitur
544 1467 591 1536 ad
607 1467 738 1560 nepotia
755 1480 966 1559 promeretur,
984 1491 1080 1560 apere
1095 1492 1134 1537 ac
1149 1493 1250 1564 eape—

102 1575 166 1642 riri
172 1587 294 1665 potest,
311 1575 450 1667 acceptis
465 1574 655 1644 ducatibus
669 1575 728 1666 qui
743 1575 941 1644 mandatum
956 1575 1095 1666 eciquat
1113 1577 1250 1668 speciale

105 1685 190 1776 (cap.
211 1688 242 1767 5,
260 1682 345 1752 tituli
364 1686 418 1768 19,
439 1682 517 1750 libri
537 1689 566 1770 l,
585 1684 620 1752 in
635 1683 679 1772 6).
698 1682 794 1752 Ratio
816 1691 863 1751 cst
878 1683 956 1774 quia
972 1691 1050 1752 tunc
1064 1706 1129 1754 vox
1145 1707 1250 1776 nepo-

102 1792 192 1859 tium
211 1801 359 1860 censetur
376 1790 523 1859 adhibita
542 1813 562 1859 a
579 1789 793 1860 constituente
813 1790 846 1860 in
863 1813 962 1860 sensa
980 1790 1063 1878 lato;
1084 1801 1116 1860 et
1135 1791 1181 1860 sic
1199 1793 1250 1860 in·

101 1896 208 1966 cludit
220 1897 320 1965 etiam
332 1895 418 1965 lites.

152 2007 183 2070 5.
213 2003 407 2072 Procurator
431 2003 626 2091 generaliter
652 2004 859 2090 constitutae,
889 2025 956 2072 non
980 2009 1131 2073 censetur
1155 2003 1251 2074 datus

101 2111 144 2180 ad
166 2133 279 2180 causas
300 2109 487 2180 criminales
509 2110 664 2200 agendas,
690 2111 753 2178 nisi
776 2110 809 2180 id
830 2111 1011 2203 specialiter
1030 2111 1248 2203 exprimatur,

101 2227 160 2289 aut
180 2221 243 2288 nisi
263 2219 303 2288 dc
323 2218 462 2288 crimine
483 2219 650 2308 agendum
673 2228 755 2288 essct
771 2218 944 2288 dumtaxat
959 2219 1112 2307 civiliter,
1130 2230 1162 2289 et
1183 2245 1251 2290 non

100 2326 328 2396 criminaliter.
354 2324 533 2417 (Pirrhing,
560 2327 595 2394 in
622 2325 754 2396 titulum
785 2329 841 2413 38,
869 2326 945 2396 libri
973 2330 987 2394 l
1017 2327 1247 2417 Decretalium,

100 2457 136 2502 n.
160 2435 228 2523 co.)

149 2546 182 2610 6.
195 2541 298 2610 Casas
311 2541 346 2608 in
362 2538 483 2632 quibus
497 2546 689 2631 procurator
704 2539 829 2629 indiget
847 2539 978 2631 speciali
999 2541 1153 2610 mandato
1166 2565 1250 2612 enu-

100 2657 274 2718 merantur
293 2654 359 2716 tres
378 2647 411 2715 in
434 2645 539 2738 capite
559 2646 625 2728 Oui
640 2645 687 2713 ad
700 2644 866 2736 apeudum
882 2645 929 2736 (t,
944 2645 1030 2714 tituli
1056 2649 1109 2731 19,
1124 2645 1199 2714 libri
1218 2650 1250 2734 1,

99 2758 135 2825 in
162 2755 192 2847 c)
211 2759 438 2824 :Procurator
457 2776 587 2845 quoque
602 2753 725 2844 absque
742 2753 876 2844 speciali
895 2752 1054 2822 mandato
1070 2755 1250 2845 jurameu-

99 2877 180 2933 tum
197 2861 331 2953 deserrc,
349 2861 528 2952 trausiqerc
542 2860 594 2928 vel
606 2860 729 2952 pacisci
748 2883 813 2928 nou
828 2872 947 2951 potest,
967 2861 1030 2928 nisi
1044 2861 1074 2928 ei
1089 2861 1251 2932 donorum

100 2971 157 3040 cel
176 2991 283 3038 casua
303 2967 548 3036 administratio
567 2967 726 3036 liberarit
746 2989 904 3036 comessa.
927 2967 1042 3036 Glossa
1063 2968 1098 3034 in
1117 2970 1249 3038 atatam

99 3084 202 3168 caput
221 3074 310 3144 addit
324 3074 435 3166 plures
449 3073 530 3142 alios
545 3095 652 3160 casus,
669 3095 787 3166 nempe
806 3100 814 3140 ι
835 3073 933 3142 uNec
950 3073 985 3142 in
999 3074 1163 3164 integrum
1180 3098 1251 3145 res-

103 3212 122 3250 a
149 3183 334 3252 titutionem
362 3203 422 3273 pro
445 3180 546 3251 altero
568 3188 716 3272 petere...
745 3181 827 3250 Item
852 3180 887 3248 in
913 3203 1009 3249 causa
1031 3183 1171 3275 suspecti
1199 3191 1250 3252 tu·

103 3318 122 3358 a
148 3290 270 3360 toris...
284 3288 365 3358 Item
381 3287 440 3357 ubi
454 3295 532 3358 sunt
544 3288 611 3356 duo
626 3296 852 3380 procuratores
863 3287 1012 3356 omnium
1025 3311 1135 3358 rerum
1147 3290 1251 3360 alicu-

104 3426 123 3466 a
144 3398 202 3490 jus
219 3424 227 3466 ι
245 3404 322 3465 tunc
335 3396 423 3465 enim
438 3413 504 3465 non
518 3403 623 3489 potest
635 3417 721 3464 unas
734 3396 775 3464 ab
790 3395 855 3464 alio
868 3394 938 3465 sine
951 3395 1085 3488 speciali
1098 3398 1250 3468 mandato

103 3533 122 3573 a
146 3506 324 3596 exigere...
342 3503 423 3574 Item
437 3503 478 3572 de
494 3503 707 3572 interdicto...
724 3503 806 3572 Item
819 3503 855 3571 in
869 3501 1150 3597 acceptilatione...
1169 3505 1250 3574 Item

104 3641 122 3680 a
149 3614 185 3681 in
199 3611 429 3702 rescriptorum
443 3610 711 3701 impetratione...
726 3610 806 3679 Item
821 3609 965 3680 incensa
977 3609 1246 3682 matrimoniali...

104 3747 123 3788 a
148 3720 231 3788 Item
248 3716 427 3787 secundum
439 3715 598 3809 quosdam
613 3717 647 3784 in
662 3725 738 3786 voto
752 3717 1013 3788 transmarino...
1029 3719 1111 3788 Item
1122 3719 1158 3788 in
1171 3741 1251 3789 con·

104 3855 123 3894 a
149 3835 356 3918 sumptorum
372 3825 665 3894 instrumentorum
678 3823 955 3916 exemplatione...
969 3825 1050 3894 Item
1063 3825 1097 3895 in
1109 3824 1161 3894 his
1174 3849 1249 3919 quae

104 3963 123 4004 a
151 3933 253 4004 Sedes
266 3932 455 4024 Apostolica
470 3931 531 4000 sibi
547 3931 727 4024 specialiter
740 3933 959 4002 reservavit...
977 3933 1057 4001 Item
1069 3932 1103 4001 in
1117 3943 1251 4004 contre—

103 4071 122 4109 a
150 4039 260 4110 hendo
275 4039 523 4108 matrimonio...
543 4038 624 4108 Item
640 4041 675 4108 in
689 4039 891 4110 absolutione
909 4037 1046 4133 petenda
1061 4039 1103 4110 ab
1117 4064 1251 4112 excom·

104 4178 123 4216 a
151 4145 411 4218 manicatione...
426 4147 507 4216 Item
522 4147 556 4214 in
572 4146 793 4217 contrahenda
803 4147 1152 4220 excommunicatione.
1169 4150 1250 4220 Item

107 4283 126 4324 a
153 4257 189 4326 in
205 4256 411 4348 prestatione
422 4255 600 4346 juramenti
616 4254 656 4328 de
670 4253 844 4326 mannia.
862 4281 879 4324 >r
992 4319 996 4328 .
