3046 4968
257 363 317 426 154
629 387 800 432 rnacrarus
823 387 861 431 nu
883 386 1016 432 sunrcus.

253 503 418 594 delegatus
431 529 450 573 a
465 507 564 598 Papa,
581 507 657 575 licet
680 508 875 598 repuleritcr
889 507 1043 576 exhibere
1063 507 1177 576 debeat
1200 507 1401 598 rescriptum

249 612 475 701 apostolicum,
494 613 535 682 ad
549 613 583 680 id
598 629 706 682 tamen
721 637 788 684 non
804 615 919 702 teneri,
930 615 1056 706 primo,
1074 615 1102 682 si
1125 622 1233 705 partes
1256 613 1400 702 litigan-

252 725 312 803 tes,
329 727 360 786 et
381 720 484 810 judex
508 720 693 789 ordinarius
713 722 747 788 in
771 721 866 813 cnjus
895 722 1058 790 territorio
1082 721 1305 807 constituitur,
1326 719 1405 788 sine

254 823 317 892 illis
333 825 431 894 tidem
446 826 523 894 dare
538 827 642 896 velint
658 827 804 918 delegato
819 829 976 897 asserenti
990 851 1023 896 se
1043 827 1162 896 habere
1176 825 1372 896 mandatum
1394 853 1403 893 :

250 932 400 1014 secundo,
425 935 453 1001 si
476 935 545 1026 ipse
573 934 725 1024 delegans
749 957 894 1026 praesens
926 935 980 1021 sit,
1008 936 1051 1003 ita
1079 943 1116 1004 ut
1143 933 1236 1002 facile
1258 955 1300 1002 ex
1327 934 1406 1024 ipso

253 1039 358 1130 qnaeri
374 1040 475 1130 possit
489 1064 531 1108 an
547 1049 735 1133 potestatem
753 1042 783 1110 ei
804 1041 1001 1131 delegaverit
1019 1070 1026 1108 :
1045 1042 1152 1122 tertio,
1170 1042 1198 1108 si
1213 1049 1286 1108 ante
1301 1039 1405 1108 erhi-

174 1143 178 1151 ’
253 1147 336 1216 bites
356 1148 515 1240 ejusmodi
537 1149 673 1236 litteras,
691 1158 797 1242 partes
825 1150 988 1238 litigantes
1011 1171 1121 1218 coram
1148 1148 1293 1238 delegato
1306 1147 1404 1215 litem

256 1257 321 1323 sint
337 1265 532 1326 contestata.

302 1367 332 1430 3.
349 1364 423 1434 Non
446 1365 541 1432 debet
561 1365 729 1454 delegatus
751 1365 923 1456 procedere
950 1364 1037 1432 ultra
1059 1363 1092 1430 id
1121 1360 1208 1454 quod
1234 1361 1269 1429 in
1295 1361 1407 1451 ipsius

258 1471 408 1539 mandato
435 1472 643 1564 exprimitur.
671 1472 762 1540 Alias
788 1472 879 1540 irrita
909 1479 1006 1540 eruut
1034 1469 1104 1560 ejus
1129 1477 1210 1538 acta.
1243 1469 1280 1537 ld
1306 1475 1408 1535 extra

256 1579 510 1648 controversiam
539 1587 600 1664 est,
629 1587 660 1647 et
689 1579 839 1646 firmetur
866 1577 1016 1668 pluribus
1043 1576 1127 1668 juris
1151 1575 1234 1645 sacri
1256 1575 1408 1642 textibus

259 1685 351 1774 (qnos
373 1685 450 1754 vide
474 1686 632 1756 iudicatos
654 1685 741 1778 apud
768 1685 1071 1774 Schmatzgrueber,
1088 1684 1158 1752 loco
1183 1684 1254 1769 cit,
1272 1705 1305 1750 n.
1329 1683 1404 1772 28).

257 1791 327 1859 Imo
343 1794 488 1884 sequitur
504 1817 545 1862 ex
558 1793 633 1884 jure
649 1792 808 1880 naturali3
825 1815 900 1860 cum
924 1791 1091 1880 delegatus
1112 1813 1179 1858 non
1197 1789 1315 1858 habeat
1335 1790 1409 1856 nisi

257 1920 330 1965 eam
347 1899 606 1989 jurisdictionem
621 1923 720 1992 quam
735 1923 754 1967 a
770 1899 939 1988 delegante
961 1895 1085 1989 recipit.
1104 1898 1165 1965 Ast
1182 1896 1257 1964 hnic
1279 1895 1409 1985 rcgulae

258 2006 401 2094 generali
427 2006 585 2097 derogare
604 2007 757 2075 videntur
772 2006 908 2097 quidam
933 2027 1042 2092 casus;
1061 2005 1120 2096 qui
1137 2012 1245 2072 tomen
1270 2005 1298 2070 si
1319 2001 1410 2070 bene

259 2112 502 2202 perpendantur
518 2115 651 2206 proprie
666 2135 732 2182 non
746 2113 917 2202 derogant,
933 2135 992 2181 nec
1012 2120 1090 2181 sunt
1108 2120 1265 2203 tanquam
1279 2131 1409 2198 excep-

261 2218 366 2286 tiones
386 2219 538 2288 habendi.
557 2221 692 2312 Nempe,

304 2327 430 2408 Primo,
454 2337 558 2418 potest
583 2328 749 2417 delegatus
776 2349 970 2418 cognoscere
995 2327 1034 2396 de
1061 2327 1220 2396 connexis
1241 2333 1271 2393 et
1296 2345 1409 2392 acces-

263 2433 357 2500 soriis
376 2456 482 2502 causae
499 2434 563 2502 sibi
587 2435 757 2524 delegate,
773 2436 847 2504 licet
860 2434 894 2503 id
916 2435 950 2502 in
975 2433 1127 2504 mandato
1149 2453 1214 2502 non
1237 2430 1411 2522 exprima-

262 2547 315 2628 tur
334 2566 340 2606 :
360 2542 438 2632 quia
463 2564 579 2633 nempe
602 2543 646 2610 ite
664 2542 726 2633 ipsi
742 2542 917 2611 concedere
939 2540 1055 2610 merito
1075 2548 1224 2608 censetur
1237 2538 1407 2626 delegans.

260 2645 394 2715 Constat
408 2671 449 2714 ex
465 2670 620 2740 responso
636 2649 817 2718 Alexandri
826 2649 870 2716 lll
885 2648 927 2716 ad
943 2647 1165 2716 Senonensem
1179 2645 1412 2735 Archiepiseo-

261 2777 340 2844 pum
360 2781 367 2821 ε
385 2759 546 2824 Praetereo
574 2757 628 2844 (ait
659 2755 821 2846 Pontifex)
841 2779 938 2847 super
958 2757 1018 2824 ltoc
1040 2754 1130 2846 quod
1149 2757 1216 2826 Nos
1243 2753 1413 2822 comulere

264 2861 405 2944 volanti,
417 2874 531 2930 utrum
542 2863 637 2932 liceat
646 2862 759 2952 judici
773 2862 920 2953 delepato
932 2885 999 2930 non
1016 2861 1194 2931 Ordinatio
1207 2881 1318 2952 cepere
1328 2883 1413 2928 con-

264 2979 427 3039 tumacem
442 2983 479 3039 ut
495 2971 616 3054 veniat,
634 2983 694 3038 aut
709 2971 870 3040 damnare
882 2971 912 3038 si
926 2993 992 3039 non
1010 2971 1155 3040 verterit?
1169 2971 1228 3038 ltoc
1248 2968 1309 3038 tibi
1323 2989 1413 3036 nuc·
1461 2995 1464 3004 ·

265 3078 397 3146 raritate
416 3079 627 3168 presentium
645 3077 834 3159 innotescat,
850 3076 949 3168 quod,
961 3089 1141 3168 postquam
1160 3077 1315 3155 eicoaso,
1333 3073 1412 3142 lieet

266 3184 467 3274 simpliciter,
496 3185 676 3276 delepatur,
701 3186 781 3253 sotis
800 3195 908 3276 potest
937 3196 1050 3252 nostra
1079 3184 1276 3252 auctoritate
1296 3193 1414 3274 partes

266 3291 466 3382 compellere,
478 3303 509 3360 et
520 3294 621 3360 etiam
633 3304 836 3360 contumaces
846 3291 1016 3360 severitate
1027 3290 1238 3359 ecclesiastica
1250 3311 1409 3368 coercere,

269 3401 400 3468 etiamsi
427 3400 545 3470 litterar
573 3399 806 3469 commissionis
834 3399 872 3468 id
895 3423 960 3467 non
989 3398 1189 3478 contineam,
1215 3409 1276 3464 out
1298 3407 1418 3487 portes

270 3506 466 3574 materiatum
479 3518 629 3574 nostram
642 3530 707 3574 non
723 3507 867 3575 habeam
882 3519 919 3574 ut
936 3505 1101 3574 accedant.
1120 3504 1206 3587 Quia
1221 3525 1262 3572 cr
1276 3525 1311 3571 eo
1327 3502 1421 3594 quod

269 3636 368 3682 carisa
389 3613 452 3681 aidi
474 3614 692 3682 committitur
705 3636 802 3704 super
818 3613 968 3681 omnibus
991 3634 1063 3704 qaae
1085 3611 1132 3680 ad
1149 3633 1284 3679 cuasam
1306 3611 1419 3702 ipsam

269 3733 412 3812 spectare
435 3733 625 3801 noscantur,
637 3720 826 3811 plenariam
845 3720 959 3811 recipit
980 3731 1188 3812 potestatem.
1210 3718 1301 3810 (Cap.
1323 3721 1420 3786 Prae-

271 3841 358 3895 terea
377 3833 407 3914 5,
425 3827 513 3896 tituli
535 3831 590 3914 29,
605 3827 681 3895 libri
699 3831 714 3894 1
740 3827 984 3917 Decretalium.)
1004 3827 1160 3896 Connexe
1184 3833 1216 3894 et
1242 3824 1422 3894 accessoria

271 3957 390 4021 cansae,
408 3944 484 4004 sunt
502 3934 541 4002 de
558 3935 598 4002 iis
613 3956 685 4026 qum
706 3933 753 4003 od
770 3956 905 4003 causam
924 3935 1033 4026 ipsum
1050 3945 1196 4026 spectaro
1217 3943 1421 4014 noscuntur,-

272 4065 308 4108 ac
332 4042 478 4131 proinde,
494 4051 571 4110 sunt
595 4041 634 4110 de
661 4041 701 4109 iis
728 4063 827 4132 snper
842 4041 974 4134 quibus,
990 4047 1028 4110 ut
1050 4041 1095 4110 ait
1118 4040 1215 4110 citata
1234 4039 1420 4126 decretalis,

270 4149 458 4242 plenariam
473 4148 586 4241 recipit
607 4161 802 4239 potestatem
817 4148 995 4239 delegatus.
