3030 4980
543 496 618 544 ruas
639 495 784 544 smenon.
1166 477 1225 544 tot

90 615 199 708 quoad
214 616 297 687 banc
311 616 524 710 quaestionem
537 617 592 709 jus
606 641 779 688 commune
789 617 944 704 variasse,
957 616 999 687 cb
1012 615 1229 686 introductam

89 722 126 792 in
153 725 296 795 levorem
321 725 555 817 Episcoporum
579 725 859 796 consuetudinem.
884 724 1065 794 Dicendum
1095 747 1231 817 nempe,

90 830 171 900 olim
195 832 342 901 debuisse
358 832 526 903 Vicaricm
552 833 736 922 generalem
763 833 926 920 constitui,
950 853 1017 902 ncn
1039 839 1165 900 tantum
1192 830 1232 899 de

89 937 238 1024 consilio,
262 939 317 1006 sed
339 939 435 1008 etiam
457 961 531 1008 cum
555 961 713 1008 consensu
733 940 901 1030 Capituli:
921 937 1016 1007 bodie
1039 959 1118 1007 vero
1137 959 1230 1029 posse

89 1065 166 1113 enm
181 1045 222 1112 ab
235 1045 393 1137 Episcopo
407 1046 560 1116 constitui
573 1047 695 1138 absque
707 1048 774 1115 ullo
785 1045 1017 1115 canonicorum
1032 1066 1166 1114 assensu
1177 1044 1231 1112 vel

88 1151 187 1219 etiam
204 1152 349 1222 consilio.
373 1153 621 1222 «Constituitur
638 1153 694 1244 (ait
709 1151 900 1242 Laurenius)
917 1173 975 1220 seu
995 1151 1168 1244 deputatur
1178 1151 1230 1218 hic

93 1283 112 1322 e
135 1257 286 1328 Vicarius
315 1259 494 1329 hodiedum
517 1259 558 1328 ab
579 1259 752 1352 Episcopo,
775 1257 961 1350 etquidem
985 1258 1066 1346 solo,
1088 1261 1156 1326 sinc
1179 1281 1231 1328 re-

93 1389 112 1428 e
135 1366 310 1455 quisitione
323 1389 498 1436 consensus
512 1376 568 1436 aut
584 1367 710 1434 consilii
724 1366 865 1458 Capituli
882 1367 969 1450 (citat
986 1365 1032 1433 ibi
1051 1365 1232 1434 Leurenius

91 1496 111 1535 u
134 1480 281 1542 auctores
296 1473 455 1566 plurimos
469 1473 556 1542 idem
572 1471 797 1564 affirmantes),
815 1474 1076 1564 approbaturque
1087 1472 1230 1562 idipsum

92 1603 111 1644 c
133 1580 367 1650 consuetudine
382 1591 510 1672 recepta
518 1607 528 1667 ;
545 1603 620 1672 qum
635 1581 670 1648 in
682 1582 743 1650 boc
758 1579 917 1650 servanda
931 1579 1107 1648 est...l)ixi
1118 1579 1231 1649 bodic-

91 1710 110 1749 e
134 1685 237 1769 dum,·
250 1688 328 1779 quia
341 1687 419 1756 olim
437 1709 565 1756 necesse
578 1698 648 1757 erat
661 1687 809 1756 adhiberi
824 1708 1016 1755 consensum
1035 1685 1176 1776 Capituli
1196 1687 1230 1754 in

91 1816 110 1857 e
133 1794 293 1863 creatione
314 1795 438 1864 Vicarii
458 1795 621 1887 Episcopi,
647 1804 684 1865 ut
708 1795 785 1862 satis
807 1793 927 1861 indicat
954 1791 1107 1861 Sbrozius
1133 1793 1167 1884 (l.
1195 1797 1231 1881 2,

89 1925 109 1963 e
132 1922 165 1990 q.
182 1904 236 1988 55,
247 1924 281 1969 u.
296 1904 342 1992 2),
354 1902 411 1971 ubi
424 1901 485 1971 ait:
496 1902 648 1971 Vicarios
661 1900 812 1992 Episcopi
822 1922 888 1968 uon
899 1902 966 1968 fita
977 1899 1045 1968 solo
1057 1900 1230 1992 Episcopo,

89 2032 109 2072 α
132 2008 189 2076 sed
205 2031 280 2078 cum
296 2031 455 2078 consensu
470 2018 502 2077 et
521 2007 711 2076 auctoritate
726 2006 882 2097 Capituli,
899 2008 992 2075 etsie
1014 2007 1056 2074 ab
1068 2007 1232 2078 univcrsi-

89 2137 109 2179 ι(
133 2122 209 2202 tate,
227 2137 302 2206 quae
318 2118 353 2183 iu
366 2116 507 2206 capitulo
517 2122 548 2182 ct
561 2115 720 2205 Episcopo
734 2113 894 2181 consistit.
910 2113 976 2182 Nec
991 2113 1128 2200 dicatur,
1143 2114 1230 2206 quod

88 2247 107 2286 u
132 2221 283 2291 Vicarius
295 2222 446 2314 Episcopi
459 2244 478 2289 a
492 2221 559 2290 solo
569 2222 728 2313 Episcopo
737 2219 795 2287 fiat
805 2222 857 2309 (ex
868 2221 971 2312 capite
984 2223 1016 2308 1,
1026 2242 1100 2289 cum
1109 2221 1229 2311 glossa,

88 2354 108 2395 (ι
131 2351 171 2397 ne
185 2331 323 2399 Praloti
335 2330 416 2398 vices
427 2351 513 2412 suas,
530 2337 562 2396 et
572 2330 677 2421 capite
686 2333 718 2415 2,
730 2328 770 2397 de
785 2328 900 2418 Officio
916 2328 1046 2410 Vicare’i,
1059 2329 1094 2396 in
1105 2331 1227 2419 sextclz

87 2463 107 2501 u
131 2437 221 2528 quia,
239 2447 275 2506 ut
287 2437 394 2529 inquit
407 2437 504 2523 Bero,
519 2457 577 2528 per
592 2435 649 2503 illa
660 2435 738 2526 jura
752 2457 819 2503 non
834 2433 1021 2503 excluditur
1035 2435 1227 2526 capitulum,

87 2569 107 2608 e
131 2566 225 2636 aquo
235 2543 386 2612 Vicarius
398 2543 520 2633 dejure
531 2544 603 2612 fieri
615 2543 749 2611 dicitur:
763 2543 815 2610 vel
825 2541 1038 2632 respondetur
1049 2542 1228 2611 secundum

86 2677 106 2718 c
129 2651 227 2739 Baro,
244 2651 332 2743 quod
352 2650 409 2719 illa
426 2651 503 2741 jura
527 2651 701 2742 loquantur
719 2649 759 2717 de
781 2648 1026 2736 consuetudine,
1048 2650 1227 2719 secuudum

87 2785 107 2824 ι(
130 2781 229 2850 quam
244 2757 339 2826 bodie
355 2757 505 2848 Episcopi
521 2754 677 2825 adversus
692 2755 833 2848 capitula
855 2755 966 2823 omnia
981 2755 1070 2844 jura,
1087 2777 1161 2847 quae
1180 2755 1227 2824 eis

86 2892 106 2932 e
129 2867 365 2956 competebant,
384 2873 598 2956 usurparunt,
613 2872 651 2932 ut
666 2863 785 2932 dicitur
799 2865 833 2930 in
847 2864 950 2953 capite
958 2863 1176 2946 Eanoscitur‚
1188 2863 1227 2933 de
1246 2857 1249 2863 ’

85 2997 105 3037 a
128 2973 180 3040 leis
194 2993 268 3063 quae
277 2973 367 3062 fiunt
384 2996 405 3039 α
419 2971 563 3040 Praluto
577 2971 646 3039 sine
659 2993 813 3039 consensu
833 2971 991 3061 Capituli.
1007 2971 1080 3053 Qua
1090 2993 1226 3041 consue-

86 3105 105 3145 ι(
128 3079 254 3166 tudine,
268 3087 305 3147 ut
320 3101 378 3170 per
393 3077 579 3167 Sbrczium,
596 3080 644 3148 sic
656 3086 773 3164 stante,
788 3077 884 3146 bodie
897 3077 1076 3169 Episcopus
1090 3101 1156 3147 nou
1170 3079 1225 3148 dat

85 3185 384 3278 «jurisdictionem
412 3186 555 3272 Vicario,
584 3184 641 3254 sed
666 3185 885 3266 eonsuetudc;
911 3185 1006 3276 cujus
1029 3185 1222 3255 authoritate

84 3320 105 3358 e
127 3295 224 3363 bodie
239 3293 327 3363 solus
340 3293 520 3386 Episcopus
534 3291 703 3361 Vicarium
720 3291 798 3360 lacit
816 3319 823 3358 :
841 3300 873 3359 et
888 3291 960 3359 ideo
980 3293 1129 3362 Vicarius
1144 3294 1221 3363 olim

84 3427 104 3469 e
126 3425 147 3469 a
169 3401 310 3494 capitulo
332 3409 364 3470 et
388 3401 558 3492 Episcopo,
585 3408 617 3468 et
640 3401 686 3468 sic
706 3400 748 3467 ab
773 3399 1000 3487 universitate,
1025 3409 1057 3468 et
1082 3400 1177 3470 hodie
1203 3424 1223 3470 a

82 3509 359 3578 «cousuetudine
391 3508 489 3576 habat
514 3507 789 3598 jurisdictionem,
819 3516 851 3574 et
879 3507 925 3573 sic
952 3507 1070 3576 dicitur
1102 3509 1219 3578 babere

83 3641 103 3681 c
126 3614 344 3684 Ordinariam.
378 3641 394 3679 c
434 3613 638 3705 (Laureolus,
670 3613 710 3682 de
749 3613 883 3682 Vicart'is
918 3614 1044 3704 Eptsc„
1075 3637 1145 3708 cap.
1188 3622 1219 3705 l,

75 3745 113 3814 a·
132 3723 203 3813 20·)

126 3829 352 3898 Universalem
376 3829 656 3916 consuetudinem,
679 3829 714 3897 vi
737 3829 830 3920 cujus
854 3852 942 3898 nunc
962 3829 1035 3897 licet
1054 3829 1222 3924 Episcopis

76 3935 249 4006 Vicarium
278 3935 463 4026 generalem
493 3936 614 4026 absque
645 3934 713 4002 ullo
733 3935 875 4026 Capituli
895 3935 1080 4004 interventu
1099 3941 1221 4008 consti-

77 4054 184 4129 tuere,
211 4051 345 4111 tcstatur
373 4044 494 4134 pariter
513 4042 659 4110 Ferraria
673 4042 724 4131 (ad
748 4063 859 4111 vocem
882 4043 1028 4110 Vicerius
1048 4048 1216 4135 generales,

75 4159 141 4219 art.
161 4153 194 4236 l,
210 4172 243 4218 n.
264 4150 294 4240 3)
314 4177 321 4217 ε
344 4177 360 4215 a
375 4150 565 4242 Episcopus,
584 4148 704 4240 inquit,
721 4158 825 4238 potest
840 4151 1032 4218 constituere
1052 4151 1218 4223 Vicarium

79 4285 99 4324 e
123 4258 309 4347 generalem
319 4257 441 4348 absque
457 4279 616 4326 consensu
631 4256 682 4325 vel
694 4257 831 4325 consilio
846 4257 1006 4348 Capituli;
1022 4263 1217 4346 communes,

244 4382 264 4427 1.
1026 4369 1065 4429 26
