3046 4962
267 473 306 581 tt
638 487 812 588 nicrinus
834 491 872 538 rus
895 488 1028 538 subiens.

265 625 433 683 statuatur
452 637 566 706 poeno.
594 617 634 684 Si
650 583 763 683 uectem
786 627 918 684 vocotus
939 637 1005 682 non
1028 612 1193 704 paruerit,
1209 625 1340 682 uocetur
1358 635 1407 684 sc·

263 719 381 802 cundo,
398 723 503 790 missis
519 721 565 790 ud
577 745 651 790 eum
665 721 790 790 duobus
800 721 981 814 Episcopis.
998 720 1039 788 Si
1051 720 1153 789 etiom
1163 722 1209 789 sic
1224 744 1292 790 non
1304 721 1409 790 obou-
1515 733 1516 824 t

264 829 372 910 dicrit,
384 841 514 896 uocetur
529 829 636 911 tertio,
653 828 803 898 duobus
790 841 911 898 iterum
922 828 1093 920 Episcopis
1107 829 1274 920 adipsum
1288 827 1406 896 missis.

264 937 306 1004 Si
320 948 432 1004 autem
446 936 539 1004 vet
511 958 566 1018 uc,
585 958 774 1027 aspernans,
789 959 822 1004 se
836 959 901 1006 non
915 935 1046 1018 stiterit,
1061 935 1205 1028 synodon
1215 935 1409 1027 pronuntiet
1515 941 1516 1002 i

264 1039 332 1109 dc
318 1062 388 1131 ipso
402 1039 537 1130 quod
503 1062 610 1108 uuum
621 1041 745 1132 sicorim
758 1063 798 1109 ne
812 1040 963 1109 videatur
979 1040 1108 1109 lucrum
1124 1054 1294 1134 reportare
1311 1039 1410 1132 judi·

265 1148 354 1215 cium
375 1145 566 1238 effuqimdo.
583 1148 650 1216 Nee
673 1149 782 1216 minus
798 1148 873 1215 fucit
896 1147 937 1216 ed
961 1170 1031 1215 rem
1048 1169 1153 1217 ennon
1168 1151 1209 1215 rt
1229 1175 1236 1216 :
1257 1151 1296 1216 In
1320 1147 1410 1216 testi·
1515 1153 1516 1166 ³

265 1254 415 1322 monium
444 1252 596 1322 aduersus
620 1255 822 1346 Episcopum
849 1253 1020 1324 hereticus
1045 1277 1086 1322 ne
1110 1254 1331 1338 admittatur;
1356 1253 1414 1322 scd

265 1382 323 1428 nec
336 1383 420 1428 unus
438 1361 525 1429 solus
536 1361 655 1452 fidelis.
681 1365 721 1430 In
745 1384 800 1429 ore
814 1362 903 1430 enim
917 1360 1060 1430 oronim
1081 1363 1134 1430 vet
1151 1362 1255 1430 trium
1280 1361 1412 1429 testium
1515 1399 1516 1442 3

265 1467 365 1534 stobit
382 1489 478 1536 omne
502 1468 648 1537 uerbum.
667 1467 764 1560 (Vide
786 1476 914 1537 textum
935 1491 1082 1558 graecum
1109 1468 1229 1537 borum
1249 1489 1411 1536 canonum

264 1575 352 1665 apud
368 1573 489 1662 nabbe,
506 1578 685 1667 som.1,p.
704 1579 760 1660 ro,
777 1575 854 1644 edit.
873 1575 990 1644 vene.
1012 1573 1125 1665 1728.)

309 1682 389 1750 Item
407 1680 494 1772 epud
511 1681 656 1751 eruditos
672 1705 731 1773 pro
751 1705 788 1750 rc
811 1692 976 1774 compertu
998 1682 1149 1768 babetur,
1164 1681 1413 1750 constitutiones
1515 1735 1516 1768 q

266 1788 1410 1881 quaedicunturapostolorum,licetsanctoClementifelsoadseriptus‚
1515 1787 1516 1792 ’

268 2010 299 2069 et
312 2010 431 2070 statum
453 2002 605 2070 Ecclesiae
628 2010 706 2070 tunc
730 2005 885 2094 temporis
907 2002 1117 2071 obtinentem.
1134 2003 1205 2071 Jsm
1223 2009 1412 2094 veroque'us
1515 2051 1516 2086 q

267 2118 377 2201 aperte
391 2109 499 2178 iorum
521 2109 674 2177 Ecclesiae
698 2110 947 2197 contentiosum,
966 2133 1023 2178 seu
1039 2111 1170 2202 proprie
1185 2108 1305 2177 dictum
1323 2108 1414 2199 judi·
1515 2139 1516 2196 q

266 2216 400 2284 riarium
430 2223 619 2306 potestatem
650 2224 821 2301 testentur,
849 2217 988 2308 quisque
1014 2216 1106 2284 facile
1134 2238 1175 2285 ex
1206 2214 1415 2308 sequentibus

267 2322 412 2390 textibus
422 2323 604 2414 perspicere
616 2332 720 2414 potest
735 2324 920 2407 :Orroeirco
931 2323 1038 2406 stude,
1052 2345 1071 2392 o
1083 2324 1254 2416 Episcopo,
1266 2335 1305 2391 ut
1316 2345 1415 2391 mun·
1515 2359 1516 2410 t

269 2429 329 2499 dns
342 2451 513 2520 purusque
533 2431 617 2498 sis...
635 2433 679 2500 Ac
701 2431 747 2498 sic
770 2431 902 2522 quidem
926 2433 960 2500 in
984 2431 1130 2501 Ecclesia
1144 2430 1217 2502 sede
1233 2453 1415 2499 sermonem

267 2537 390 2627 faciens
405 2537 516 2626 utqui
535 2550 732 2628 potestatem
746 2538 867 2607 habeus
876 2537 1058 2630 judicandi
1072 2561 1123 2607 cos
1141 2538 1200 2630 qui
1207 2549 1385 2628 peccarunt
1403 2563 1413 2603 .·
1515 2525 1516 2582 i

269 2641 427 2733 quonium
453 2642 542 2710 vobis
567 2644 737 2734 Episcopis
763 2643 982 2713 dictumest:
1007 2645 1239 2736 Quodcumque
1263 2643 1416 2735 liquescis

269 2771 366 2839 super
387 2761 552 2816 terrum...
578 2749 613 2840 (l.
638 2753 672 2837 2,
694 2773 724 2820 e.
751 2750 816 2838 11).
839 2751 958 2820 Iudico
983 2753 1101 2843 iqitur,
1119 2752 1289 2844 Episcopo,
1302 2763 1416 2842 potes·
1515 2759 1516 2842 ᾗ

270 2869 337 2925 tote
352 2857 469 2946 frctus,
486 2867 649 2948 tunquam
666 2861 750 2925 Deris
768 2857 850 2926 :sed
865 2859 1061 2950 poenituctes
1081 2861 1187 2951 recipe
1202 2885 1213 2926 .·
1229 2864 1314 2927 Deris
1328 2859 1415 2926 enim
1515 2871 1516 2910 t

270 2962 499 3032 misericordiis
512 2976 557 3031 est
571 2963 603 3054 (l.
622 2967 641 3030 2
646 3015 655 3049 ‚
669 2987 698 3030 c.
716 2964 782 3053 12).
800 2965 1001 3056 Episcopum
1015 2977 1141 3057 oportet
1157 2977 1240 3033 recte
1248 2963 1415 3054 judicare,
1515 2965 1516 3046 ξ

269 3072 351 3138 sicut
366 3071 525 3161 scriptum
550 3082 596 3138 cst
613 3073 770 3139 :lustum
788 3070 956 3162 judicium
974 3073 1167 3164 judicate...
1188 3075 1301 3141 Estote
1315 3071 1419 3162 iqitur

271 3191 432 3267 tanquam
455 3178 639 3268 arqentorii
661 3178 789 3269 periti:
810 3193 847 3247 ut
869 3180 957 3248 enim
979 3180 1016 3247 tn·
1039 3202 1192 3248 nummos
1217 3178 1418 3248 adulterinos

270 3294 453 3376 seqrcqont,
474 3283 594 3373 probos
616 3294 728 3351 autem
749 3283 812 3353 sibi
836 3283 1039 3377 adjunqunt‚
1057 3287 1103 3354 sic
1127 3297 1255 3377 oportet
1277 3286 1418 3376 Episco-
1515 3287 1516 3338 i

266 3413 363 3483 pum,
380 3411 453 3481 qun
469 3390 557 3457 uitiis
569 3390 701 3480 quidem
714 3405 826 3460 carent
843 3393 990 3474 retinere,
1005 3394 1123 3461 vitioso
1135 3415 1209 3461 cero
1224 3393 1276 3460 vel
1288 3415 1415 3473 curare,

270 3499 322 3566 ccl
348 3499 377 3566 si
406 3509 452 3564 est
479 3495 640 3586 ceqritudo
675 3497 879 3579 insanabilis,
908 3501 1089 3591 erpellerc;
1119 3513 1149 3568 ct
1179 3521 1246 3567 non
1275 3499 1420 3566 celeriter
1515 3527 1516 3574 f

272 3617 459 3696 amputare,
477 3626 578 3693 neque
593 3604 758 3694 quibusvis
781 3605 1016 3675 seductus
1037 3607 1125 3674 enim
1146 3607 1255 3674 uenire
1274 3606 1365 3686 solet,
1341 3619 1420 3672 tut

272 3712 409 3804 quidum
435 3723 573 3803 propter
594 3711 844 3780 ermuiotioncm
868 3727 929 3781 aut
950 3714 1113 3783 invidiam
1142 3726 1258 3781 contro
1279 3715 1420 3803 fratrom

272 3821 416 3910 aliquem
427 3817 552 3907 sobam
571 3817 745 3885 instituunt
767 3820 1019 3902 mmsotimm,
1038 3833 1075 3888 ut
1092 3820 1157 3889 dcto
1181 3821 1234 3888 itti
1253 3839 1339 3887 serres
1354 3822 1421 3886 Bc·
1515 3825 1516 3922 t

274 3926 391 4017 bylone
414 3923 568 3992 odvusus
597 3925 805 4006 Suzonnom,
827 3937 858 3993 ct
879 3927 940 3994 illo
962 3927 1126 4018 AEqpptio
1151 3938 1266 3994 contro
1288 3927 1420 4017 ioseph

276 4033 323 4101 Tu
352 4031 467 4122 iqitur‚
499 4041 538 4098 ut
566 4029 665 4098 bomo
694 4030 764 4112 Dei,
795 4054 836 4100 nc
863 4033 1058 4124 hujusmodi
1083 4033 1303 4104 accusationes
1324 4035 1423 4122 focile

273 4138 444 4218 admittas,
458 4159 499 4205 ne
510 4137 714 4204 innocentem
722 4139 882 4228 perimus,
897 4153 928 4208 ct
940 4139 1066 4208 occidus
1071 4143 1093 4232 j
1096 4155 1245 4209 ustum...
1265 4141 1423 4222 Quocirca
1515 4143 1516 4220 ξ

274 4267 350 4315 cum
373 4244 453 4314 tutes
480 4242 627 4310 bomincs
649 4243 737 4312 uobis
761 4247 840 4314 noti.
855 4258 962 4329 erunt,
981 4247 1216 4339 imprudentes,
1241 4269 1418 4339 puqnoces,
1515 4229 1516 4274 ³
