3030 4980
254 509 317 579 teo
626 533 800 584 micturus
822 533 862 582 nr
883 533 1019 584 suorum.

252 675 308 722 sec
324 655 489 724 romarios
502 655 545 724 ot
559 657 668 750 officio
682 659 722 728 ot
737 656 940 749 imperitiam
959 655 1173 751 stirparderet
1187 695 1232 713 -
1243 657 1414 751 Respon*

249 759 392 830 tendum
414 761 619 852 affirmative,
636 765 711 834 vide
735 765 823 858 apud
848 765 1040 856 Fagnanum
1058 765 1106 859 (in
1120 787 1192 860 cap.
1212 765 1411 852 Quoniam,

252 865 291 935 dc
308 869 421 960 Officio
436 869 588 962 delepati,
599 895 634 940 n.
651 873 720 963 31),
733 880 765 940 91
778 871 866 965 apud
881 871 1078 942 leurcnium
1091 871 1174 964 (loco
1187 873 1255 962 cit,
1270 895 1347 968 cap.
1370 877 1411 962 3,

251 995 285 1065 q.
305 975 395 1066 1111).

294 1081 438 1166 Quusuo
461 1087 528 1153 17⁸.
543 1123 588 1139 -
609 1087 658 1155 An
678 1087 783 1180 possit
806 1085 927 1179 absque
951 1085 1085 1179 speciad
1105 1085 1264 1156 mandato
1284 1088 1413 1178 facere

249 1189 409 1280 qratiam,
427 1191 464 1259 id
485 1205 530 1261 est
552 1213 691 1284 poerrcm
713 1195 901 1264 remitteret
915 1231 961 1247 -
979 1222 997 1260 a
1016 1194 1208 1286 Respondes
1229 1196 1407 1286 negative.

253 1321 270 1362 c
294 1297 463 1390 (Pirrhiug
480 1349 533 1388 ...,
546 1303 632 1370 Aror
647 1300 871 1389 ...,Rebuffus
888 1301 1134 1389 ...,Gardinalis
1147 1301 1322 1389 ...,Abbus
1339 1307 1407 1396 ...)

253 1401 448 1475 «vicarius
471 1407 571 1490 euim,
596 1407 691 1498 juxta
715 1406 800 1476 dicta
827 1407 962 1502 saepius,
985 1406 1055 1477 sine
1085 1409 1218 1501 speciali
1240 1409 1410 1479 mandato

253 1539 270 1578 r
292 1513 446 1606 expedire
462 1516 574 1609 nequit
585 1537 661 1608 quae
674 1519 805 1609 sapiunt
819 1537 942 1585 meram
954 1515 1179 1586 liberalitatem
1191 1525 1223 1586 et
1236 1517 1407 1608 gratiam

253 1646 270 1686 a
292 1629 403 1712 utpote
427 1641 503 1714 quae
523 1623 559 1691 in
582 1623 726 1712 generali
741 1623 919 1692 vicariatus
941 1622 1168 1714 commissione
1190 1645 1256 1692 non
1282 1623 1410 1692 inclu-

254 1752 271 1792 ιι
294 1727 429 1796 duntur.
447 1728 661 1821 Proceditque
675 1730 856 1822 responsio,
873 1729 1000 1798 etiamsi
1020 1729 1202 1822 Episcopus
1221 1751 1286 1798 non
1302 1729 1348 1798 sit
1364 1731 1408 1800 in

254 1859 271 1900 a
295 1833 435 1904 dioecesi.
454 1861 472 1900 r
492 1835 696 1926 (Laureolus,
713 1835 753 1904 de
773 1835 908 1904 Vicariis
923 1836 1048 1928 Episc,
1065 1859 1093 1905 c.
1112 1839 1145 1923 3,
1157 1857 1190 1928 q.
1209 1834 1299 1926 111.)

293 1942 436 2024 Quasno
464 1944 531 2011 18⁸.
554 1979 600 1996 -
624 1942 763 2028 Quaem
789 1943 933 2036 irreptus
956 1955 1002 2012 cst
1021 1963 1190 2035 procmsus
1213 1943 1407 2013 mametis

250 2062 364 2118 ceretro
389 2049 544 2142 aliquem,
566 2071 610 2118 un
631 2049 737 2139 possit
764 2049 913 2118 Vitarius
931 2050 1091 2142 pererrata
1116 2049 1236 2142 cispite
1259 2050 1409 2142 speciali

249 2156 421 2239 mandato,
437 2157 517 2248 prtia
531 2179 629 2224 causa
645 2155 826 2225 aderitum
836 2157 1042 2250 perducatur
1054 2170 1086 2225 ct
1099 2157 1260 2226 scatentia
1274 2156 1405 2248 defini-

250 2264 319 2332 tiva
336 2263 584 2354 pronuntietur,
602 2263 702 2331 talem
725 2263 900 2346 absolvere,
917 2261 954 2332 id
973 2273 1019 2332 est
1044 2262 1182 2332 liberum
1205 2263 1405 2333 dimittere?

249 2408 293 2424 -
305 2370 379 2440 Non
394 2370 589 2439 concordare
606 2371 640 2438 in
654 2371 714 2439 hoc
727 2378 886 2453 auctmes,
905 2370 980 2439 vide
993 2370 1079 2462 apud
1094 2369 1293 2440 Leureniam
1309 2371 1403 2463 (loco

249 2479 320 2564 911,
336 2502 369 2570 q.
390 2476 612 2570 1111111111
636 2477 748 2546 saltem
763 2476 904 2565 videtur,
922 2485 959 2545 ut
979 2477 1012 2546 id
1037 2498 1205 2569 nunquam
1221 2475 1403 2550 11911111-
1513 2569 1514 2574 ἵ

247 2586 353 2654 carius
368 2585 528 2676 generalis
542 2585 663 2676 absque
679 2583 810 2676 speciali
824 2581 976 2652 mandato
988 2583 1153 2677 Episcopi.
1513 2593 1514 2598 ’

293 2692 519 2773 Quasr1019⁸.
538 2731 582 2744 -
597 2693 646 2760 Aa
662 2691 766 2784 possit
786 2691 906 2782 absque
919 2689 1054 2782 specimi
1074 2689 1235 2758 mandato
1254 2711 1402 2783 poerrarn

248 2799 449 2868 interiorem
465 2811 597 2868 mutare
605 2824 618 2881 ,·
633 2809 663 2866 ct
678 2797 886 2890 inspeciem
895 2798 1001 2888 possit
1009 2819 1131 2889 peccas
1143 2799 1327 2890 corporales
1342 2802 1405 2869 uel

245 2929 379 3000 poencm
398 2904 606 2998 depositionis
630 2917 761 2972 mutare
780 2904 816 2972 ire
836 2904 1149 2996 pecuniariami-
1168 2904 1400 2997 «Respondes

252 3039 270 3080 r
292 3013 333 3082 ad
347 3013 491 3104 primum
506 3011 651 3080 :tametsi
664 3009 795 3079 Vicario
809 3011 981 3079 commissa
992 3019 1040 3078 est
1054 3010 1234 3103 specialiter
1248 3019 1400 3102 potestas

252 3147 270 3187 a
292 3142 405 3189 causas
419 3117 602 3188 criminales
618 3116 830 3208 cognoscendi
855 3125 887 3185 et
910 3117 1092 3209 judicandi,
1111 3139 1177 3188 nou
1199 3127 1308 3187 umen
1330 3141 1398 3211 po-

251 3237 352 3296 stest
375 3247 503 3319 punam
526 3250 544 3293 a
566 3227 640 3316 jure
663 3225 831 3312 canonico,
846 3223 900 3293 vel
920 3223 1107 3315 particulari
1128 3233 1247 3294 statuto
1270 3225 1398 3295 dimoe-

252 3361 270 3402 r
292 3357 383 3420 sano,
401 3334 583 3425 impositam
605 3340 637 3400 et
658 3331 838 3420 definitam,
854 3331 888 3400 in
907 3332 1064 3400 leviorem
1090 3341 1228 3422 mutare,
1243 3333 1306 3402 nisi
1328 3331 1397 3403 hoc

252 3469 269 3510 a
292 3445 398 3534 ipsum
426 3439 605 3532 specialiter
626 3449 658 3507 et
678 3459 830 3531 expresse
855 3439 919 3530 ipsi
943 3439 1041 3508 fucrit
1064 3459 1252 3509 concessum
1270 3441 1397 3533 (posito
1511 3443 1512 3458 ¹

250 3575 268 3616 r
290 3549 377 3644 quod
400 3547 578 3639 Episcopus
601 3546 635 3613 in
658 3545 777 3614 talibus
798 3545 985 3638 dispensare
1002 3547 1116 3637 potest)
1135 3574 1191 3626 ...;
1209 3555 1241 3614 et
1259 3547 1306 3614 sic
1321 3569 1396 3617 non

251 3683 269 3726 a
292 3663 395 3749 potest
410 3677 463 3723 eas
477 3673 590 3746 poenas
607 3662 732 3722 mutare
747 3653 782 3720 in
797 3651 1012 3744 pecuniarias.
1028 3652 1131 3744 ldque
1146 3653 1271 3721 etiamsi
1288 3655 1395 3723 habe-

253 3792 270 3830 «
293 3773 341 3832 ret
362 3761 497 3855 speciale
520 3761 708 3828 mandatum
733 3758 774 3827 ad
798 3758 1067 3850 dispensandum
1089 3760 1166 3851 quia
1187 3759 1221 3826 in
1243 3761 1396 3850 pueruli

253 3899 270 3938 a
294 3877 447 3962 potestate
470 3867 678 3960 dispensandi
702 3888 768 3935 uon
788 3865 1073 3957 comprehenditur
1094 3873 1232 3958 potestas
1256 3867 1396 3962 dispen-

252 4005 270 4046 1
294 3977 386 4046 sandi
412 3998 509 4068 snper
534 3973 681 4064 crimine,
704 3982 735 4042 et
759 3971 980 4042 commutandi
1004 3994 1147 4064 paenam,
1173 3975 1226 4042 vcl
1248 3974 1394 4046 faciendi

252 4113 269 4154 a
292 4083 548 4174 compositiones.
579 4081 632 4150 Sic
657 4101 785 4172 quoque
808 4101 875 4148 non
898 4080 1015 4171 poterit
1035 4090 1235 4150 commutare
1254 4103 1392 4174 poemm

251 4215 269 4256 a
292 4186 482 4281 privationis
496 4185 547 4253 vel
572 4185 779 4276 depositionis
798 4209 817 4256 a
840 4187 997 4254 beneficio
1022 4186 1056 4254 in
1079 4208 1207 4277 poenam
1232 4189 1392 4279 pecunia-

252 4323 269 4364 o
292 4287 416 4366 riam..'.
435 4292 498 4362 Sed
515 4315 573 4360 nec
593 4292 661 4384 ipse
676 4292 854 4385 Episcopus
876 4293 946 4362 sine
966 4315 1063 4364 causa
1083 4315 1214 4385 poenam
1236 4295 1389 4366 minuere
