3046 4962
260 405 298 472 tt
629 423 804 470 reserarus
827 423 866 469 nu
888 419 1021 468 sunrcus.

256 557 313 618 aut
324 550 461 616 alterum
476 548 659 631 dumtaxat,
669 545 858 637 speciminis
870 545 986 634 gratia,
997 541 1205 611 adducemus.
1223 543 1320 610 Auno
1334 545 1396 609 385

256 657 298 725 ad
319 657 492 724 Himeram
516 653 788 722 Tarraconensem
811 651 1008 742 Episcopum
1028 650 1187 719 scribebat
1208 649 1243 717 S.
1261 648 1398 717 Siricius

257 767 345 856 Papa
363 791 370 830 :
390 767 436 830 De
449 763 500 830 lu's
513 783 587 829 aero
604 782 670 828 nan
686 761 861 850 inconqrue
879 758 1007 826 dileetio
1027 770 1085 824 tua
1101 756 1318 849 Apostolieam
1333 759 1398 834 Se—

257 872 330 941 dcm
346 868 480 938 credidit
496 867 737 946 scandendum,
753 867 811 958 qui
823 878 899 934 aeta
908 865 1114 956 poenitentia,
1129 878 1288 954 tanquam
1303 885 1398 930 canes

257 1002 296 1046 ac
309 1000 379 1046 sues
394 975 440 1044 ad
454 975 593 1042 uomitus
602 973 762 1064 pristinos
778 971 868 1040 etad
880 971 1052 1040 volutabra
1066 971 1245 1054 redeuntes,
1260 984 1290 1039 et
1306 971 1399 1039 mili-

258 1087 312 1155 tiae
327 1085 505 1174 einqtelum,
523 1094 553 1150 et
568 1081 711 1150 ludicras
725 1081 919 1171 voluptates,
937 1093 968 1147 et
993 1103 1079 1148 noea
1102 1078 1271 1170 conjuqia,
1289 1091 1320 1145 et
1340 1079 1399 1145 in-

255 1191 374 1260 atticos
389 1190 492 1259 denuo
504 1187 689 1279 appetivere
704 1187 930 1256 concubitus...
948 1188 1132 1278 Dequibus,
1149 1187 1316 1278 quiajam
1329 1188 1400 1276 sus-

255 1300 387 1392 suqium
406 1320 472 1364 non
498 1295 619 1362 babent
643 1294 837 1385 paenitendi,
862 1294 898 1362 id
919 1293 1074 1362 demimus
1098 1293 1343 1374 decernendum,
1361 1306 1400 1360 ut

258 1409 327 1475 sola
343 1407 431 1474 intra
447 1403 626 1470 Ecclesiam
639 1400 790 1492 fidelibus
806 1403 953 1468 oratione
971 1401 1175 1491 juuqantur,
1194 1422 1294 1468 sacra
1308 1423 1399 1491 mys-

259 1515 416 1582 teriorum
432 1509 620 1590 celebritati,
639 1507 788 1599 quamuis
809 1530 875 1575 non
889 1519 1088 1590 mereantur,
1106 1507 1255 1576 intersint
1271 1534 1282 1573 .·
1297 1529 1318 1574 a
1335 1507 1398 1574 do-

257 1621 387 1690 minicae
415 1631 526 1686 autem
554 1637 673 1684 mensa
708 1615 853 1684 convivio
891 1628 1136 1705 seqreqentur...
1170 1617 1256 1698 Qum
1290 1628 1400 1682 tamen

258 1728 428 1820 (paeoniam
440 1723 568 1794 carnali
575 1723 761 1814 fraqilitate
774 1721 967 1812 ceciderunt)
983 1723 1095 1790 viatici
1107 1745 1251 1804 munem,
1266 1745 1340 1790 eum
1355 1721 1403 1789 ad

259 1835 438 1903 Dominum
453 1831 605 1924 ceperint
622 1828 795 1921 proficisci,
807 1851 870 1921 per
883 1829 1120 1896 communionis
1136 1829 1282 1918 qratiam
1305 1827 1360 1896 ool
1382 1867 1400 1878 -

259 1966 333 2010 mres
348 1941 519 2010 subleuari.
541 1942 651 2023 Quam
668 1940 816 2028 sormam
840 1949 871 2004 et
894 1937 980 2004 cirea
996 1935 1157 2018 mulieres,
1176 1957 1248 2026 qua
1269 1958 1302 2003 se
1321 1949 1400 2026 past
1509 1965 1510 1992 1

254 2049 487 2144 peonitentiam
503 2045 623 2115 talibus
635 2043 872 2136 pollutionibus
887 2043 1112 2125 deoinaaunt,
1127 2042 1321 2112 seruandam
1337 2064 1401 2109 esse
1509 2057 1510 2134 j

260 2178 421 2226 censemus
439 2152 595 2244 (Concilio
614 2151 727 2232 Coleti,
745 2159 823 2217 tom.
840 2155 872 2236 2,
891 2173 965 2241 pag.
986 2151 1096 2240 1214).
1115 2152 1213 2218 Anno
1227 2173 1303 2218 vero
1321 2153 1399 2235 452,
1509 2193 1510 2242 1

262 2267 307 2334 sic
332 2262 489 2332 statuebat
506 2261 693 2328 Arelatense
715 2258 912 2326 concilium:
932 2258 1095 2326 Paeniteat
1116 2279 1326 2350 quecumque
1343 2257 1402 2326 de—
1509 2321 1510 2332 ,

259 2377 372 2465 fisneta
385 2370 454 2438 uiro
464 2369 527 2436 alii
539 2367 658 2436 uerbere
665 2365 912 2457 praesumpserit
921 2415 973 2446 ...,
987 2388 1061 2434 cum
1074 2365 1185 2434 eodem
1197 2366 1238 2433 ab
1250 2366 1402 2435 Ecclesiae
1509 2367 1510 2418 ἶ

263 2479 430 2549 liminibus
461 2490 622 2544 arceatur.
653 2477 723 2542 Hoc
751 2473 851 2540 etiam
875 2471 914 2540 de
934 2471 1003 2540 aira
1022 2473 1058 2540 in
1080 2473 1273 2564 paenitentia
1294 2473 1401 2563 posito

260 2587 388 2680 placuit
402 2583 566 2652 observari
583 2582 764 2672 (concilium
783 2579 985 2664 Arelatense,
1002 2580 1080 2647 anni
1097 2584 1173 2666 tta,
1191 2603 1314 2649 canone
1330 2579 1400 2670 at).

261 2697 358 2763 Anno
386 2697 448 2760 ild
476 2690 516 2758 ed
544 2689 713 2757 Rusticum
743 2687 940 2778 Episcopum
966 2687 1209 2756 Narbonensem
1241 2687 1402 2756 scribebat

261 2810 389 2870 sanctus
403 2800 468 2866 Leo
482 2798 570 2888 Papa
584 2823 591 2863 ε
610 2796 822 2863 Contrarium
835 2807 880 2862 est
891 2795 1024 2863 omnino
1038 2795 1254 2862 ecclesiasticis
1268 2795 1399 2884 repulia,

260 2923 334 3002 post
357 2905 560 2999 paenitentia
583 2903 744 2972 actionem
769 2901 874 2969 redire
896 2901 942 2972 ad
967 2901 1125 2970 militiam
1146 2903 1346 2970 saecularem.
1363 2903 1402 2969 ln

264 3015 480 3084 vetustissimo
495 3009 630 3078 librale
649 3011 728 3077 Vera
740 3021 772 3075 et
788 3009 883 3075 Falsa
892 3008 1101 3090 Paenitentia,
1115 3008 1173 3100 qui
1186 3009 1264 3077 olim
1280 3009 1314 3076 S.
1329 3009 1403 3077 Aa·

262 3121 393 3212 gastina
408 3119 611 3187 tribuebatur
625 3145 632 3184 :
644 3120 683 3184 In
698 3115 749 3184 bis
765 3114 913 3182 carnibus
928 3114 1051 3196 dolans,
1068 3128 1128 3182 aut
1140 3117 1295 3184 seculum
1309 3115 1402 3184 alere-

264 3229 403 3319 linquat,
421 3239 480 3292 aut
503 3226 618 3292 saltem
641 3222 701 3290 illa
727 3243 801 3313 qua
823 3221 892 3288 sine
915 3221 1111 3290 admotione
1134 3222 1218 3290 mali
1240 3245 1307 3290 nan
1326 3238 1404 3291 sunt

262 3331 508 3409 administrata,
528 3344 566 3396 ut
594 3341 779 3396 mercatura
805 3341 836 3395 et
864 3327 1026 3395 militia...
1055 3328 1223 3396 Abstineet
1246 3353 1267 3396 a
1290 3330 1404 3397 multis

263 3439 371 3518 licitis,
388 3436 445 3527 qui
453 3458 516 3526 per
529 3435 711 3504 libertatem
725 3434 859 3502 arbitrii
871 3434 1034 3502 commisit
1055 3434 1183 3502 illicita.
1203 3436 1311 3526 (Apud
1327 3437 1403 3505 Mo-

262 3551 385 3632 rinum,
412 3543 481 3611 loco
508 3541 616 3626 citato,
638 3565 712 3633 pag.
741 3541 831 3631 ³02.)
857 3540 1039 3609 Concilium
1064 3541 1298 3609 Aurelianense
1324 3544 1403 3610 anni

266 3653 538 3741 maranensis
559 3675 566 3715 ε
585 3649 711 3738 Siquis
731 3647 936 3739 punitentia
956 3647 1173 3717 benedictione
1185 3662 1342 3739 suscepta,
1359 3650 1407 3718 ad
1508 3639 1509 3645 ἵ

262 3761 450 3832 secularem
472 3755 624 3824 babilam
648 3755 866 3845 militiamque
881 3755 999 3822 reuerti
1007 3755 1266 3846 praesumpserit,
1285 3755 1404 3824 uiatico

262 3889 414 3947 concessa,
432 3861 592 3956 usquead
611 3859 736 3928 ercitum
756 3859 1088 3928 eaeommunieatione
1104 3859 1280 3953 plectatur.
1299 3863 1404 3951 (Gan-

261 3977 337 4046 eilia
369 3972 484 4050 Calui,
515 3977 592 4036 tom.
624 3973 656 4054 2,
686 3989 761 4058 pag.
795 3968 904 4058 1280.)
931 3965 1067 4035 Omissis
1093 3975 1215 4056 autem,
1239 3968 1405 4038 brevitatis

258 4103 367 4163 causa,
384 4077 512 4145 cacteris
527 4076 587 4142 hac
599 4074 639 4141 de
656 4097 690 4140 rc
705 4074 917 4160 documentis,
936 4073 1081 4162 legitima
1093 4073 1160 4166 jam
1179 4074 1291 4143 lectori
1308 4077 1403 4144 vide-

261 4190 349 4260 bitur
371 4185 439 4252 lraec
462 4181 649 4251 conclusio:
669 4202 747 4270 ergo
770 4179 911 4248 Ecclesia
933 4180 993 4247 sibi
1019 4189 1206 4270 potestatem
1229 4181 1404 4254 vindicavit
