3030 4980
256 441 316 507 428
629 461 805 508 retornus
828 463 867 508 nu
888 461 1022 508 runicus.

257 607 275 646 ι(
297 581 389 650 nis...
407 582 454 652 Eo
468 583 556 675 quod
572 592 649 652 tunc
663 583 816 654 Vicarius
828 605 895 653 non
910 588 1082 673 cognoscat
1097 600 1226 650 eausam
1242 587 1278 648 ut
1292 578 1409 648 Vicu-

256 714 273 753 «
297 689 378 778 rius,
395 691 450 758 sed
462 699 499 760 ut
510 691 676 780 delegatus
690 691 807 784 Papae;
823 699 855 758 et
869 691 904 758 in
919 713 1017 759 causa
1030 688 1177 778 delegate
1187 709 1247 779 per
1256 687 1406 778 Papam,

257 821 273 862 a
297 797 400 887 major
413 807 461 865 est
471 799 622 868 Vicarius
635 798 793 890 Episcopo
809 820 880 884 suo,
893 805 924 866 et
937 804 1122 888 separatum
1134 803 1182 862 est
1192 793 1407 863 auditorium
1509 795 1510 838 l

256 929 274 968 a
296 903 394 972 unius
409 903 450 972 ab
464 903 625 974 auditorio
640 904 816 974 alterius.»
838 903 1042 996 (Laureolus,
1059 902 1099 972 de
1120 901 1251 972 Vicani's
1263 901 1406 993 Epire„

252 1032 322 1101 cap.
342 1015 374 1097 3,
390 1034 423 1102 q.
444 1012 534 1103 195.)

295 1117 332 1186 Si
352 1127 462 1189 tamen
486 1119 645 1210 delegatio
669 1119 761 1190 fieret
783 1120 915 1191 Vicario
937 1119 1094 1209 generali,
1112 1119 1233 1210 absque
1258 1117 1411 1187 nomine
1510 1173 1511 1208 3

253 1225 357 1317 ipsius
375 1227 521 1320 proprio,
539 1249 620 1296 num
634 1233 711 1296 tunc
726 1228 913 1318 procederet
929 1225 1026 1295 modo
1046 1225 1180 1312 tradita,
1196 1234 1228 1294 et
1244 1247 1411 1294 commu·
1510 1223 1511 1234 ’

252 1333 337 1400 niter
350 1343 479 1426 recepta
493 1334 652 1422 doctrina,
667 1333 753 1426 apud
768 1334 914 1404 doctores
928 1333 1192 1403 controvertitur.

296 1439 440 1522 Quusuo
457 1445 525 1510 12³.
541 1479 586 1495 -
600 1444 693 1513 Num
707 1442 776 1510 sine
789 1441 922 1534 speciali
943 1439 1104 1508 mandato
1116 1439 1220 1532 possit
1233 1438 1411 1530 corripere

253 1571 395 1617 recessus
410 1549 639 1641 rcliqiosorum
655 1562 893 1641 exemplorum,
912 1560 1005 1616 cetra
1021 1547 1165 1616 claustra
1180 1546 1408 1635 degentium?

252 1695 296 1708 -
310 1656 529 1748 Respondeo:
553 1657 685 1726 Certum
711 1664 758 1724 est
780 1655 965 1724 facultatem
988 1653 1090 1723 dictos
1112 1661 1278 1745 exemptos
1299 1663 1408 1722 extra

252 1764 392 1833 claustra
412 1762 565 1853 degentes
586 1763 754 1856 judicandi
777 1772 808 1832 et
832 1762 991 1854 puniendi
1014 1761 1172 1854 Episcopo
1197 1769 1404 1850 competere,

252 1893 294 1937 ex
316 1871 520 1939 concessione
533 1869 733 1939 Tridentinae
755 1869 881 1960 Synodi
899 1871 986 1959 (sess.
1007 1873 1040 1954 6,
1054 1892 1084 1936 c.
1103 1869 1149 1958 3).
1165 1868 1237 1949 Quo
1261 1890 1405 1958 praeno-

253 1987 329 2063 tato,
356 1977 532 2046 dicendum
559 1978 706 2046 eamdem
730 1977 915 2046 facultatem
944 1975 985 2044 ad
1009 1975 1179 2046 Viearium
1208 1975 1404 2064 generalem

252 2106 317 2151 nou
341 2084 490 2171 transire,
512 2083 575 2152 nisi
600 2107 675 2152 cum
700 2083 828 2176 speciali
854 2083 1004 2175 Episcopi
1027 2081 1190 2151 mandato.
1213 2081 1297 2150 Nam
1320 2081 1406 2150 talis

252 2190 387 2258 facultas
402 2211 552 2259 concessa
565 2198 613 2257 est
627 2190 784 2281 Episcopo
798 2203 961 2280 tanquam
973 2211 1069 2280 super
1082 2189 1141 2256 hoc
1155 2211 1178 2256 a
1193 2187 1276 2256 Sede
1288 2191 1405 2280 Apos-

253 2297 350 2364 tolicu
373 2297 530 2387 deleqato,
547 2307 584 2364 ut
606 2297 653 2365 ibi
677 2297 857 2387 loquuntur
879 2295 1061 2365 Tridentini
1089 2305 1195 2388 patres
1202 2323 1212 2382 ;
1238 2317 1298 2364 nec
1321 2317 1403 2365 eam
1513 2351 1514 2386 ,

252 2403 414 2472 habebant
428 2403 580 2496 Episcopi
595 2413 668 2472 ante
682 2403 856 2473 concilium
872 2402 1111 2473 Tridentinum.
1130 2403 1217 2471 Cum
1241 2425 1333 2492 crgo,
1350 2427 1403 2472 ex
1513 2391 1514 2420 ³

253 2509 347 2578 dietis
368 2511 429 2578 sub
444 2512 624 2602 quaestione
640 2511 811 2601 superiori,
829 2510 980 2580 Vicarius
1000 2509 1159 2600 generalis
1177 2510 1299 2601 absque
1315 2532 1403 2600 spe-

252 2617 327 2684 ciali
345 2616 496 2686 mandato
507 2618 660 2709 expedire
672 2627 810 2708 nequeat
825 2639 863 2685 ea
876 2641 951 2710 quas
967 2617 1125 2708 Episcopo
1138 2639 1180 2684 ex
1191 2615 1403 2705 delegatione

251 2724 421 2792 dumtaxat
442 2725 626 2816 apostolica,
643 2747 709 2792 non
725 2739 833 2794 autem
848 2747 889 2794 ex
901 2726 975 2817 jure
994 2724 1092 2794 simul
1109 2723 1288 2810 communi,
1303 2745 1402 2792 eom-

252 2837 376 2921 petunt,
391 2831 538 2922 sequitur
549 2831 736 2920 religiosum
748 2841 937 2922 exemptum
950 2839 1043 2900 extre
1056 2831 1196 2899 claustra
1208 2829 1399 2920 degentem,

252 2960 318 3005 uon
333 2959 425 3029 posse
441 2938 605 3009 aVicario
621 2939 764 3027 generali
790 2939 914 3030 puniri,
931 2939 996 3006 nisi
1010 2937 1243 3008 interveniente
1261 2938 1399 3028 speciali

253 3045 403 3114 mandato
418 3046 579 3137 Episcopi.
596 3046 692 3137 (Vide
707 3045 900 3135 Fagnanum
917 3044 1003 3115 idem
1023 3045 1248 3132 sustinentem,
1264 3047 1300 3112 in
1318 3067 1395 3137 cap.

255 3153 430 3234 Quoniam,
448 3152 488 3220 dc
505 3153 621 3243 Officio
641 3151 791 3242 delegati,
810 3175 843 3220 n.
864 3152 931 3242 22.)

296 3261 438 3342 Quusuo
453 3264 579 3329 1312.-
593 3263 685 3334 Num
703 3261 807 3352 possit
832 3261 953 3353 ubsque
973 3261 1107 3354 speciali
1123 3259 1283 3331 mandute
1306 3261 1400 3354 Epi-

250 3369 339 3461 scopi
352 3367 657 3437 eueommum'ccre?
669 3405 714 3420 --
727 3369 920 3460 Respondeo
938 3373 970 3437 1⁰
982 3391 1049 3438 non
1064 3375 1168 3460 potest
1180 3369 1303 3460 absque
1318 3393 1400 3463 spe-

252 3477 325 3544 ciali
340 3476 489 3545 facultate
508 3475 594 3544 ferre
616 3475 984 3546 excommunicationem
999 3487 1159 3568 tanqum
1173 3499 1315 3568 poenam
1330 3479 1399 3548 nli-

251 3584 344 3673 eujus
359 3583 483 3670 delicti;
498 3604 573 3651 cum
584 3605 642 3673 per
655 3581 844 3652 decretalem
858 3583 947 3652 Licet
956 3583 1008 3675 (de
1022 3583 1135 3676 Officio
1149 3585 1281 3667 Vicami,
1294 3586 1331 3654 iu
1343 3586 1396 3677 6),

251 3713 403 3782 expresse
421 3688 632 3781 prohibeatur
645 3689 767 3781 absque
782 3689 914 3782 speciali
936 3689 1087 3760 mandato
1108 3713 1398 3784 quorumcumque

251 3820 401 3866 excessus
417 3797 582 3888 inquirere
595 3805 627 3863 et
642 3797 770 3887 punire.
789 3795 983 3887 Respondeo
1004 3801 1038 3866 2⁰
1054 3819 1148 3888 posse
1170 3819 1246 3866 eum
1270 3800 1397 3890 absque

251 3905 338 3973 dicto
362 3903 495 3996 speciali
510 3901 663 3972 mandato
686 3904 979 3991 excommunicare,
996 3904 1038 3972 ad
1061 3904 1211 3974 effectum
1235 3906 1398 3976 reddendi

251 4011 413 4080 ‘efficacem
438 4010 696 4102 jurisdictionem
726 4033 835 4097 suam,
858 4033 900 4079 ne
925 4011 1004 4080 alias
1032 4011 1180 4080 illusoria
1201 4013 1334 4100 evadat3
1358 4014 1397 4082 id

252 4129 311 4206 ost,
327 4118 368 4185 ad
384 4117 533 4186 effectum
558 4117 726 4187 obtinendi
746 4125 783 4186 ut
803 4117 925 4187 subditi
948 4119 1010 4186 sibi
1033 4127 1178 4210 pareant.
1203 4119 1244 4189 Et
1263 4121 1308 4188 sic
1331 4143 1397 4210 po-

252 4234 324 4316 test,
348 4223 579 4316 verbigena,
601 4225 736 4296 citatum
762 4247 856 4296 reum
878 4225 931 4298 vel
955 4233 1068 4297 testem
1094 4228 1394 4318 excommunicare,
