3030 4980
272 412 335 476 362
643 433 818 482 ramirus
840 435 880 481 na
900 435 1033 482 masura

266 552 379 643 capitis
395 555 544 623 lienium
567 555 612 646 (3,
636 553 722 623 tituli
743 559 797 642 15,
819 556 896 624 libri
917 561 951 646 2,
972 557 1008 624 in
1027 564 1121 626 sexto
1136 556 1182 647 (l)
1203 583 1211 624 ι
1232 563 1416 648 «comper

270 687 287 724 e
310 659 657 754 hanclitteram,quod
668 661 825 731 Officialis
834 663 1367 754 estordinarius,nondelegatns;
1384 673 1417 734 ct
1503 717 1504 724 κ

270 768 354 836 «sic
376 776 423 836 est
447 769 620 860 reprobata
644 769 756 861 opinio
784 769 943 860 Golia-edi,
966 769 1054 863 quod
1077 769 1231 840 Officialis
1257 770 1416 863 Episcopi

270 899 287 939 a
310 873 475 965 delegatus
491 885 552 962 est,
570 898 637 946 non
652 876 867 958 Ordinarius;
883 887 915 946 et
932 879 976 947 ob
990 877 1051 947 hoc
1065 877 1203 966 diceba,
1217 876 1258 947 de
1277 878 1352 970 imo
1372 878 1416 946 ad

269 1006 286 1044 a
308 981 506 1075 Episcopum
518 1005 587 1052 esse
608 983 853 1076 appellandum.
872 1009 890 1049 s

308 1088 455 1158 Glossam
475 1090 560 1159 hauc
581 1092 685 1160 secuti
703 1099 781 1160 sunt
802 1091 950 1162 doctores
968 1093 1197 1162 communiter.
1219 1090 1358 1160 Constat
1372 1115 1418 1160 ex
1504 1095 1505 1104 ’

266 1197 415 1266 Ferrario
434 1225 442 1265 ι
462 1198 643 1268 «Vicarius
655 1199 744 1267 enim
759 1199 922 1290 generalis
937 1200 1082 1292 (inquit),
1092 1201 1184 1270 uenit
1196 1199 1417 1291 appellatione

269 1329 285 1370 a
308 1302 473 1373 Ordinarii
489 1333 496 1374 :
514 1307 727 1374 communis»
751 1306 803 1399 (ad
817 1329 932 1376 vocem
950 1307 1096 1375 Vicurius
1105 1306 1277 1398 pecoralis,
1295 1315 1360 1376 art.
1379 1311 1414 1393 2,

265 1433 299 1478 u.
320 1411 387 1500 12).
405 1411 495 1480 Idem
508 1421 643 1480 testatur
656 1413 858 1502 Piguatellus
872 1441 879 1482 :
902 1415 1084 1484 «vicarius
1092 1413 1244 1506 Episcopi
1257 1411 1315 1504 (ait
1329 1411 1414 1502 ille),

268 1543 284 1580 s
309 1517 342 1584 iu
358 1517 397 1584 iis
412 1541 487 1608 quae
503 1517 628 1610 dejure
642 1521 811 1588 communi
828 1520 874 1588 illi
887 1530 1074 1612 competunt
1085 1542 1126 1588 ex
1143 1519 1289 1610 generali
1302 1518 1416 1587 alticio
1505 1545 1506 1594 1

268 1651 284 1687 a
310 1623 496 1713 vicariatus,
508 1647 575 1694 non
591 1625 698 1695 solum
712 1625 836 1694 dicitur
845 1624 950 1717 judex
963 1625 1161 1712 ordinarius,
1177 1635 1213 1694 ut
1226 1633 1301 1717 post
1311 1625 1416 1694 loan-

268 1757 285 1796 c
308 1755 383 1800 nem
395 1733 562 1802 Andream
575 1742 606 1801 et
618 1733 764 1802 doctores
779 1734 997 1802 communiter
1011 1734 1103 1803 docet
1118 1733 1274 1802 Sbrozius
1288 1731 1340 1824 (dc
1358 1733 1415 1798 Vi-

269 1865 286 1904 a
308 1840 397 1907 curio
415 1841 582 1932 Episcopi,
600 1841 623 1909 l.
643 1845 674 1928 l,
691 1865 725 1934 q.
742 1843 799 1927 67,
814 1863 849 1910 n.
870 1841 923 1932 2);
944 1849 1156 1934 censeturque
1172 1863 1238 1910 uua
1253 1850 1285 1908 et
1300 1839 1415 1908 eadem
1506 1871 1507 1898 r

268 1971 285 2010 a
308 1967 446 2037 persona
460 1969 537 2016 curn
560 1948 732 2040 Episcopo,
757 1955 788 2016 ct
809 1947 885 2016 lacit
906 1947 996 2018 idem
1016 1949 1214 2018 auditorium
1233 1968 1271 2015 ac
1290 1948 1416 2016 consis-

268 2079 286 2116 a
308 2053 429 2122 terium
450 2077 527 2122 cum
548 2053 604 2123 illo
630 2057 712 2147 (cap.
735 2059 768 2144 2,
794 2055 834 2124 de
862 2058 1025 2138 Cousuct„
1039 2057 1073 2124 in
1097 2063 1209 2143 sext03
1241 2077 1313 2147 cap.
1343 2058 1415 2122 rto-

269 2186 285 2224 a
310 2183 409 2230 manu
435 2164 467 2248 3,
484 2161 524 2229 de
546 2162 687 2254 Appell„
714 2163 750 2230 in
776 2163 897 2254 scxto);
922 2173 1019 2255 atque
1039 2163 1135 2231 habet
1152 2161 1415 2254 jurisdictionem

271 2294 289 2334 s
311 2269 527 2358 ordinariam;
548 2292 608 2338 nec
629 2293 696 2340 non
716 2271 863 2340 eamdem
888 2295 989 2363 quam
1012 2271 1109 2340 habet
1132 2271 1322 2363 Episcopus,
1339 2292 1416 2338 cum
1507 2252 1508 2302 t

269 2401 286 2439 a
310 2375 452 2445 tribuual
468 2377 567 2446 unius
582 2377 709 2446 dicatur
733 2377 876 2447 tribuual
896 2378 1043 2466 alterim,
1059 2399 1199 2470 persona
1219 2377 1320 2446 unius
1336 2399 1418 2468 per·-

270 2509 287 2549 u
309 2507 389 2554 sona
405 2485 550 2574 alterius,
571 2485 657 2554 idem
679 2484 796 2576 judex,
814 2508 918 2554 unum
942 2485 1102 2570 officium,
1124 2484 1213 2552 idem
1237 2482 1415 2575 judicium,

269 2618 285 2656 a
310 2592 460 2685 idemque
478 2593 610 2662 effectus
632 2593 822 2662 auctoritate
844 2593 995 2685 Episcopi
1017 2603 1049 2662 et
1064 2591 1188 2662 Vicerii
1210 2590 1415 2675 ministerio;
1508 2609 1509 2658 ἒ

270 2833 287 2872 u
311 2814 414 2896 potest
427 2805 537 2874 omnia
551 2828 627 2897 quae
645 2813 748 2897 potest
763 2805 960 2898 Episcopus;
978 2814 1010 2874 ct
1025 2805 1190 2895 cognoscit
1204 2826 1320 2872 omnes
1339 2825 1417 2870 cau-

272 2939 289 2978 a
312 2935 364 2980 sas
377 2913 460 2981 sicut
476 2911 676 3004 Episcopus3
695 2913 773 3003 quia
788 2919 837 2979 est
852 2913 1046 2980 constitutus
1061 2911 1102 2980 ad
1118 2913 1229 2981 omnia
1248 2933 1324 3004 quae
1342 2919 1417 2978 stunt

272 3046 288 3084 a
309 3019 547 3111 jurisdictionis
564 3019 756 3088 voluntarie
771 3027 803 3087 et
824 3020 1033 3087 contentiose
1056 3047 1109 3100 ...;
1130 3041 1266 3110 quarea
1285 3026 1419 3088 senteu-

272 3151 290 3192 u
312 3128 359 3195 tia
372 3126 496 3197 Vicarii
513 3125 673 3216 generalis
696 3148 763 3195 nou
778 3125 876 3194 datur
896 3126 1069 3218 appellatio
1085 3125 1127 3194 ad
1147 3125 1344 3218 Episcopum
1363 3150 1416 3212 ...;

274 3260 291 3298 α
314 3232 371 3300 sed
392 3233 490 3301 etiam
508 3241 557 3302 est
574 3233 759 3302 ordinarius
782 3243 937 3326 tanquam
955 3233 1136 3326 Episcopus
1152 3260 1209 3320 ...;
1226 3255 1326 3325 quam
1348 3231 1419 3323 opi·

274 3341 459 3428 «monem,
485 3340 536 3410 uli
555 3362 773 3427 communem,
798 3340 899 3408 secuti
923 3351 999 3409 sunt
1018 3339 1212 3409 doctores.»
1245 3341 1352 3433 (Tem.
1384 3343 1417 3425 l,

271 3447 410 3517 consult.
438 3451 492 3535 37,
522 3470 556 3515 n.
588 3449 635 3537 l.)
665 3447 733 3516 Nec
764 3447 873 3517 minus
901 3470 1053 3540 expresse
1082 3447 1282 3516 Monacellus
1302 3445 1420 3515 dehac

272 3555 439 3624 communi
457 3555 700 3624 canonistarum
727 3555 886 3624 sententia
908 3554 1021 3647 :quod
1038 3555 1125 3624 enim
1145 3555 1300 3626 Vicarius
1321 3577 1420 3644 gene-

305 3823 338 3885 (t)
349 3825 378 3874 ln
389 3823 434 3873 illo
446 3823 530 3887 capite
541 3821 634 3887 legitur
662 3837 669 3872 r
686 3822 750 3873 Cum
760 3823 980 3887 auffrapauaorum
993 3825 1117 3874 Remmia
1133 3823 1255 3874 Ecclesia
1270 3836 1423 3888 suorumque

278 3903 432 3968 officialium
445 3904 503 3969 (qui
523 3904 679 3969 perscrutator
689 3903 722 3954 de
744 3903 836 3954 Cauris
847 3904 882 3954 od
895 3906 1006 3970 ipsarum
1020 3905 1108 3967 sorum
1122 3904 1323 3970 pcrtinentibus,
1337 3917 1422 3954 coram

278 3985 342 4032 uices
357 3983 504 4048 supplendo,
522 3987 687 4048 copuoscurrl)
707 3999 786 4033 unum
806 3989 832 4034 at
852 3985 919 4034 idem
938 3985 1116 4034 consistorium
1136 3986 1190 4034 ciue
1208 3985 1372 4034 auditorium
1390 3987 1423 4034 rit

278 4063 443 4127 censendum
456 4063 488 4113 ol
506 4065 568 4129 ipsis
583 4063 750 4130 Officiolidus,
770 4079 818 4114 uun
832 4065 868 4116 ad
886 4065 970 4116 dictor
984 4064 1177 4131 Suffrapaacos,
1189 4079 1220 4116 uc
1234 4064 1268 4115 ol>
1280 4065 1374 4115 easdem
1390 4063 1424 4114 ud

278 4145 370 4207 seipsos
390 4143 517 4206 interponi
537 4145 683 4209 appellatio
706 4145 835 4207 uideatur,
857 4145 903 4195 aed
925 4145 1035 4210 dejure
1056 4145 1091 4196 ud
1109 4147 1251 4196 nemmem
1271 4149 1310 4196 cst
1324 4146 1423 4196 curiora

280 4221 473 4290 appellandum.
