3046 4968
578 509 652 555 osas
678 509 780 554 rarus.
1185 491 1246 555 tls

103 624 223 694 dicant.
240 625 401 696 Praeterea
411 628 508 718 juxta
523 629 670 718 regulam
688 633 727 696 68
744 629 779 696 in
793 632 825 715 6,
841 627 1032 717 regulariter
1042 629 1116 720 quis
1132 651 1246 698 couca-

103 732 180 802 derc
193 742 226 801 et
239 755 297 824 per
308 734 409 804 aliam
421 756 572 804 exercere
584 743 700 826 potest,
712 734 801 826 quod
814 735 876 802 sibi
891 736 1061 827 proprium
1074 744 1132 804 est.
1146 739 1247 806 Acce-

103 839 152 907 dit
172 841 207 908 in
222 841 446 932 probationem
469 842 652 912 communis
676 842 846 910 doctorum
870 843 1037 930 sententia,
1055 851 1087 912 et
1101 854 1251 914 constans

102 947 255 1016 Ecclesia
269 949 392 1039 praxis.
405 948 501 1030 Quod
517 971 594 1018 vero
609 957 747 1040 nequeat
760 948 955 1018 Ordinarins
970 957 1071 1018 totam
1087 973 1179 1019 suam
1192 952 1249 1043 ju·

104 1053 326 1124 risdictionam
337 1055 430 1124 alteri
441 1055 590 1147 delegare
604 1057 673 1124 sine
687 1056 857 1149 principis,
872 1056 905 1124 id
921 1066 969 1126 est
980 1057 1121 1126 Romani
1134 1058 1250 1128 Ponti-

104 1159 172 1228 ficis
187 1184 336 1249 assensn
350 1161 515 1252 callipitur
532 1163 587 1252 (ait
603 1163 904 1253 Schmalzgrueber)
924 1163 1004 1254 qnia
1017 1165 1247 1236 committendo

105 1282 211 1337 totam
223 1292 320 1338 suam
326 1270 603 1359 jurisdictionem,
617 1293 683 1338 non
697 1283 768 1338 tom
779 1282 958 1339 cosmetur
972 1270 1130 1361 delapsam,
1145 1296 1247 1364 quam

104 1377 239 1446 omnino
263 1399 296 1444 sc
321 1375 473 1446 abdicare
494 1375 738 1464 jurisdictione,
767 1399 822 1444 sen
846 1377 949 1468 officio
975 1401 1044 1461 sno,
1069 1379 1157 1470 qnod
1179 1381 1248 1448 sine

98 1481 261 1573 principis
275 1505 428 1552 consona
443 1483 556 1574 nequit
573 1483 618 1573 (in
640 1485 687 1551 tit.
708 1487 748 1552 29
765 1483 841 1551 libri
857 1488 871 1550 1
894 1484 1122 1572 Decretalium,
1140 1510 1172 1554 n.
1193 1486 1245 1576 9);

103 1588 139 1654 in
155 1613 222 1682 qno
237 1599 391 1682 tanquam
405 1599 493 1660 certo
508 1590 708 1660 admittendo
723 1591 918 1660 concordant
934 1590 1091 1660 doctores.

151 1699 183 1764 3.
208 1697 339 1766 Certum
362 1707 411 1766 est
434 1698 618 1788 delegatum
642 1721 661 1766 a
681 1698 770 1789 Papa
792 1721 886 1789 possa
907 1699 1099 1788 regulariter
1127 1701 1248 1772 subde-

102 1803 228 1892 legare.
253 1803 386 1874 Constat
411 1829 453 1874 ax
475 1803 626 1874 decretali
650 1805 691 1874 Si
710 1827 774 1897 pro
804 1805 970 1874 debilitate
995 1807 1040 1897 (3,
1073 1807 1161 1876 tituli
1190 1812 1244 1896 29,

100 1909 183 1979 libri
208 1915 222 1978 l
250 1912 493 2004 Decretalium),
523 1914 645 2004 inqua
674 1912 720 1980 sic
744 1910 888 1982 decrevit
915 1913 1103 1982 Alexander
1132 1917 1247 1985 tertius

101 2039 193 2087 anno
211 2022 291 2086 1166
311 2046 319 2084 :
338 2020 379 2088 Si
388 2043 452 2109 pro
467 2019 645 2100 debilitate,
665 2019 717 2088 vel
730 2019 873 2112 quenlibet
889 2021 957 2089 olio
974 2022 1184 2111 provinense
1199 2024 1252 2092 oct

101 2126 302 2207 normatate,
325 2125 505 2194 tractandis
525 2127 630 2194 causis
648 2149 721 2218 qun
741 2127 802 2196 tibi
815 2151 837 2196 o
856 2128 941 2197 Sede
955 2128 1138 2219 apostolico
1159 2153 1249 2198 com-

101 2231 297 2313 mittuntur,
315 2233 465 2300 interesse
475 2256 541 2300 non
548 2233 682 2323 poteris,
699 2232 838 2302 liberum
851 2231 912 2302 tibi
921 2234 963 2300 sit
970 2234 1117 2323 personis
1128 2233 1248 2303 discre-

101 2339 148 2406 tis
165 2351 195 2406 et
205 2337 328 2406 idoneis
340 2339 423 2408 circs
437 2351 511 2408 tuas
525 2339 750 2408 committere:
767 2339 816 2408 ito
831 2353 941 2408 tamen
955 2339 1085 2431 quodsi
1097 2363 1146 2409 res
1161 2344 1249 2412 tanti

100 2458 165 2526 cst,
183 2458 213 2512 te
226 2445 390 2514 consulere
405 2444 542 2515 &beant
560 2473 570 2512 :
586 2447 652 2514 nisi
658 2448 745 2537 sorte
759 2469 866 2514 canace
879 2447 929 2514 ita
942 2447 1146 2537 processis,
1160 2449 1249 2540 qnod

99 2555 176 2621 sirac
181 2554 355 2644 presentie
368 2565 427 2621 too
440 2553 641 2644 nonpossint
654 2553 821 2622 commode
832 2554 1015 2624 terminari.
1029 2555 1110 2622 ltem
1122 2565 1246 2624 constat

101 2685 145 2730 ex
164 2659 311 2730 decretali
327 2661 508 2730 Postorolis
521 2659 587 2750 (28,
605 2661 692 2730 tituli
708 2664 764 2749 29,
776 2661 855 2729 libri
870 2665 880 2730 l
904 2660 1056 2752 Deerat).
1070 2663 1107 2730 ln
1122 2665 1246 2753 quasia

100 2769 312 2838 Innocentius
324 2770 370 2837 lll
383 2792 470 2838 anno
483 2772 567 2837 1266
583 2794 591 2836 :
609 2769 848 2838 Consultationi
862 2781 927 2838 tuce
944 2769 1100 2838 dneimns
1114 2793 1245 2862 respon-

100 2875 261 2958 dendnm,
277 2876 453 2968 quodcum
471 2875 618 2966 dcleqoto
635 2899 656 2942 o
663 2875 814 2968 principe
822 2874 1014 2967 jurisdictio
1035 2876 1140 2946 dandi
1147 2875 1246 2968 judi·

100 3006 174 3052 cem
187 2985 230 3053 sit
245 3008 266 3052 o
282 2985 350 3074 lepc
364 3006 519 3065 concesso,
532 2982 710 3052 dnmmodo
726 2983 793 3073 ipse
807 3005 982 3052 exonerare
995 2985 1135 3075 scipsum
1145 2987 1245 3053 mali-

101 3093 184 3160 tiose
197 3115 262 3160 non
274 3104 412 3183 peierat,
426 3100 487 3160 etc.
501 3091 589 3180 Ergo
602 3089 769 3180 delegatus
782 3112 801 3158 a
815 3091 961 3183 principe
979 3087 1076 3159 habet
1089 3091 1245 3182 jurisdic-

100 3201 226 3267 tionem
236 3221 295 3268 seu
305 3205 493 3291 potestatem
506 3195 772 3288 dondijnrlirnn,
784 3196 886 3283 idest,
898 3197 1140 3288 subdelcgandi.
1153 3199 1242 3269 Idem

99 3304 275 3376 coufirmat
289 3304 471 3374 communis
484 3304 653 3374 doctorum
667 3304 826 3372 sannatia
839 3315 870 3372 et
883 3311 1033 3372 constans
1050 3307 1173 3395 praxis.

150 3413 302 3481 Diximus
320 3410 527 3503 repuleriter,
550 3412 799 3502 obsequentem
824 3411 1059 3500 exceptionem,
1081 3435 1196 3505 nempe
1216 3418 1244 3484 si

100 3525 145 3589 sit
171 3520 271 3589 electu
297 3517 457 3587 industria
481 3517 658 3610 personalis
680 3517 829 3606 delegati.
856 3517 1045 3588 Censendus
1068 3530 1176 3590 autem
1196 3532 1245 3591 aet

101 3631 224 3698 electus
237 3627 279 3695 ob
298 3625 493 3694 industriam
515 3624 730 3717 personalem,
753 3625 781 3692 si
804 3626 838 3694 in
859 3627 1015 3719 rescripto
1038 3626 1164 3697 dicatur
1181 3654 1244 3720 per

2 3740 3 3744 ’
103 3737 254 3826 teipsum,
274 3733 325 3802 vel
332 3732 547 3824 personaliter
560 3732 729 3822 exequaris
747 3759 757 3798 :
774 3733 851 3800 item
865 3733 893 3802 si
908 3755 1005 3802 cansa
1018 3735 1060 3802 sit
1074 3736 1119 3804 ite
1132 3739 1241 3825 gravis

101 3856 139 3915 nt
155 3847 264 3912 deceat
278 3863 298 3909 a
312 3841 458 3930 delegato
473 3841 543 3931 ipso
559 3839 682 3927 dirimi,
703 3848 800 3931 prout
814 3839 952 3909 hahetur
967 3841 1000 3908 in
1016 3841 1112 3910 citata
1126 3842 1241 3913 decre-

101 3952 160 4022 tali
180 3952 221 4019 Si
234 3973 297 4042 pro
311 3947 478 4018 debilitate
496 3975 506 4014 .·
521 3949 599 4016 item
617 3948 644 4014 si
661 3946 808 4036 delegato
824 3948 1047 4016 committatur
1060 3972 1149 4018 mera
1162 3973 1239 4028 exe—

100 4062 187 4129 cutio
202 4081 261 4128 scu
274 4056 402 4125 nudum
422 4055 650 4124 ministerium.

148 4172 180 4236 t.
206 4165 379 4254 Delegatns
402 4163 443 4230 ab
465 4161 638 4231 Ordinatio
659 4161 813 4230 inferiore
838 4160 1030 4250 regulariter
1053 4185 1117 4230 non
1142 4176 1245 4257 potest

101 4273 326 4362 subdelegare.
343 4269 476 4339 Constat
491 4293 532 4338 ex
548 4270 651 4360 capite
674 4271 758 4337 Corn
779 4291 913 4338 censam
938 4272 1004 4356 662,
1025 4267 1065 4336 cle
1085 4273 1238 4364 Appon).

266 4401 286 4446 ι.
1046 4383 1085 4442 tt)
