3046 4968
541 499 615 542 rans
638 499 742 544 earne.
1150 479 1207 542 111

75 631 182 686 autem
197 619 259 686 doc
270 639 335 686 non
347 631 466 709 potest,
478 641 544 687 non
555 633 679 710 peccet,
689 617 864 688 secrtndnm
879 618 1022 710 ollepctn
1034 631 1065 686 et
1073 611 1217 708 probato

76 727 265 794 serrtmtiom
278 728 405 817 serens·
421 727 499 817 quio
513 727 581 818 ipse
595 749 660 794 non
671 725 788 796 occidit
804 725 1014 807 innocentem,
1025 723 1082 793 sed
1096 726 1147 794 illi
1161 728 1219 818 pai
1255 737 1259 745 ’

77 857 149 900 mem
164 847 313 902 asseram
328 847 492 901 nocentem
509 833 554 924 (2.
573 837 605 918 2,
617 857 649 925 q.
669 837 724 918 61,
738 856 768 900 o.
788 835 831 918 3).
852 833 890 900 Et
903 834 948 900 ita
961 833 1105 900 sentiunt
1121 833 1215 901 multi

76 963 149 1006 cum
164 939 301 1008 Doctore
314 939 482 1029 angelico.
502 938 654 1008 Secundo
669 941 839 1024 sententia,
854 939 929 1006 huic
944 941 1076 1006 omnino
1090 948 1218 1006 contra-

78 1049 137 1131 ria,
149 1055 248 1131 tenet,
261 1069 428 1138 nunquam
443 1047 545 1137 judici
560 1047 608 1114 fas
620 1069 689 1114 csse
705 1046 916 1138 pronuntiare
928 1055 1040 1113 contra
1054 1047 1219 1136 propriam

78 1154 325 1240 conscientiam3
342 1153 430 1221 uude
446 1177 614 1246 nunquam
631 1153 692 1244 ipsi
709 1153 782 1221 lieet
798 1152 1026 1240 condemnare,
1040 1176 1136 1244 quem
1152 1153 1222 1244 pri-

79 1269 151 1328 vata
165 1261 299 1329 scientia
323 1269 409 1329 certo
433 1262 524 1330 novit
542 1261 760 1346 innocentem,
779 1261 989 1352 quantumvis
1014 1282 1071 1351 per
1085 1259 1222 1349 allegata

80 1391 198 1456 nocens
219 1369 385 1461 probetur.
404 1369 501 1438 Ratio
521 1379 581 1454 est,
599 1368 675 1460 quia
696 1368 907 1459 pronuntiare
930 1377 1042 1435 contra
1057 1369 1222 1459 propriam

80 1477 259 1559 scientiam,
289 1486 336 1545 est
362 1479 509 1560 mentiri;
540 1477 745 1546 mendacium
768 1500 844 1546 vero
871 1485 919 1544 est
940 1477 1020 1568 quid
1048 1476 1221 1546 intrinsece

80 1585 204 1652 malum
227 1594 259 1651 et
287 1608 453 1676 nunquam
481 1585 619 1653 licitum.
645 1584 807 1653 Praeterea
830 1592 991 1676 precepto
1013 1583 1124 1652 divino
1144 1607 1226 1677 pro·-

81 1689 213 1756 bibetur
239 1687 339 1757 occidi
365 1691 567 1757 innocentem
594 1717 601 1756 :
630 1691 790 1757 insontem
814 1702 845 1756 ct
861 1691 994 1779 justum
1017 1711 1082 1756 non
1106 1689 1226 1758 occides

82 1795 202 1884 (Exod.
215 1797 282 1886 23),
297 1819 376 1885 ergo
390 1797 516 1864 etiamsi
528 1797 605 1888 jura
620 1795 763 1864 bumana
775 1796 1020 1887 praescriberent
1036 1798 1226 1865 sententiam

4 1913 5 1918 ’
80 1901 162 1970 ferri
182 1903 277 1993 juxta
298 1902 443 1993 oltepoto
464 1916 495 1970 et
514 1903 672 1994 probato,
692 1926 756 1970 non
781 1905 839 1988 eis,
856 1902 911 1971 sed
932 1911 1094 1994 praecepto
1114 1904 1226 1973 divino

80 2010 307 2101 obtemperare
331 2009 426 2078 debet
446 2009 562 2101 judex,
579 2033 655 2078 casu
671 2033 749 2101 quo,
766 2009 942 2101 judicando
961 2011 1060 2101 juxta
1076 2011 1224 2100 allegata,

4 2137 5 2190 f
81 2117 122 2184 ad
144 2139 257 2184 necem
277 2117 431 2185 damnare
446 2117 576 2186 deberet
591 2119 776 2186 innoxium.
804 2118 910 2185 Tertio
931 2119 1087 2185 sententia
1109 2117 1228 2187 distin-

4 2219 5 2222 ’
82 2224 158 2312 golt
182 2224 241 2292 boc
262 2225 384 2290 modo:
409 2232 511 2314 potest
538 2234 569 2291 et
589 2223 682 2292 debet
702 2224 805 2314 judex
824 2233 935 2292 contra
955 2225 1121 2316 propriam
1146 2247 1228 2294 con-

83 2333 253 2398 scientiam
272 2333 482 2421 pronuntiare
497 2331 673 2399 secondum
689 2331 832 2421 otlepoto
856 2345 887 2398 et
901 2331 1057 2423 probato,
1075 2333 1108 2402 in
1123 2335 1228 2402 causis

83 2438 240 2506 civilibus
252 2447 283 2505 et
298 2437 524 2506 criminalibus
539 2438 740 2507 minoribus:
758 2461 823 2506 non
839 2446 945 2506 autem
959 2438 993 2504 iu
1005 2439 1230 2509 criminalibus

4 2531 5 2540 ¹
84 2544 279 2636 majoribus,
296 2545 329 2611 iu
350 2545 469 2635 quibus
489 2546 599 2635 agitur
614 2545 654 2613 de
678 2567 774 2636 poena
794 2545 908 2613 mortis
928 2545 980 2613 vel
1001 2547 1225 2618 mutilationis.

4 2701 5 2726 2
83 2652 236 2720 Habetur
249 2659 356 2719 autem
380 2651 451 2719 haec
473 2652 628 2720 sententia
649 2652 826 2742 generatim
850 2660 885 2719 ut
901 2651 1115 2743 probabilior;
1132 2665 1227 2746 atque

83 2783 160 2826 earn
182 2757 325 2826 doctores
351 2757 395 2825 sic
426 2757 604 2827 defendunt
629 2787 635 2826 :
660 2758 731 2828 ideo
755 2759 856 2851 judex
878 2760 912 2826 in
935 2759 1086 2828 civilibus
1110 2770 1141 2828 et
1164 2765 1229 2830 cri-

85 2865 268 2934 minalibus
290 2863 470 2933 minoribus
499 2875 626 2934 tenetur
646 2875 757 2934 contra
782 2865 943 2957 privatam
965 2867 1129 2935 scientiam
1154 2891 1229 2959 pro-

4 3025 5 3054 ,
86 2973 244 3042 nuntiare
269 2973 446 3040 secundum
470 2971 607 3063 allegata
622 2981 652 3040 et
667 2973 813 3064 probata,
832 2975 909 3064 quia
925 2973 1064 3042 Ecclesia
1083 2977 1124 3066 (et
1143 2977 1228 3046 idem

4 3159 5 3164 ¹
86 3083 221 3148 dicatur
235 3079 274 3146 de
296 3079 459 3170 republica
481 3080 588 3172 quoad
613 3078 754 3170 judicem
778 3080 974 3170 secularem)
992 3089 1096 3171 potest
1115 3082 1156 3150 ob
1172 3084 1232 3153 bo-

4 3173 6 3200 *
87 3210 176 3255 num
195 3186 373 3278 publicum,
393 3209 432 3254 ne
454 3186 573 3254 scilicet
591 3185 790 3277 judiciorum
813 3186 1018 3278 publicorum
1036 3187 1141 3258 forma
1157 3214 1229 3260 cnm

4 3277 6 3372 1
89 3290 206 3384 populi
230 3291 380 3359 scandalo
404 3298 579 3376 evertatur,
603 3291 773 3382 disponere
803 3299 838 3358 nt
862 3293 1022 3360 bonorum
1050 3293 1089 3361 de
1113 3299 1233 3387 quibus

87 3401 203 3491 agitur
218 3400 448 3467 detrimentum
462 3399 610 3484 subeant,
624 3399 693 3490 qui,
703 3399 808 3488 jueta
824 3399 980 3490 ollepoto,
998 3400 1233 3476 condemnandi

4 3581 5 3600 χ
93 3507 259 3576 videntur.
288 3505 368 3574 Nam
401 3506 435 3573 in
462 3503 649 3595 hujusmodi
679 3507 763 3573 bona
794 3505 895 3573 altum
928 3507 1108 3578 dominium
1140 3515 1234 3584 habet

91 3613 237 3683 Ecclesia
248 3614 341 3704 (sicut
353 3621 385 3681 et
400 3612 580 3704 respublica
592 3613 618 3679 si
633 3613 672 3680 de
683 3611 807 3703 judicio
820 3613 966 3682 saeculori
984 3619 1124 3708 agatur).
1141 3621 1234 3692 Unde

92 3747 134 3791 ex
152 3722 276 3789 ratione
297 3721 373 3788 boni
397 3720 557 3809 generalis
582 3729 612 3787 et
636 3719 772 3811 publici,
790 3720 948 3790 censenda
967 3732 1014 3790 est
1035 3725 1176 3794 Ecclesia
1193 3731 1235 3800 ita

92 3831 284 3920 disponere;
300 3849 335 3894 ac
354 3825 490 3918 proinde
509 3825 613 3917 judex
633 3827 835 3896 innocentem
852 3829 886 3895 in
903 3830 963 3898 hoc
986 3853 1059 3898 casu
1083 3834 1235 3904 condem·

4 3961 5 3968 ¹
94 3934 218 4014 nando,
243 3933 433 4024 injustitiam
459 3956 524 4001 non
547 3934 730 4001 committit.
761 3937 883 4003 Alvero
906 3935 933 4003 si
956 3945 1071 4026 agatur
1094 3941 1133 4008 de
1161 3965 1235 4032 pro-

94 4041 280 4111 nuntianda
301 4043 413 4110 mortis
426 4041 477 4109 vel
499 4039 710 4108 mutilationis
725 4065 821 4132 poena
840 4043 908 4134 (qui
928 4067 1020 4111 casus
1047 4048 1234 4120 saecularem

4 4225 5 4240 ἶ
93 4149 256 4244 judicem,
277 4171 341 4216 non
362 4148 611 4216 ecclesiasticum
639 4149 793 4239 respicit),
815 4149 920 4216 locum
948 4151 1130 4226 nonhabet
1155 4156 1239 4229 dicto

4 4241 6 4272 '
98 4257 202 4344 ratio;
219 4257 296 4348 quia
316 4279 432 4347 nempe
459 4256 639 4347 respublica
661 4278 727 4324 non
749 4255 844 4325 habet
864 4259 898 4324 in
915 4256 1015 4326 vitam
1038 4269 1069 4327 et
1098 4265 1242 4336 membra
