3030 4980
539 485 613 533 rius
636 485 781 534 smenon.
1165 462 1226 528 too

90 631 270 696 assumerc3
289 607 377 701 quod
391 615 499 678 autem
515 607 712 678 declaratum
728 607 771 676 sit
782 607 885 676 teneri
899 607 1074 698 Episcopos
1095 603 1135 672 de
1152 604 1228 695 jure

89 717 270 803 communi,
286 716 355 785 6166
368 715 526 802 absolute,
542 715 610 784 sive
624 716 721 784 611666
735 715 860 806 6661166
881 713 990 805 ample
1004 720 1053 782 est
1066 712 1224 798 diceoesis,

88 822 130 890 ad
158 822 322 892 habendos
350 823 496 894 Vicarios
523 822 701 912 generales,
728 821 809 890 mibi
837 821 1041 912 exploratum
1068 842 1134 888 non
1164 828 1223 886 est.

90 927 283 1020 Respondes
313 933 347 997 2ο
377 951 452 999 cum
473 929 623 998 Ferraria
641 955 648 996 :
669 955 686 994 6
710 927 804 1010 Quod
830 927 1008 1020 Episcopus
1029 948 1096 995 non
1125 925 1226 1016 possit

94 1062 111 1100 6
135 1035 289 1104 coarctari
303 1035 344 1104 66
358 1035 563 1105 retinendum
575 1035 756 1121 Vioarium,
773 1055 925 1127 expresse
938 1033 1112 1102 declaravit
1126 1031 1225 1100 Sacra

92 1169 108 1206 6
132 1141 349 1232 Congregatio
370 1143 508 1212 Consilii
527 1146 562 1210 11
586 1142 743 1212 februarii
764 1145 860 1227 16911,
882 1139 1091 1233 approbando
1111 1147 1223 1208 votum

91 1277 107 1316 6
132 1250 371 1338 6616661166
383 1255 421 1318 18
433 1250 518 1342 junii
531 1252 658 1318 166161
672 1254 707 1318 11
724 1249 835 1317 martii
848 1251 945 1336 1696,
955 1269 1064 1316 coram
1072 1246 1220 1334 Emerix,

92 1383 109 1422 6
132 1357 168 1425 16
183 1358 339 1428 Valvensi
361 1357 690 1450 praeminentiarum.
707 1383 724 1424 6
742 1356 807 1450 (Ad
827 1377 940 1426 vocem
962 1355 1106 1426 Vicarius
1126 1377 1222 1445 penc-

87 1465 180 1547 ralis,
196 1473 258 1533 art.
276 1469 309 1550 l,
324 1488 358 1533 n.
379 1465 424 1555 5.)

131 1571 241 1642 Verba
252 1571 358 1659 Rotae,
368 1572 402 1640 in
413 1594 509 1640 causa
521 1571 617 1641 modo
626 1572 778 1659 indicata,
789 1579 865 1640 sunt
877 1570 1063 1662 hujusmodi
1081 1597 1088 1637 :
1110 1595 1127 1636 6
1138 1571 1219 1657 lmo,

90 1705 106 1744 6
130 1677 218 1768 6666
230 1679 304 1769 plns
319 1687 378 1764 est,
394 1687 497 1769 potest
511 1680 607 1748 etiam
623 1679 750 1750 nullum
769 1678 1086 1764 babere-Vicerium,
1113 1685 1144 1746 61
1163 1699 1223 1746 ne·

91 1811 108 1850 6
130 1789 219 1874 gotia
233 1785 364 1877 explere
379 1807 436 1876 per
449 1786 655 1877 semetipsum
673 1813 682 1873 ;
700 1793 737 1856 ut
760 1787 796 1854 in
817 1784 980 1854 decisione
1003 1787 1079 1869 118,
1103 1805 1136 1851 6.
1166 1787 1218 1870 16,

89 1919 106 1958 6
128 1914 240 1961 coram
267 1893 446 1962 Caralerio.
469 1919 487 1958 r
513 1895 561 1983 116
580 1893 765 1962 collectione
788 1893 987 1962 decisionum
1009 1892 1112 1978 Rotae,
1141 1915 1222 1984 quas

85 1999 285 2068 Monacellns
303 2000 411 2090 posuit
426 1999 466 2068 66
488 2000 607 2069 calcem
627 2002 728 2092 partis
748 2004 768 2068 2
789 2001 840 2069 sni
867 2001 986 2091 operis,
1004 1997 1165 2070 decisione
1187 2005 1219 2089 ³,

85 2127 119 2173 n.
138 2105 187 2195 2.)

128 2213 281 2283 Diximus
294 2223 402 2284 antem
418 2215 454 2283 in
468 2215 562 2303 thesi,
579 2237 645 2285 non
658 2215 797 2284 existere
809 2214 1039 2303 obligationem
1053 2213 1221 2283 Vicarium

83 2323 269 2412 generalem
282 2323 510 2411 constituendi,
527 2323 635 2414 quoad
653 2323 848 2413 Episcopum
871 2322 907 2390 ira
926 2321 1054 2390 diaecesi
1062 2343 1123 2388 666
1142 2320 1221 2387 resi-

84 2425 226 2494 dotem.
243 2426 326 2495 Nam
342 2427 370 2494 si
383 2427 466 2496 iorte
481 2449 547 2497 non
559 2427 708 2512 resideat,
730 2436 809 2496 tunc
827 2449 870 2495 ex
886 2426 959 2518 jure
984 2425 1123 2495 naturali
1147 2424 1222 2493 ssuit

82 2530 169 2600 dicta
192 2533 356 2623 obligatio.
385 2535 499 2604 Unitas
524 2535 612 2603 enim
638 2534 806 2624 regiminis
835 2533 877 2602 ed
902 2541 1021 2601 rectam
1045 2531 1220 2601 dioeceseos

82 2661 197 2707 curam
218 2641 397 2708 necessaria
414 2648 463 2708 est
485 2667 493 2708 ε
512 2641 565 2710 661
587 2641 703 2709 6611611
728 2639 923 2709 sufficienter
950 2662 1016 2707 non
1038 2638 1221 2707 consuleret

81 2746 263 2836 Episcopus
278 2746 490 2839 relinquendo
504 2747 645 2816 divisam
660 2748 744 2816 inter
759 2747 868 2838 plures
884 2746 1046 2836 delegatos
1059 2746 1219 2838 jurisdic-

83 2853 217 2920 tionem.
243 2852 309 2921 Nec
331 2853 451 2944 pariter
468 2853 628 2923 sufficeret
660 2854 842 2946 relinquere
869 2853 1053 2943 delegatum
1079 2853 1219 2922 66661-

81 2958 459 3029 66616166666666616
475 2961 706 3053 :quiaabisto
728 2961 859 3030 daretur
876 2959 1046 3052 appellatio
1065 2960 1105 3029 ad
1130 2959 1219 3028 dele-

80 3073 228 3152 gantem,
237 3067 294 3158 qui
309 3075 419 3159 utpote
434 3069 562 3154 absens,
576 3068 726 3159 nequiret
741 3089 795 3135 eas
808 3066 1037 3158 appellationes
1051 3065 1218 3158 expedire.

82 3170 179 3240 Unde
201 3179 289 3240 recta
316 3173 397 3242 ratio
424 3173 521 3242 dictat
544 3174 660 3244 debere
684 3195 812 3266 semper
840 3195 1006 3242 remanere
1033 3173 1068 3240 16
1090 3172 1222 3242 dioecesi

80 3279 295 3369 superiorem,
313 3283 370 3371 qui
381 3281 639 3372 jurisdictionem
655 3279 862 3350 ordinariam
877 3281 992 3350 babeat
1011 3309 1019 3349 :
1037 3280 1173 3374 proinde
1192 3281 1220 3349 si

80 3386 264 3477 Episcopus
278 3409 343 3456 non
358 3388 507 3475 resideat,
523 3411 589 3463 uon
605 3412 731 3459 merum
752 3389 947 3478 delegatum,
968 3389 1026 3458 sed
1048 3389 1219 3458 Vicarium

79 3491 279 3581 generalem,
299 3494 341 3562 ob
365 3495 488 3564 bonum
506 3496 663 3582 dioecesis,
687 3495 869 3588 relinquere
890 3502 1030 3565 tenetur.
1054 3499 1161 3587 Atque
1185 3495 1219 3562 in

79 3601 143 3668 hoc
160 3622 236 3668 casu
252 3601 352 3669 teneri
373 3602 569 3693 Episcopum
586 3602 628 3672 ad
648 3604 909 3673 constituendum
930 3603 1099 3674 Vicarium
1120 3626 1219 3693 gene-

79 3705 196 3792 ralem,
211 3728 286 3774 cum
301 3707 481 3796 Pignatello
495 3717 527 3777 et
542 3710 654 3778 multis
665 3710 749 3797 aliis,
766 3710 843 3778 satis
857 3711 1012 3802 supponit
1026 3709 1121 3795 Rota,
1137 3708 1217 3778 dum

78 3812 160 3881 dicit
174 3839 181 3878 :
201 3839 217 3878 6
231 3813 323 3882 Sicut
338 3814 393 3882 ubi
404 3812 535 3902 residet,
546 3837 613 3884 non
626 3825 768 3886 66616166
779 3817 885 3886 ullum
896 3817 1034 3885 retinere
1047 3815 1217 3886 Vicerium

82 3945 101 3984 6
123 3917 320 4008 generalem,
343 3919 400 3987 sed
420 3928 524 4011 potest
539 3943 597 4012 per
622 3945 656 3990 66
677 3923 783 3991 solnm
806 3945 919 3992 causas
938 3945 1143 4012 cognoscere,
1173 3922 1219 3989 ita

82 4052 100 4090 6
123 4025 221 4094 etiam
233 4024 349 4094 absens
359 4048 463 4094 unum
479 4025 649 4097 dumtaxat
657 4029 826 4100 Vicarium
838 4029 1023 4119 generalem
1035 4029 1219 4121 relinquere

82 4159 100 4198 6
123 4131 221 4218 66161,
238 4133 296 4223 661
312 4133 398 4201 vices
418 4133 566 4224 suppleat
580 4136 632 4204 sui
646 4136 790 4228 ipsius.»
812 4137 921 4232 (Apud
939 4136 1121 4223 Monacelli,
1148 4135 1218 4206 loco

79 4239 188 4329 citato,
205 4237 366 4312 decisione
382 4242 415 4329 l,
431 4261 464 4308 n.
482 4243 514 4334 2)
