3030 4980
542 494 616 543 ntus
640 495 785 544 SECUNDA·
1172 479 1233 542 449

88 617 124 684 in
149 617 232 686 alios
257 616 404 686 subditos
428 617 623 710 Episcopum
649 617 921 702 animadvertere,
948 617 1082 686 omnino
1111 627 1235 686 certum

87 731 148 792 est.
170 749 188 788 u
203 725 244 792 Et
258 724 292 790 in
304 725 365 793 hoc
378 746 454 793 casu
472 725 527 814 (ait
540 725 734 810 LeureniuS,
752 725 792 793 de
811 723 946 792 Vicurc'is
959 723 1085 816 Episc„
1104 747 1137 815 q.
1156 723 1238 816 300),

92 857 110 894 a
133 853 210 899 eum
231 831 350 922 punire
372 831 485 924 nequit
504 832 785 923 Metropolitanus,
813 832 875 899 nisi
899 831 981 900 forte
1003 830 1044 898 ad
1065 831 1158 899 illum
1175 854 1237 923 ap-

92 962 110 1003 c
134 937 289 1029 pullatum
305 939 359 1006 sit.
383 965 399 1004 n
421 938 517 1006 Unde
537 938 625 1030 quod
643 938 758 1007 delicta
778 937 908 1029 privata
922 937 1050 1007 Vicarii
1074 937 1236 1027 generalis

88 1045 215 1136 possint
229 1046 270 1113 ab
289 1045 394 1136 ipsius
413 1045 571 1137 Episcopo
591 1045 714 1136 puniri,
735 1067 801 1112 non
822 1067 900 1112 vero
922 1044 963 1112 ab
985 1045 1237 1136 Archiepiscopo

88 1159 147 1218 aut
168 1151 239 1243 ejus
258 1149 400 1219 Olficiali
425 1153 529 1244 (extra
549 1173 659 1220 casum
678 1150 934 1244 appellationis),
959 1151 1093 1219 omnino
1113 1159 1236 1218 certum

88 1266 150 1345 est,
180 1264 211 1325 et
238 1259 437 1328 unanimiter
465 1257 644 1326 admissum
651 1284 661 1344 ;
675 1266 706 1326 et
730 1258 802 1326 ideo
828 1257 1041 1349 quaestiouem
1066 1259 1236 1326 dumtaxat

87 1364 260 1454 posuimus
286 1364 326 1433 de
352 1363 477 1432 delictis
501 1387 521 1432 a
545 1363 679 1433 Vicario
705 1362 847 1454 generali
873 1364 907 1430 in
932 1362 1040 1432 officio
1066 1385 1125 1432 suo
1147 1386 1237 1432 com-

88 1470 209 1538 missis.

136 1581 170 1642 2ο
191 1577 314 1646 Delicta
334 1576 458 1646 Vicarii
482 1577 517 1644 in
540 1575 758 1668 spectantibus
775 1575 816 1644 ad
840 1575 987 1646 officium
1010 1598 1121 1664 suurn,
1144 1599 1238 1668 posse

88 1684 202 1774 puniri
220 1683 260 1752 ab
283 1683 548 1775 Archiepiscopo,
573 1682 748 1751 admiserat
769 1682 874 1772 glossa
895 1685 930 1750 in
947 1706 1019 1774 cap.
1040 1688 1071 1770 t,
1090 1683 1128 1752 de
1154 1686 1237 1775 Offi-

87 1791 140 1858 cio
163 1791 295 1874 Vicuric',
311 1791 345 1859 in
362 1795 394 1878 6,
410 1790 510 1860 verbo
523 1789 736 1858 Rationabili.
753 1788 930 1880 Loquendo
945 1791 1032 1857 enim
1048 1790 1088 1858 de
1102 1790 1237 1859 Officia-

87 1897 177 1966 libus
191 1897 355 1990 Episcopi,
365 1899 423 1990 qui
430 1909 568 1988 peccant
578 1898 614 1966 iu
625 1896 676 1963 tis
685 1917 759 1986 quae
770 1908 848 1964 secut
853 1896 1105 1987 jurisdictionis,
1123 1899 1239 1967 sicha·

86 2004 144 2071 bet
162 2031 169 2070 ι
190 2006 276 2072 Tunc
293 2003 532 2096 Archiepiscopc'
544 2025 596 2071 eos
606 2002 688 2070 sicut
704 2002 860 2094 Episcopi
871 2002 993 2094 punire
1008 2017 1157 2092 possunt.

134 2111 292 2180 Nonnulli
310 2120 433 2181 veteres
446 2111 622 2182 canonista
636 2108 790 2179 videntur
811 2111 945 2202 insuper
965 2109 1147 2198 admisisse,
1170 2135 1237 2182 non

86 2219 230 2308 possein
245 2219 306 2288 hoc
321 2240 398 2287 casu
412 2217 581 2287 Vicarium
596 2217 780 2306 generalem
797 2217 907 2308 puniri
926 2216 968 2284 ab
984 2217 1144 2310 Episcopo
1158 2243 1217 2289 suo
1225 2247 1234 2308 3

86 2335 187 2416 prout
207 2325 283 2393 satis
305 2323 450 2394 indicant
472 2325 541 2392 haec
561 2322 688 2391 Shrozii
713 2322 812 2391 verba
840 2321 891 2414 (de
920 2323 1047 2391 Vicamo
1066 2325 1233 2418 Episcopi,

85 2432 148 2501 lib.
172 2436 203 2520 3,
224 2457 257 2524 q.
284 2437 337 2519 57,
361 2455 395 2499 n.
421 2431 452 2522 3)
481 2458 489 2498 z
516 2456 534 2496 u
557 2429 623 2499 Sed
649 2429 758 2497 verius
777 2439 836 2516 est,
858 2429 947 2520 quod
971 2430 1151 2522 Episcopus
1170 2455 1237 2501 non

90 2564 110 2604 a
133 2540 234 2629 possit
248 2539 319 2630 ejus
333 2539 507 2608 Vicarium
521 2538 655 2628 punire.
674 2537 715 2603 Et
739 2535 823 2603 ratio
843 2543 902 2621 est,
919 2538 997 2626 quia
1010 2537 1067 2603 nbi
1084 2537 1236 2607 Vicarius

91 2669 110 2709 a
132 2653 242 2734 peccat
262 2647 298 2713 in
317 2645 357 2713 iis
378 2667 452 2736 quae
469 2652 545 2712 sunt
559 2642 808 2734 jurisdictionis,
824 2641 877 2710 vel
895 2642 980 2710 circa
997 2642 1155 2731 officium,
1172 2668 1237 2736 pu-

91 2753 222 2821 «nitur
246 2753 287 2820 ab
311 2751 578 2842 Archiepiscopo,
606 2749 786 2818 secundum
811 2748 950 2839 glossam
974 2749 1018 2839 (in
1039 2773 1110 2842 cap.
1140 2757 1170 2840 1,
1197 2753 1236 2821 de

90 2887 109 2926 c
136 2861 251 2950 Officio
272 2858 402 2940 Vicam‘i,
416 2859 449 2926 in
463 2861 495 2944 6,
507 2857 608 2926 verbo
621 2855 850 2946 Rationabili),
866 2857 1104 2946 Innocentium,
1122 2868 1153 2926 et
1168 2861 1235 2928 Ar-

89 2993 107 3032 «
130 2966 358 3035 chidiaconum
373 2967 417 3055 (in
438 2987 509 3056 cap.
526 2967 690 3045 nomana,
705 2962 840 3053 §finali
866 2961 905 3030 de
925 2965 1009 3030 Foro
1023 2967 1230 3055 competenti,

89 3099 108 3138 «
131 3073 216 3142 libro
238 3073 283 3162 6).
301 3073 341 3140 Et
361 3071 468 3164 quoad
480 3070 755 3162 jurisdictionem,
773 3078 804 3137 et
819 3092 894 3161 qum
909 3071 1033 3138 ratione
1053 3071 1152 3140 officii
1170 3096 1233 3164 po-

88 3207 106 3246 «
130 3190 192 3249 test
211 3201 373 3266 exercere,
398 3201 464 3247 non
487 3178 607 3246 dicitnr
630 3177 779 3245 subditus
799 3175 974 3267 Episcopo,
997 3199 1103 3269 neque
1126 3179 1233 3249 minor

88 3315 106 3354 a
131 3289 187 3358 illo
201 3287 307 3379 (Bero,
323 3285 458 3355 consilio
474 3289 529 3372 22,
546 3308 580 3351 n.
600 3288 654 3370 13,
669 3283 837 3352 volumine
854 3283 899 3372 t).
914 3283 1016 3351 Prout
1030 3285 1139 3372 etiam,
1156 3288 1233 3378 quia

88 3423 104 3458 α
128 3395 304 3486 Episcopus
330 3414 397 3462 non
409 3399 512 3482 potest
528 3412 596 3458 esse
607 3389 710 3480 judex
730 3389 763 3456 in
780 3409 876 3455 causa
892 3389 943 3456 sui
958 3389 1082 3459 Vicarii
1102 3393 1149 3481 (ut
1161 3392 1231 3461 dixi

87 3528 106 3567 «
130 3523 229 3593 supra
248 3501 313 3590 ...);
334 3521 412 3589 ergo
428 3518 487 3565 nec
502 3497 596 3564 illum
611 3495 729 3586 punire
745 3504 861 3586 potest,
879 3515 921 3561 ex
936 3493 1062 3563 defectu
1074 3497 1231 3586 jurisdic-

86 3637 106 3677 α
130 3611 227 3678 tionis
235 3636 244 3697 ;
267 3631 308 3677 ne
337 3607 417 3675 alias
446 3606 574 3672 dicatur
598 3603 744 3694 judicare
775 3602 810 3668 in
839 3603 972 3693 propria
1000 3624 1107 3670 causa.
1138 3603 1230 3673 Sicut

85 3745 105 3782 u
129 3718 239 3803 etiam,
259 3715 335 3808 quia
353 3714 531 3805 Episcopus
551 3717 678 3778 tenetur
698 3707 738 3776 de
757 3708 872 3777 delicto
889 3709 940 3776 sui
961 3708 1083 3778 Vicarii
1104 3710 1156 3778 vel
1172 3711 1231 3779 ut-

84 3852 105 3890 «
130 3825 244 3892 ficialis
259 3821 477 3914 delinquentis
501 3819 537 3884 in
559 3817 669 3885 olficio
693 3817 801 3906 (Rota,
826 3815 987 3884 decisione
1008 3818 1039 3901 6,
1057 3816 1136 3884 alias
1150 3821 1227 3907 278,

85 3959 104 3998 c
128 3931 163 3998 in
182 3929 433 4018 novissimis...).
453 3927 518 3995 Nec
544 3947 610 3992 non
631 3923 728 3990 etiam
753 3930 784 3991 et
805 3923 882 4015 quia
902 3921 1080 4012 Episcopus
1103 3931 1232 3993 tenetur

85 4066 105 4106 «
129 4039 285 4106 exhibere
308 4036 477 4106 Vicarium
503 4031 555 4100 vel
575 4029 758 4098 Officialem
785 4029 1027 4120 delinquentem
1057 4055 1113 4118 ...;
1142 4033 1229 4102 unde

86 4173 104 4213 u
129 4169 204 4215 cum
226 4167 292 4212 non
316 4141 486 4212 conveniat
507 4138 569 4205 sibi
590 4137 654 4228 ipsi
675 4136 748 4204 illos
766 4136 932 4223 exhibere,
956 4156 997 4204 ue
1017 4135 1058 4202 sit
1073 4135 1175 4227 judex
1196 4149 1228 4208 et

87 4284 105 4323 a
129 4277 217 4347 pars,
234 4252 349 4320 merito
363 4249 455 4318 illum
469 4247 586 4339 punire
600 4267 666 4314 nou
678 4244 806 4336 poterit.
825 4269 842 4312 n

245 4377 266 4426 1.
1031 4355 1069 4418 29
