3032 4976
278 445 339 510 332
649 469 825 516 anscarius
847 470 886 516 aa
908 469 1040 516 sucinis.

275 586 316 655 ab
331 586 430 656 altera
445 595 536 679 parte
548 589 693 658 recusari
708 597 823 682 potest.
837 589 922 660 vide
936 589 1016 659 alias
1028 589 1203 660 nonnullas
1212 591 1421 684 exceptiones

275 692 362 785 apud
376 692 667 786 Schmalzgrucber
681 695 728 787 (in
743 695 792 764 tit.
810 699 864 784 23,
877 697 901 765 l.
921 698 1097 785 anactea,
1114 720 1148 766 n.
1168 699 1234 788 36).

319 811 447 880 finon
471 813 518 880 7⁸.
545 849 589 864 -
611 813 668 881 Ec
684 813 998 906 praesumptionibau
1019 813 1103 882 irater
1124 836 1159 883 se
1173 813 1417 907 pugnantibus,

276 915 483 989 debilioribus
499 919 651 1010 fortiores
662 920 860 1012 prevalent.
877 959 921 974 -
936 921 1030 1006 Quod
1048 921 1121 993 vide
1143 923 1310 994 evolutum
1328 921 1421 1015 apud

275 1023 407 1094 citatum
422 1025 725 1118 Schmalzgruebcr.

739 1395 883 1465 CAPUT
911 1396 953 1465 V.

679 1616 724 1661 DE
745 1615 1014 1663 JUBEJUMNDO.

323 1859 418 1952 Saepe
434 1861 591 1954 contingit
613 1869 649 1931 ut
668 1861 799 1953 litigans
821 1861 1021 1933 sufficienter
1042 1862 1202 1932 intentum
1223 1883 1320 1930 suum
1341 1883 1426 1952 pro-

279 1967 356 2038 bare
378 1977 516 2061 nequem
532 1998 539 2038 :
556 1993 669 2064 quare,
686 1993 727 2040 nc
747 1993 789 2040 ex
809 1971 1038 2064 probationum
1057 1970 1195 2057 delectu,
1213 1968 1300 2062 qarod
1321 1991 1426 2038 suum
1504 2007 1505 2038 i

279 2083 326 2144 est
341 2076 468 2168 assequi
482 2076 603 2170 aliquis
616 2077 838 2170 prohibeatur,
856 2078 1028 2148 salubriter
1043 2077 1226 2146 institutum
1239 2084 1299 2163 est,
1317 2085 1355 2144 ut
1366 2075 1426 2167 ju-

280 2193 475 2264 ramentum,
499 2185 551 2254 vel
564 2207 583 2253 a
598 2194 701 2280 parte,
727 2185 778 2256 vel
798 2209 818 2254 a
834 2184 944 2279 judice
966 2185 1131 2254 deleratur
1150 2183 1244 2252 alteri
1262 2183 1423 2274 litiganti,

280 2289 389 2382 sicque
402 2289 570 2361 decidatur
588 2293 630 2362 lis
644 2317 719 2386 quaa
735 2293 828 2363 aliter
843 2293 947 2362 decidi
965 2294 1087 2386 nequit.
1109 2292 1221 2363 Omnis
1233 2301 1427 2360 controver-
1505 2359 1506 2377 p

280 2398 335 2468 siae
343 2400 422 2492 finis
436 2401 491 2492 (ait
502 2410 630 2471 sauctus
641 2402 776 2488 Paulus,
788 2403 829 2470 ad
842 2401 958 2486 Heba,
972 2405 1004 2488 6,
1021 2400 1074 2492 16)
1083 2399 1130 2469 od
1138 2401 1426 2492 confirmationem
1505 2393 1506 2400 '

281 2519 327 2576 est
335 2508 585 2598 juramentum.
602 2510 643 2578 Et
658 2509 756 2579 Caius
767 2508 1021 2602 jurisconsultus
1037 2509 1118 2600 (lege
1133 2507 1319 2578 Maximum
1339 2511 1369 2594 t,
1385 2508 1423 2576 ff.

282 2612 321 2683 dc
344 2615 467 2707 Jurej.)
498 2641 506 2684 ε
533 2616 721 2686 Maximum
743 2614 925 2685 remedium
951 2614 1225 2708 expediendorum
1251 2615 1366 2684 litium
1388 2615 1428 2684 in

283 2743 380 2788 auum
391 2722 477 2790 ocni!
483 2721 717 2814 jurisjurandi
727 2722 852 2815 religio.
867 2721 951 2791 Hinc
963 2744 1003 2791 ne
1017 2733 1130 2792 trunca
1141 2728 1307 2790 remaneat
1316 2721 1359 2790 de
1368 2723 1428 2814 ju-

280 2826 374 2896 diciis
387 2828 606 2898 ecclesiasticis
619 2830 780 2916 tractatio,
797 2828 1027 2922 exponendum
1042 2827 1139 2898 etism
1154 2837 1202 2897 est
1216 2828 1367 2920 quisnam
1384 2829 1428 2898 sit

281 2942 313 3004 et
328 2936 491 3028 qitomodo
507 2938 674 3030 regulatur
685 2936 902 3030 jurisjurandi
915 2938 949 3005 in
964 2959 999 3006 re
1010 2935 1182 3030 judiciaria
1196 2959 1286 3005 usus.

325 3051 467 3136 Qunam
483 3057 526 3124 1⁸.
540 3093 585 3108 -
601 3052 693 3140 Quid
703 3066 734 3122 et
746 3055 927 3147 quotuplex
942 3053 984 3122 ait
989 3055 1226 3147 juramentum
1235 3058 1250 3121 ?
1259 3091 1305 3106 -
1320 3053 1349 3122 1.
1362 3054 1428 3122 De·

283 3160 373 3229 liniri
389 3169 503 3254 potest,
525 3161 687 3231 invocatio
708 3160 769 3231 Dei
789 3162 824 3230 in
846 3161 1070 3232 testimonium
1090 3160 1429 3253 caecitatemque

283 3269 451 3338 asseritur.
476 3269 517 3338 Et
539 3269 583 3338 ita
603 3269 710 3362 quoad
733 3291 864 3337 sensum
885 3267 1027 3359 theologi
1050 3277 1082 3337 et
1097 3267 1322 3361 jurisconsulti
1336 3289 1429 3338 com-

285 3375 437 3462 muniter.
461 3376 575 3446 Differt
593 3401 612 3445 a
632 3385 720 3463 voto,
746 3399 811 3468 quo
833 3398 899 3446 non
920 3375 1090 3444 invocatur
1113 3375 1200 3444 Deus
1223 3375 1257 3444 in
1280 3377 1429 3445 testimo·

284 3484 390 3572 nium,
407 3484 463 3554 sed
486 3484 554 3554 Deo
576 3483 699 3578 aliquid
720 3482 933 3575 promittitur.
954 3481 1109 3551 Illicitum
1123 3491 1155 3550 et
1173 3505 1313 3576 pravum
1330 3505 1372 3552 ex
1394 3505 1430 3551 sc

283 3614 352 3661 esse
364 3591 587 3684 jurameutum
603 3589 827 3660 sustinuerunt
843 3589 992 3658 nonnulli
1014 3588 1159 3658 haeretici
1168 3615 1178 3677 ;
1194 3587 1248 3657 sed
1267 3589 1430 3658 atheolo-

283 3699 333 3789 gis
348 3698 531 3769 istiusmodi
547 3719 638 3766 error
653 3697 783 3765 invictis
798 3696 1000 3787 argumentis
1011 3694 1214 3789 exploditur;
1229 3704 1260 3764 et
1274 3693 1430 3765 demons-

284 3816 389 3876 tratur
408 3805 586 3900 juramenti
610 3804 773 3892 honestas,
797 3802 894 3872 modo
918 3826 1033 3873 verum
1056 3803 1097 3872 sit
1118 3802 1206 3896 quod
1228 3803 1383 3895 juratur;
1397 3813 1432 3873 et

235 3936 237 3948 ¹
283 3915 412 4005 juratur
432 3937 474 3983 ex
498 3911 683 3982 necessitate
706 3909 758 3979 vel
779 3933 853 3981 cum
876 3909 1028 3998 utilitate,
1053 3931 1119 3979 non
1141 3909 1300 3980 inutiliter
1307 3937 1317 3997 ;
1333 3920 1379 3999 et,
1401 3911 1432 3979 si

280 4019 502 4111 juramentum
528 4016 570 4085 sit
589 4015 851 4108 promissorium,
875 4016 1084 4111 promittatur
1106 4037 1157 4085 res
1177 4014 1365 4086 honestaret
1386 4015 1431 4084 li·

283 4127 357 4195 cita.

329 4244 370 4313 ll.
388 4241 553 4334 Distingui
570 4242 650 4313 solet
664 4241 887 4335 juranreutum
911 4241 944 4311 in
967 4240 1074 4314 varias
1087 4239 1208 4336 species
1223 4239 1285 4311 hoe
1301 4239 1400 4310 inodo
1420 4267 1428 4308 ι
