3046 4962
570 475 644 522 rues
668 474 773 520 reiut.
1225 455 1242 516 o

104 591 257 676 timore,
286 595 386 686 officii
408 595 461 663 sui
489 593 634 664 deditum
659 607 850 688 exequatur.
881 595 1003 686 (Capite
1034 595 1184 678 Qualiter
1212 607 1243 662 et

105 700 231 790 qumodo
250 705 307 789 tt,
326 701 366 770 de
382 704 507 784 ioue„
528 703 613 772 libro
633 707 650 770 t
671 703 912 792 Decretelium.)
933 701 1149 771 Goneedimus
1164 723 1243 792 ergo

103 808 138 874 in
150 807 293 899 pretatis
308 809 437 878 ossibus
451 831 517 876 non
532 809 654 901 requiri
669 817 705 880 ut
717 810 792 903 quis
805 809 946 902 judicem
961 807 1054 878 edeet
1066 818 1098 877 et
1113 831 1243 900 poenem

103 913 137 982 in
159 914 402 1008 delinquentem
428 915 559 984 deeerni
577 937 728 1008 expresse
754 917 912 1007 postulet;
936 937 994 985 neo
1013 915 1138 984 inficias
1157 915 1244 986 imus

104 1043 176 1090 vere
192 1043 264 1090 esse
277 1021 400 1114 judicie
414 1045 489 1116 ques
506 1023 566 1092 hoo
582 1022 679 1092 modo
693 1021 925 1115 expediuntur.

145 1131 187 1198 At
213 1151 292 1198 vero
316 1137 396 1198 tune
417 1129 631 1200 nihilominus
654 1152 719 1198 non
742 1129 859 1199 desunt
882 1131 940 1222 qui
963 1129 1242 1222 eetoresspecieli

102 1237 195 1306 modo
218 1245 335 1328 agunt,
362 1247 394 1306 et
418 1238 547 1306 sceleris
572 1237 748 1308 vindictam
773 1238 928 1330 implicite
953 1247 983 1307 et
1010 1239 1242 1332 equivalenter

101 1344 280 1435 postulont;
295 1345 319 1412 ii
332 1367 448 1436 nempe
460 1345 518 1436 qui
532 1345 572 1414 de
581 1354 706 1436 patrato
719 1346 856 1414 erimine
869 1345 1052 1438 loquuntur
1063 1355 1095 1413 et
1106 1367 1147 1413 ex
1156 1366 1242 1436 quo-

101 1474 172 1521 rnm
191 1451 519 1522 sermocinationibus
534 1453 667 1542 exurgit
683 1452 769 1520 ieme
784 1452 925 1544 publice.
943 1452 1028 1521 Gom
1043 1453 1130 1520 enim
1141 1450 1242 1543 judex
1292 1473 1295 1480 ’

101 1561 199 1651 pomit
209 1583 252 1628 ex
264 1559 370 1630 offitio
381 1560 417 1628 in
430 1581 486 1628 eos
499 1559 677 1652 inquirere,
692 1581 774 1652 quos
786 1560 873 1629 ieme
886 1559 984 1629 refert
995 1559 1141 1629 oriminis
1156 1581 1240 1646 reos,

99 1665 379 1756 quirumoremde
388 1666 525 1735 erimine
536 1675 695 1758 spargunt
703 1675 735 1736 et
746 1667 867 1735 tamem
876 1666 1089 1752 constituunt,
1099 1667 1161 1735 hoo
1172 1667 1242 1758 ipso
1321 1707 1323 1711 ·

101 1774 356 1862 quari-ueterem
380 1773 596 1861 oonstituunt,
623 1795 699 1842 eum
721 1773 808 1842 ieme
826 1773 1016 1866 hujusmodi
1037 1774 1105 1842 vim
1125 1773 1242 1842 sotoris

99 1877 232 1964 hubeet3
251 1879 339 1948 uude
353 1901 468 1950 verum
484 1889 628 1950 remanet
642 1881 677 1948 io
692 1883 782 1950 omni
798 1880 928 1973 proprie
944 1879 1029 1949 dioto
1046 1880 1171 1971 judicio
1186 1879 1241 1947 in-

101 1987 262 2055 tervenire
274 1995 417 2056 actorem
431 1987 635 2079 aliquetenus
649 2011 668 2056 a
680 1987 790 2080 judiee
803 1987 1003 2058 distinctum.
1022 1988 1153 2058 Veleret
1164 1987 1241 2079 qui·

100 2091 172 2160 dem
189 2115 291 2184 supro
305 2091 464 2185 descripte
477 2094 626 2186 objectio,
644 2095 671 2163 si
682 2095 785 2186 judex
802 2094 974 2185 procedere
992 2104 1099 2186 posset
1113 2117 1155 2162 ex
1174 2093 1243 2164 solo

100 2199 158 2268 sibi
181 2200 315 2292 proprie
338 2201 484 2270 criminis
509 2201 644 2290 notitia,
672 2202 752 2293 quin
775 2201 926 2272 deiiceret
952 2203 1090 2272 essentie
1112 2201 1241 2293 proprie
1356 2201 1359 2216 '

99 2305 176 2375 dieti
192 2306 328 2400 judicii:
349 2315 383 2378 et
400 2316 540 2399 negetur
551 2306 713 2399 judicium
726 2310 837 2379 voeeri
852 2330 946 2401 posse
960 2309 1049 2401 quod
1062 2309 1164 2402 judex
1181 2308 1242 2376 hoe

101 2414 196 2483 modo
215 2421 338 2504 egeret.
360 2415 601 2508 supponemus,
622 2417 714 2485 verbi
730 2417 846 2506 gretie,
860 2417 1040 2509 prinoipem
1052 2418 1103 2486 vel
1121 2419 1243 2506 magis-

99 2529 221 2590 tratum
232 2543 252 2589 a
263 2523 409 2614 principe
422 2545 497 2592 oum
514 2521 690 2592 sufficienti
703 2531 857 2613 potestate
871 2525 1095 2610 constitutum,
1108 2524 1242 2593 suismet

10 2651 12 2692 t
98 2627 201 2696 oeulis
225 2627 345 2696 vidisse
368 2628 582 2720 patrationem
602 2629 731 2697 sceleris
753 2631 896 2721 :poterit
916 2628 1049 2722 quidem
1072 2630 1180 2700 stetim
1207 2631 1241 2698 in

97 2755 191 2802 reum
207 2733 479 2822 animadvertere,
497 2757 627 2828 ponem
642 2733 704 2828 ipsi
719 2758 761 2804 ex
773 2735 846 2826 jure
862 2735 1004 2806 debitam
1024 2735 1238 2829 imponendo;

97 2841 150 2910 iile
173 2863 251 2910 vero
273 2849 364 2910 ectus
384 2840 511 2912 forense
527 2841 688 2934 judicium
715 2844 851 2912 minime
874 2845 1056 2913 constituet.
1078 2845 1114 2914 Si
1133 2853 1242 2914 eutem

10 2949 11 2956 ’
98 2949 308 3038 magistratus
330 2949 525 3018 constitutus
542 2958 668 3020 tentum
696 2952 795 3020 fuerit
812 2973 888 3020 oum
911 2960 1066 3042 potestate
1081 2951 1240 3043 justitiam

98 3054 203 3123 forme
225 3055 373 3146 judieieli
397 3057 581 3145 exercendi,
607 3077 712 3150 neque
736 3060 854 3149 poterit
877 3059 1069 3128 sententiam
1097 3059 1184 3128 terre
1205 3060 1239 3128 in

97 3183 191 3230 reum
206 3183 249 3232 ex
264 3163 332 3231 sole
346 3163 460 3232 notitia
478 3163 606 3232 sceleris
621 3187 721 3255 quem
739 3164 808 3256 ipse
823 3173 976 3258 tanquam
994 3166 1082 3234 testis
1096 3167 1242 3236 oouietus

97 3268 290 3360 requisivit;
317 3269 373 3338 sed
391 3269 508 3360 poterit
526 3279 650 3339 tentum
670 3281 783 3340 eontra
804 3294 908 3359 reum,
932 3273 973 3342 ed
989 3273 1078 3342 eliud
1100 3275 1241 3344 tribunal

96 3375 244 3462 citatum,
271 3377 493 3447 testimonium
511 3377 668 3468 proferre.
694 3377 789 3448 Unde
814 3379 944 3448 tandem
970 3381 1240 3470 concludendum,

10 3549 12 3560 s
100 3482 150 3550 vel
163 3505 229 3550 non
242 3490 354 3552 extero
367 3483 498 3575 proprie
511 3484 634 3553 dietum
645 3483 818 3576 judicium,
836 3485 889 3555 vel
902 3487 938 3553 in
950 3509 991 3556 eo
999 3487 1141 3580 aliquem
1155 3495 1240 3558 ento·

99 3611 168 3658 rem
182 3598 238 3658 ent
254 3591 509 3681 qumi-aetorem
523 3613 543 3659 e
554 3591 664 3683 judice
679 3590 870 3662 distinctum
884 3592 1093 3664 intervenire.

141 3695 248 3776 Quem
270 3695 484 3788 questionem
510 3696 802 3789 Sohmelzgrueher
828 3701 983 3792 expendit
1007 3711 1039 3771 et
1065 3702 1160 3774 solvit
1181 3703 1242 3773 hoc

100 3801 195 3872 modo
216 3830 224 3869 :
250 3806 336 3872 «An
353 3802 493 3872 inomni
512 3803 638 3896 judicio
652 3827 780 3875 neeesse
805 3807 847 3875 sit
866 3808 1065 3878 intervenire
1082 3809 1238 3902 judicem,

105 3933 120 3970 e
139 3919 282 3978 autorem
294 3917 327 3977 et
343 3913 456 3978 reum?
473 3910 614 3981 Videtur
627 3913 890 4004 respondendum
905 3915 1066 4006 negative,
1078 3918 1119 3984 oh
1132 3913 1241 4009 dupli-

104 4039 119 4074 «
140 4037 211 4083 oem
232 4016 403 4085 rationem.
426 4017 469 4085 Et
480 4018 594 4110 primo
613 4019 761 4111 quidem,
779 4021 856 4112 quia
873 4022 1050 4114 injudicio
1067 4019 1242 4112 orimina'li,

105 4146 121 4182 ι
141 4121 273 4213 quondo
290 4125 401 4213 egitur
415 4123 456 4192 de
472 4126 608 4195 erimine
626 4127 767 4213 notorio,
787 4137 819 4196 et
836 4151 894 4220 per
916 4129 1003 4196 viam
1025 4129 1244 4223 inquisitionis

106 4253 121 4290 α
141 4227 288 4320 specialis
299 4252 341 4299 ex
353 4229 459 4302 officio
472 4231 670 4326 proceditur,
685 4233 795 4304 nullus
808 4243 855 4304 est
867 4242 967 4306 ector.
986 4237 1150 4328 Secundo,
1167 4239 1243 4330 quis
