<?xml version="1.0" encoding="UTF-8"?>
<!DOCTYPE html PUBLIC "-//W3C//DTD XHTML 1.0 Transitional//EN"
    "http://www.w3.org/TR/xhtml1/DTD/xhtml1-transitional.dtd">
<html xmlns="http://www.w3.org/1999/xhtml" xml:lang="en" lang="en">
 <head>
  <title>
</title>
<meta http-equiv="Content-Type" content="text/html;charset=utf-8" />
  <meta name='ocr-system' content='tesseract 3.04.00' />
  <meta name='ocr-capabilities' content='ocr_page ocr_carea ocr_par ocr_line ocrx_word'/>
</head>
<body>
  <div class='ocr_page' id='page_1' title='image "./tractatusdejudi01goog_0405.png"; bbox 0 0 3030 4980; ppageno 0'>
   <div class='ocr_carea' id='block_1_1' title="bbox 287 449 1052 520">
    <p class='ocr_par' dir='ltr' id='par_1_1' title="bbox 287 449 1052 520">
     <span class='ocr_line' id='line_1_1' title="bbox 287 449 1052 520; baseline 0.001 -4"><span class='ocrx_word' id='word_1_1' title='bbox 287 449 351 518; x_wconf 77' lang='lat' dir='ltr'>eet</span> <span class='ocrx_word' id='word_1_2' title='bbox 660 471 835 520; x_wconf 74' lang='lat' dir='ltr'>reserares</span> <span class='ocrx_word' id='word_1_3' title='bbox 857 471 896 520; x_wconf 83' lang='lat' dir='ltr'>aa</span> <span class='ocrx_word' id='word_1_4' title='bbox 917 471 1052 520; x_wconf 75' lang='lat' dir='ltr'>runicis.</span> 
     </span>
    </p>
   </div>
   <div class='ocr_carea' id='block_1_2' title="bbox 250 591 1503 4338">
    <p class='ocr_par' dir='ltr' id='par_1_2' title="bbox 281 591 1502 1218">
     <span class='ocr_line' id='line_1_2' title="bbox 284 591 1414 685; baseline 0.002 -27"><span class='ocrx_word' id='word_1_5' title='bbox 284 613 378 682; x_wconf 91' lang='lat' dir='ltr'>posse</span> <span class='ocrx_word' id='word_1_6' title='bbox 399 591 649 660; x_wconf 74' lang='lat' dir='ltr'>circumstantie</span> <span class='ocrx_word' id='word_1_7' title='bbox 672 591 736 661; x_wconf 78' lang='lat' dir='ltr'>illae</span> <span class='ocrx_word' id='word_1_8' title='bbox 758 593 978 685; x_wconf 74' lang='lat' dir='ltr'><strong>particulares,</strong></span> <span class='ocrx_word' id='word_1_9' title='bbox 1003 591 1177 685; x_wconf 87' lang='lat' dir='ltr'>inquibus</span> <span class='ocrx_word' id='word_1_10' title='bbox 1199 591 1350 684; x_wconf 80' lang='lat' dir='ltr'>expediat</span> <span class='ocrx_word' id='word_1_11' title='bbox 1363 615 1414 661; x_wconf 88' lang='lat' dir='ltr'>as-</span> 
     </span>
     <span class='ocr_line' id='line_1_3' title="bbox 283 698 1502 793; baseline 0.002 -27"><span class='ocrx_word' id='word_1_12' title='bbox 283 698 369 768; x_wconf 85' lang='lat' dir='ltr'>sumi</span> <span class='ocrx_word' id='word_1_13' title='bbox 383 698 532 770; x_wconf 85' lang='lat' dir='ltr'>Vicarios</span> <span class='ocrx_word' id='word_1_14' title='bbox 546 699 712 789; x_wconf 77' lang='lat' dir='ltr'>generales</span> <span class='ocrx_word' id='word_1_15' title='bbox 724 723 766 770; x_wconf 81' lang='lat' dir='ltr'>ex</span> <span class='ocrx_word' id='word_1_16' title='bbox 779 701 939 791; x_wconf 79' lang='lat' dir='ltr'>religiosis</span> <span class='ocrx_word' id='word_1_17' title='bbox 949 701 1098 788; x_wconf 80' lang='lat' dir='ltr'>cratibus,</span> <span class='ocrx_word' id='word_1_18' title='bbox 1117 707 1225 791; x_wconf 89' lang='lat' dir='ltr'>utpote</span> <span class='ocrx_word' id='word_1_19' title='bbox 1238 700 1326 793; x_wconf 89' lang='lat' dir='ltr'>apud</span> <span class='ocrx_word' id='word_1_20' title='bbox 1340 723 1415 792; x_wconf 85' lang='lat' dir='ltr'>quos</span> <span class='ocrx_word' id='word_1_21' title='bbox 1501 755 1502 768; x_wconf 71' lang='grc'><strong>.</strong></span> 
     </span>
     <span class='ocr_line' id='line_1_4' title="bbox 282 805 1416 899; baseline 0.002 -27"><span class='ocrx_word' id='word_1_22' title='bbox 282 805 409 874; x_wconf 85' lang='lat' dir='ltr'>facilius</span> <span class='ocrx_word' id='word_1_23' title='bbox 430 806 595 876; x_wconf 74' lang='lat' dir='ltr'>multoties</span> <span class='ocrx_word' id='word_1_24' title='bbox 617 807 819 899; x_wconf 82' lang='lat' dir='ltr'>reperientur</span> <span class='ocrx_word' id='word_1_25' title='bbox 839 809 901 878; x_wconf 89' lang='lat' dir='ltr'>viri</span> <span class='ocrx_word' id='word_1_26' title='bbox 921 808 1070 878; x_wconf 89' lang='lat' dir='ltr'>doctrina</span> <span class='ocrx_word' id='word_1_27' title='bbox 1087 815 1119 876; x_wconf 91' lang='lat' dir='ltr'>et</span> <span class='ocrx_word' id='word_1_28' title='bbox 1139 829 1268 876; x_wconf 90' lang='lat' dir='ltr'>morum</span> <span class='ocrx_word' id='word_1_29' title='bbox 1285 807 1416 896; x_wconf 86' lang='lat' dir='ltr'>integri-</span> 
     </span>
     <span class='ocr_line' id='line_1_5' title="bbox 282 913 1417 1008; baseline 0.001 -27"><span class='ocrx_word' id='word_1_30' title='bbox 282 918 346 982; x_wconf 75' lang='lat' dir='ltr'>tate</span> <span class='ocrx_word' id='word_1_31' title='bbox 361 915 537 1004; x_wconf 78' lang='lat' dir='ltr'>conspicui.</span> <span class='ocrx_word' id='word_1_32' title='bbox 555 913 775 984; x_wconf 79' lang='lat' dir='ltr'>laudabiliter</span> <span class='ocrx_word' id='word_1_33' title='bbox 790 914 927 1008; x_wconf 88' lang='lat' dir='ltr'>proinde</span> <span class='ocrx_word' id='word_1_34' title='bbox 947 914 1065 986; x_wconf 87' lang='lat' dir='ltr'>dictem</span> <span class='ocrx_word' id='word_1_35' title='bbox 1081 915 1243 984; x_wconf 89' lang='lat' dir='ltr'>licentiam</span> <span class='ocrx_word' id='word_1_36' title='bbox 1258 913 1297 1004; x_wconf 91' lang='lat' dir='ltr'>(si</span> <span class='ocrx_word' id='word_1_37' title='bbox 1312 922 1417 982; x_wconf 90' lang='lat' dir='ltr'>tamen</span> 
     </span>
     <span class='ocr_line' id='line_1_6' title="bbox 284 1019 1416 1116; baseline 0.002 -29"><span class='ocrx_word' id='word_1_38' title='bbox 284 1020 461 1088; x_wconf 88' lang='lat' dir='ltr'>necessaria</span> <span class='ocrx_word' id='word_1_39' title='bbox 481 1019 617 1090; x_wconf 87' lang='lat' dir='ltr'>dicenda</span> <span class='ocrx_word' id='word_1_40' title='bbox 630 1020 682 1113; x_wconf 86' lang='lat' dir='ltr'>sit)</span> <span class='ocrx_word' id='word_1_41' title='bbox 700 1021 741 1090; x_wconf 90' lang='lat' dir='ltr'>ah</span> <span class='ocrx_word' id='word_1_42' title='bbox 756 1022 923 1115; x_wconf 88' lang='lat' dir='ltr'>Episcopis</span> <span class='ocrx_word' id='word_1_43' title='bbox 937 1023 1001 1116; x_wconf 90' lang='lat' dir='ltr'>peti</span> <span class='ocrx_word' id='word_1_44' title='bbox 1011 1045 1117 1115; x_wconf 88' lang='lat' dir='ltr'>posse,</span> <span class='ocrx_word' id='word_1_45' title='bbox 1134 1031 1166 1091; x_wconf 88' lang='lat' dir='ltr'>et</span> <span class='ocrx_word' id='word_1_46' title='bbox 1179 1043 1199 1092; x_wconf 91' lang='lat' dir='ltr'>a</span> <span class='ocrx_word' id='word_1_47' title='bbox 1212 1020 1321 1091; x_wconf 85' lang='lat' dir='ltr'>Sacris</span> <span class='ocrx_word' id='word_1_48' title='bbox 1333 1022 1416 1091; x_wconf 88' lang='lat' dir='ltr'>Con-</span> 
     </span>
     <span class='ocr_line' id='line_1_7' title="bbox 281 1128 682 1218; baseline 0.005 -22"><span class='ocrx_word' id='word_1_49' title='bbox 281 1128 525 1218; x_wconf 86' lang='lat' dir='ltr'>gregationibus</span> <span class='ocrx_word' id='word_1_50' title='bbox 539 1129 682 1199; x_wconf 89' lang='lat' dir='ltr'>concedi.</span> 
     </span>
    </p>

    <p class='ocr_par' dir='ltr' id='par_1_3' title="bbox 250 1238 1503 4338">
     <span class='ocr_line' id='line_1_8' title="bbox 328 1238 1503 1332; baseline 0.002 -26"><span class='ocrx_word' id='word_1_51' title='bbox 328 1238 473 1320; x_wconf 78' lang='lat' dir='ltr'>ansrro</span> <span class='ocrx_word' id='word_1_52' title='bbox 487 1242 533 1306; x_wconf 73' lang='lat'>6².</span> <span class='ocrx_word' id='word_1_53' title='bbox 549 1275 592 1290; x_wconf 89' lang='lat'><em>-</em></span> <span class='ocrx_word' id='word_1_54' title='bbox 608 1241 659 1308; x_wconf 79' lang='lat' dir='ltr'>Aa</span> <span class='ocrx_word' id='word_1_55' title='bbox 671 1239 836 1332; x_wconf 79' lang='lat' dir='ltr'>parochus</span> <span class='ocrx_word' id='word_1_56' title='bbox 847 1240 950 1332; x_wconf 84' lang='lat' dir='ltr'>possit</span> <span class='ocrx_word' id='word_1_57' title='bbox 970 1261 1034 1308; x_wconf 86' lang='lat' dir='ltr'>esse</span> <span class='ocrx_word' id='word_1_58' title='bbox 1047 1238 1149 1308; x_wconf 82' lang='lat' dir='ltr'>simul</span> <span class='ocrx_word' id='word_1_59' title='bbox 1167 1239 1312 1308; x_wconf 81' lang='lat' dir='ltr'>Viearius</span> <span class='ocrx_word' id='word_1_60' title='bbox 1324 1261 1417 1330; x_wconf 76' lang='lat' dir='ltr'>qene-</span> <span class='ocrx_word' id='word_1_61' title='bbox 1502 1327 1503 1332; x_wconf 5' lang='grc' dir='ltr'>ἵ</span> 
     </span>
     <span class='ocr_line' id='line_1_9' title="bbox 285 1333 1503 1438; baseline 0.003 -28"><span class='ocrx_word' id='word_1_62' title='bbox 285 1345 384 1414; x_wconf 82' lang='lat' dir='ltr'>ralis?</span> <span class='ocrx_word' id='word_1_63' title='bbox 396 1381 441 1396; x_wconf 91' lang='lat'><em>-</em></span> <span class='ocrx_word' id='word_1_64' title='bbox 457 1348 487 1412; x_wconf 73' lang='grc' dir='ltr'>1ο</span> <span class='ocrx_word' id='word_1_65' title='bbox 503 1345 538 1414; x_wconf 87' lang='lat' dir='ltr'>Si</span> <span class='ocrx_word' id='word_1_66' title='bbox 554 1354 670 1434; x_wconf 88' lang='lat' dir='ltr'>agatur</span> <span class='ocrx_word' id='word_1_67' title='bbox 685 1345 726 1416; x_wconf 91' lang='lat' dir='ltr'>de</span> <span class='ocrx_word' id='word_1_68' title='bbox 748 1347 888 1438; x_wconf 80' lang='lat' dir='ltr'>parocho</span> <span class='ocrx_word' id='word_1_69' title='bbox 908 1354 1001 1416; x_wconf 84' lang='lat' dir='ltr'>extra</span> <span class='ocrx_word' id='word_1_70' title='bbox 1015 1347 1178 1416; x_wconf 88' lang='lat' dir='ltr'>civitatem</span> <span class='ocrx_word' id='word_1_71' title='bbox 1194 1346 1416 1438; x_wconf 81' lang='lat' dir='ltr'>episcopalem,</span> <span class='ocrx_word' id='word_1_72' title='bbox 1502 1333 1503 1356; x_wconf 57' lang='lat'>¹</span> 
     </span>
     <span class='ocr_line' id='line_1_10' title="bbox 283 1452 1418 1546; baseline 0.001 -26"><span class='ocrx_word' id='word_1_73' title='bbox 283 1461 315 1520; x_wconf 81' lang='lat' dir='ltr'>ct</span> <span class='ocrx_word' id='word_1_74' title='bbox 335 1476 354 1520; x_wconf 94' lang='lat' dir='ltr'>a</span> <span class='ocrx_word' id='word_1_75' title='bbox 375 1452 502 1521; x_wconf 85' lang='lat' dir='ltr'>fortiori</span> <span class='ocrx_word' id='word_1_76' title='bbox 526 1461 618 1522; x_wconf 80' lang='lat' dir='ltr'>extra</span> <span class='ocrx_word' id='word_1_77' title='bbox 643 1453 820 1542; x_wconf 74' lang='lat' dir='ltr'>diaecesim,</span> <span class='ocrx_word' id='word_1_78' title='bbox 847 1455 1034 1546; x_wconf 77' lang='lat' dir='ltr'>parochiam</span> <span class='ocrx_word' id='word_1_79' title='bbox 1057 1454 1207 1539; x_wconf 83' lang='lat' dir='ltr'>habenta,</span> <span class='ocrx_word' id='word_1_80' title='bbox 1228 1461 1354 1522; x_wconf 88' lang='lat' dir='ltr'>certum</span> <span class='ocrx_word' id='word_1_81' title='bbox 1374 1461 1418 1521; x_wconf 83' lang='lat' dir='ltr'>est</span> 
     </span>
     <span class='ocr_line' id='line_1_11' title="bbox 282 1560 1418 1653; baseline 0 -24"><span class='ocrx_word' id='word_1_82' title='bbox 282 1582 357 1629; x_wconf 79' lang='lat' dir='ltr'>euin</span> <span class='ocrx_word' id='word_1_83' title='bbox 372 1582 438 1630; x_wconf 93' lang='lat' dir='ltr'>non</span> <span class='ocrx_word' id='word_1_84' title='bbox 450 1582 541 1652; x_wconf 84' lang='lat' dir='ltr'>posse</span> <span class='ocrx_word' id='word_1_85' title='bbox 554 1561 589 1628; x_wconf 93' lang='lat' dir='ltr'>in</span> <span class='ocrx_word' id='word_1_86' title='bbox 604 1560 772 1632; x_wconf 87' lang='lat' dir='ltr'>Viearium</span> <span class='ocrx_word' id='word_1_87' title='bbox 786 1563 970 1652; x_wconf 80' lang='lat' dir='ltr'>generalem</span> <span class='ocrx_word' id='word_1_88' title='bbox 982 1562 1115 1632; x_wconf 88' lang='lat' dir='ltr'>assumi.</span> <span class='ocrx_word' id='word_1_89' title='bbox 1130 1561 1286 1653; x_wconf 88' lang='lat' dir='ltr'>Sequitur</span> <span class='ocrx_word' id='word_1_90' title='bbox 1299 1560 1418 1650; x_wconf 80' lang='lat' dir='ltr'>exlege</span> 
     </span>
     <span class='ocr_line' id='line_1_12' title="bbox 282 1667 1419 1762; baseline -0.001 -26"><span class='ocrx_word' id='word_1_91' title='bbox 282 1667 481 1754; x_wconf 69' lang='lat' dir='ltr'>residentia,</span> <span class='ocrx_word' id='word_1_92' title='bbox 498 1691 563 1760; x_wconf 91' lang='lat' dir='ltr'>qua</span> <span class='ocrx_word' id='word_1_93' title='bbox 577 1668 737 1760; x_wconf 90' lang='lat' dir='ltr'>parochus</span> <span class='ocrx_word' id='word_1_94' title='bbox 751 1669 983 1760; x_wconf 82' lang='lat' dir='ltr'>obstringitnr3</span> <span class='ocrx_word' id='word_1_95' title='bbox 1000 1692 1076 1762; x_wconf 83' lang='lat' dir='ltr'>quae</span> <span class='ocrx_word' id='word_1_96' title='bbox 1091 1667 1245 1758; x_wconf 86' lang='lat' dir='ltr'>obligatio</span> <span class='ocrx_word' id='word_1_97' title='bbox 1261 1667 1419 1736; x_wconf 85' lang='lat' dir='ltr'>residendi</span> 
     </span>
     <span class='ocr_line' id='line_1_13' title="bbox 280 1775 1418 1869; baseline 0.001 -27"><span class='ocrx_word' id='word_1_98' title='bbox 280 1775 315 1842; x_wconf 95' lang='lat' dir='ltr'>in</span> <span class='ocrx_word' id='word_1_99' title='bbox 331 1775 392 1844; x_wconf 90' lang='lat' dir='ltr'>hoe</span> <span class='ocrx_word' id='word_1_100' title='bbox 406 1799 484 1845; x_wconf 85' lang='lat' dir='ltr'>casu</span> <span class='ocrx_word' id='word_1_101' title='bbox 498 1777 632 1846; x_wconf 91' lang='lat' dir='ltr'>omnino</span> <span class='ocrx_word' id='word_1_102' title='bbox 643 1777 893 1869; x_wconf 88' lang='lat' dir='ltr'>incompatibilis</span> <span class='ocrx_word' id='word_1_103' title='bbox 907 1785 955 1848; x_wconf 86' lang='lat' dir='ltr'>ast</span> <span class='ocrx_word' id='word_1_104' title='bbox 966 1799 1042 1846; x_wconf 88' lang='lat' dir='ltr'>cum</span> <span class='ocrx_word' id='word_1_105' title='bbox 1056 1777 1179 1848; x_wconf 86' lang='lat' dir='ltr'>Vicarii</span> <span class='ocrx_word' id='word_1_106' title='bbox 1192 1776 1353 1865; x_wconf 87' lang='lat' dir='ltr'>generalis</span> <span class='ocrx_word' id='word_1_107' title='bbox 1367 1776 1418 1843; x_wconf 90' lang='lat' dir='ltr'>ol-</span> 
     </span>
     <span class='ocr_line' id='line_1_14' title="bbox 283 1881 1420 1978; baseline 0.002 -30"><span class='ocrx_word' id='word_1_108' title='bbox 283 1881 366 1951; x_wconf 88' lang='lat' dir='ltr'>ficio.</span> <span class='ocrx_word' id='word_1_109' title='bbox 385 1886 419 1950; x_wconf 82' lang='lat'>2⁰</span> <span class='ocrx_word' id='word_1_110' title='bbox 435 1883 570 1952; x_wconf 83' lang='lat' dir='ltr'>Etiamsi</span> <span class='ocrx_word' id='word_1_111' title='bbox 584 1893 701 1974; x_wconf 81' lang='lat' dir='ltr'>agetur</span> <span class='ocrx_word' id='word_1_112' title='bbox 719 1883 759 1954; x_wconf 91' lang='lat' dir='ltr'>de</span> <span class='ocrx_word' id='word_1_113' title='bbox 779 1885 932 1978; x_wconf 86' lang='lat' dir='ltr'>parocho,</span> <span class='ocrx_word' id='word_1_114' title='bbox 957 1886 992 1952; x_wconf 92' lang='lat' dir='ltr'>in</span> <span class='ocrx_word' id='word_1_115' title='bbox 1012 1886 1084 1976; x_wconf 89' lang='lat' dir='ltr'>ipsa</span> <span class='ocrx_word' id='word_1_116' title='bbox 1102 1882 1275 1976; x_wconf 85' lang='lat' dir='ltr'>episcopali</span> <span class='ocrx_word' id='word_1_117' title='bbox 1296 1882 1420 1950; x_wconf 86' lang='lat' dir='ltr'>civitate</span> 
     </span>
     <span class='ocr_line' id='line_1_15' title="bbox 281 1989 1420 2081; baseline 0 -23"><span class='ocrx_word' id='word_1_118' title='bbox 281 2013 393 2058; x_wconf 85' lang='lat' dir='ltr'>ruram</span> <span class='ocrx_word' id='word_1_119' title='bbox 409 1991 592 2060; x_wconf 90' lang='lat' dir='ltr'>animarum</span> <span class='ocrx_word' id='word_1_120' title='bbox 613 1991 763 2078; x_wconf 84' lang='lat' dir='ltr'>habente,</span> <span class='ocrx_word' id='word_1_121' title='bbox 787 1993 1002 2062; x_wconf 90' lang='lat' dir='ltr'>communiter</span> <span class='ocrx_word' id='word_1_122' title='bbox 1022 1999 1141 2081; x_wconf 89' lang='lat' dir='ltr'>negant</span> <span class='ocrx_word' id='word_1_123' title='bbox 1162 1989 1309 2059; x_wconf 85' lang='lat' dir='ltr'>doctores</span> <span class='ocrx_word' id='word_1_124' title='bbox 1330 2011 1420 2080; x_wconf 85' lang='lat' dir='ltr'>posse</span> 
     </span>
     <span class='ocr_line' id='line_1_16' title="bbox 282 2095 1421 2188; baseline -0.001 -23"><span class='ocrx_word' id='word_1_125' title='bbox 282 2119 359 2165; x_wconf 90' lang='lat' dir='ltr'>eum</span> <span class='ocrx_word' id='word_1_126' title='bbox 375 2097 411 2165; x_wconf 95' lang='lat' dir='ltr'>in</span> <span class='ocrx_word' id='word_1_127' title='bbox 424 2097 592 2168; x_wconf 88' lang='lat' dir='ltr'>Viearium</span> <span class='ocrx_word' id='word_1_128' title='bbox 605 2099 788 2188; x_wconf 81' lang='lat' dir='ltr'>generalem</span> <span class='ocrx_word' id='word_1_129' title='bbox 800 2099 939 2185; x_wconf 86' lang='lat' dir='ltr'>essumi;</span> <span class='ocrx_word' id='word_1_130' title='bbox 953 2121 995 2168; x_wconf 87' lang='lat' dir='ltr'>ex</span> <span class='ocrx_word' id='word_1_131' title='bbox 1007 2121 1046 2167; x_wconf 87' lang='lat' dir='ltr'>ea</span> <span class='ocrx_word' id='word_1_132' title='bbox 1056 2119 1172 2188; x_wconf 91' lang='lat' dir='ltr'>nempe</span> <span class='ocrx_word' id='word_1_133' title='bbox 1183 2097 1318 2184; x_wconf 91' lang='lat' dir='ltr'>ratione,</span> <span class='ocrx_word' id='word_1_134' title='bbox 1335 2095 1421 2188; x_wconf 89' lang='lat' dir='ltr'>quod</span> 
     </span>
     <span class='ocr_line' id='line_1_17' title="bbox 282 2202 1421 2296; baseline 0.002 -26"><span class='ocrx_word' id='word_1_135' title='bbox 282 2203 353 2271; x_wconf 77' lang='lat' dir='ltr'>haec</span> <span class='ocrx_word' id='word_1_136' title='bbox 365 2202 430 2272; x_wconf 92' lang='lat' dir='ltr'>duo</span> <span class='ocrx_word' id='word_1_137' title='bbox 442 2204 548 2273; x_wconf 82' lang='lat' dir='ltr'>officia</span> <span class='ocrx_word' id='word_1_138' title='bbox 559 2205 721 2273; x_wconf 91' lang='lat' dir='ltr'>ordinarie</span> <span class='ocrx_word' id='word_1_139' title='bbox 735 2212 767 2274; x_wconf 87' lang='lat' dir='ltr'>ct</span> <span class='ocrx_word' id='word_1_140' title='bbox 781 2205 974 2295; x_wconf 90' lang='lat' dir='ltr'>regulariter</span> <span class='ocrx_word' id='word_1_141' title='bbox 987 2228 1053 2274; x_wconf 92' lang='lat' dir='ltr'>non</span> <span class='ocrx_word' id='word_1_142' title='bbox 1068 2205 1191 2296; x_wconf 85' lang='lat' dir='ltr'>possint</span> <span class='ocrx_word' id='word_1_143' title='bbox 1203 2203 1312 2272; x_wconf 87' lang='lat' dir='ltr'>debito</span> <span class='ocrx_word' id='word_1_144' title='bbox 1327 2203 1421 2272; x_wconf 90' lang='lat' dir='ltr'>modo</span> 
     </span>
     <span class='ocr_line' id='line_1_18' title="bbox 282 2310 1418 2406; baseline 0 -29"><span class='ocrx_word' id='word_1_145' title='bbox 282 2310 383 2379; x_wconf 89' lang='lat' dir='ltr'>simul</span> <span class='ocrx_word' id='word_1_146' title='bbox 396 2311 578 2403; x_wconf 89' lang='lat' dir='ltr'>adimpleri.</span> <span class='ocrx_word' id='word_1_147' title='bbox 593 2312 677 2382; x_wconf 90' lang='lat' dir='ltr'>Vide</span> <span class='ocrx_word' id='word_1_148' title='bbox 688 2313 876 2382; x_wconf 86' lang='lat' dir='ltr'>Ferrarium</span> <span class='ocrx_word' id='word_1_149' title='bbox 893 2311 945 2406; x_wconf 92' lang='lat' dir='ltr'>(ad</span> <span class='ocrx_word' id='word_1_150' title='bbox 961 2335 1073 2382; x_wconf 88' lang='lat' dir='ltr'>vocem</span> <span class='ocrx_word' id='word_1_151' title='bbox 1092 2311 1238 2380; x_wconf 84' lang='lat' dir='ltr'>Viearius</span> <span class='ocrx_word' id='word_1_152' title='bbox 1248 2311 1418 2402; x_wconf 72' lang='lat' dir='ltr'>generalis,</span> 
     </span>
     <span class='ocr_line' id='line_1_19' title="bbox 282 2417 1419 2512; baseline 0 -28"><span class='ocrx_word' id='word_1_153' title='bbox 282 2427 343 2486; x_wconf 84' lang='lat' dir='ltr'>ert.</span> <span class='ocrx_word' id='word_1_154' title='bbox 365 2422 396 2504; x_wconf 98' lang='grc'>1,</span> <span class='ocrx_word' id='word_1_155' title='bbox 414 2439 448 2486; x_wconf 92' lang='lat' dir='ltr'>n.</span> <span class='ocrx_word' id='word_1_156' title='bbox 467 2421 538 2510; x_wconf 82' lang='lat'>27),</span> <span class='ocrx_word' id='word_1_157' title='bbox 561 2421 758 2489; x_wconf 90' lang='lat' dir='ltr'>Leurenium</span> <span class='ocrx_word' id='word_1_158' title='bbox 782 2421 832 2510; x_wconf 81' lang='lat' dir='ltr'>(de</span> <span class='ocrx_word' id='word_1_159' title='bbox 856 2421 990 2490; x_wconf 85' lang='lat' dir='ltr'>Vicuriis</span> <span class='ocrx_word' id='word_1_160' title='bbox 1008 2420 1133 2512; x_wconf 68' lang='lat' dir='ltr'>Episc„</span> <span class='ocrx_word' id='word_1_161' title='bbox 1152 2441 1223 2512; x_wconf 86' lang='lat' dir='ltr'>cap.</span> <span class='ocrx_word' id='word_1_162' title='bbox 1245 2423 1276 2506; x_wconf 93' lang='lat' dir='ltr'>l,</span> <span class='ocrx_word' id='word_1_163' title='bbox 1296 2442 1330 2509; x_wconf 91' lang='lat' dir='ltr'>q.</span> <span class='ocrx_word' id='word_1_164' title='bbox 1351 2417 1419 2506; x_wconf 80' lang='grc'><strong>51);</strong></span> 
     </span>
     <span class='ocr_line' id='line_1_20' title="bbox 283 2527 1420 2619; baseline -0.001 -27"><span class='ocrx_word' id='word_1_165' title='bbox 283 2547 408 2595; x_wconf 90' lang='lat' dir='ltr'>necnon</span> <span class='ocrx_word' id='word_1_166' title='bbox 425 2549 463 2594; x_wconf 92' lang='lat' dir='ltr'>ea</span> <span class='ocrx_word' id='word_1_167' title='bbox 478 2549 553 2618; x_wconf 78' lang='lat' dir='ltr'>qam</span> <span class='ocrx_word' id='word_1_168' title='bbox 574 2527 719 2598; x_wconf 83' lang='lat' dir='ltr'>diximus</span> <span class='ocrx_word' id='word_1_169' title='bbox 740 2529 773 2596; x_wconf 94' lang='lat' dir='ltr'>in</span> <span class='ocrx_word' id='word_1_170' title='bbox 798 2537 934 2598; x_wconf 87' lang='lat' dir='ltr'>tractatu</span> <span class='ocrx_word' id='word_1_171' title='bbox 954 2529 994 2598; x_wconf 89' lang='lat' dir='ltr'>de</span> <span class='ocrx_word' id='word_1_172' title='bbox 1015 2528 1190 2619; x_wconf 83' lang='lat' dir='ltr'>Capitulis,</span> <span class='ocrx_word' id='word_1_173' title='bbox 1209 2527 1330 2618; x_wconf 87' lang='lat' dir='ltr'>pagina</span> <span class='ocrx_word' id='word_1_174' title='bbox 1346 2530 1420 2610; x_wconf 84' lang='grc'><strong>519,</strong></span> 
     </span>
     <span class='ocr_line' id='line_1_21' title="bbox 278 2632 1421 2727; baseline 0.002 -28"><span class='ocrx_word' id='word_1_175' title='bbox 278 2633 405 2723; x_wconf 88' lang='lat' dir='ltr'>agendo</span> <span class='ocrx_word' id='word_1_176' title='bbox 425 2633 464 2702; x_wconf 89' lang='lat' dir='ltr'>de</span> <span class='ocrx_word' id='word_1_177' title='bbox 485 2635 616 2704; x_wconf 88' lang='lat' dir='ltr'>Vieario</span> <span class='ocrx_word' id='word_1_178' title='bbox 637 2635 818 2727; x_wconf 90' lang='lat' dir='ltr'>capitulari.</span> <span class='ocrx_word' id='word_1_179' title='bbox 842 2637 939 2705; x_wconf 85' lang='lat' dir='ltr'>Citati</span> <span class='ocrx_word' id='word_1_180' title='bbox 959 2645 1067 2704; x_wconf 91' lang='lat' dir='ltr'>autem</span> <span class='ocrx_word' id='word_1_181' title='bbox 1089 2643 1236 2703; x_wconf 89' lang='lat' dir='ltr'>auctores</span> <span class='ocrx_word' id='word_1_182' title='bbox 1252 2634 1362 2702; x_wconf 88' lang='lat' dir='ltr'>varias</span> <span class='ocrx_word' id='word_1_183' title='bbox 1376 2632 1421 2700; x_wconf 89' lang='lat' dir='ltr'>el-</span> 
     </span>
     <span class='ocr_line' id='line_1_22' title="bbox 280 2741 1420 2831; baseline 0.001 -24"><span class='ocrx_word' id='word_1_184' title='bbox 280 2741 400 2829; x_wconf 82' lang='lat' dir='ltr'>legant,</span> <span class='ocrx_word' id='word_1_185' title='bbox 417 2741 459 2809; x_wconf 81' lang='lat' dir='ltr'>ad</span> <span class='ocrx_word' id='word_1_186' title='bbox 483 2741 679 2810; x_wconf 87' lang='lat' dir='ltr'>firmandam</span> <span class='ocrx_word' id='word_1_187' title='bbox 700 2744 942 2813; x_wconf 86' lang='lat' dir='ltr'>conclusionem</span> <span class='ocrx_word' id='word_1_188' title='bbox 963 2743 1057 2830; x_wconf 90' lang='lat' dir='ltr'>hanc,</span> <span class='ocrx_word' id='word_1_189' title='bbox 1078 2743 1252 2811; x_wconf 87' lang='lat' dir='ltr'>Sacrarum</span> <span class='ocrx_word' id='word_1_190' title='bbox 1276 2743 1420 2831; x_wconf 86' lang='lat' dir='ltr'>Congre-</span> 
     </span>
     <span class='ocr_line' id='line_1_23' title="bbox 279 2849 1420 2942; baseline 0 -28"><span class='ocrx_word' id='word_1_191' title='bbox 279 2850 449 2936; x_wconf 88' lang='lat' dir='ltr'>gationum</span> <span class='ocrx_word' id='word_1_192' title='bbox 466 2849 687 2919; x_wconf 87' lang='lat' dir='ltr'>Romanarum</span> <span class='ocrx_word' id='word_1_193' title='bbox 709 2849 951 2919; x_wconf 84' lang='lat' dir='ltr'>declarationes.</span> <span class='ocrx_word' id='word_1_194' title='bbox 975 2852 1016 2918; x_wconf 85' lang='lat' dir='ltr'>Et</span> <span class='ocrx_word' id='word_1_195' title='bbox 1036 2859 1192 2942; x_wconf 78' lang='lat' dir='ltr'>praeterea</span> <span class='ocrx_word' id='word_1_196' title='bbox 1216 2849 1249 2916; x_wconf 92' lang='lat' dir='ltr'>in</span> <span class='ocrx_word' id='word_1_197' title='bbox 1272 2858 1361 2916; x_wconf 88' lang='lat' dir='ltr'>tomo</span> <span class='ocrx_word' id='word_1_198' title='bbox 1382 2851 1420 2914; x_wconf 81' lang='grc'>11</span> 
     </span>
     <span class='ocr_line' id='line_1_24' title="bbox 283 2956 1420 3048; baseline -0.002 -25"><span class='ocrx_word' id='word_1_199' title='bbox 283 2956 441 3024; x_wconf 82' lang='lat' dir='ltr'>Thesauri</span> <span class='ocrx_word' id='word_1_200' title='bbox 450 2958 685 3026; x_wconf 81' lang='lat' dir='ltr'>resolutionem</span> <span class='ocrx_word' id='word_1_201' title='bbox 697 2958 805 3027; x_wconf 85' lang='lat' dir='ltr'>Sacrae</span> <span class='ocrx_word' id='word_1_202' title='bbox 816 2958 1084 3048; x_wconf 85' lang='lat' dir='ltr'>Congregationis</span> <span class='ocrx_word' id='word_1_203' title='bbox 1094 2957 1244 3044; x_wconf 81' lang='lat' dir='ltr'>Consilii,</span> <span class='ocrx_word' id='word_1_204' title='bbox 1257 2956 1377 3046; x_wconf 85' lang='lat' dir='ltr'>pagina</span> <span class='ocrx_word' id='word_1_205' title='bbox 1391 2959 1420 3040; x_wconf 83' lang='lat'>5,</span> 
     </span>
     <span class='ocr_line' id='line_1_25' title="bbox 281 3063 1421 3157; baseline -0.001 -28"><span class='ocrx_word' id='word_1_206' title='bbox 281 3063 327 3129; x_wconf 89' lang='lat' dir='ltr'>sie</span> <span class='ocrx_word' id='word_1_207' title='bbox 343 3071 500 3132; x_wconf 86' lang='lat' dir='ltr'>assertum</span> <span class='ocrx_word' id='word_1_208' title='bbox 522 3066 671 3157; x_wconf 87' lang='lat' dir='ltr'>reperio:</span> <span class='ocrx_word' id='word_1_209' title='bbox 695 3092 711 3132; x_wconf 79' lang='lat' dir='ltr'>a</span> <span class='ocrx_word' id='word_1_210' title='bbox 727 3065 820 3148; x_wconf 86' lang='lat' dir='ltr'>Quod</span> <span class='ocrx_word' id='word_1_211' title='bbox 841 3064 992 3134; x_wconf 84' lang='lat' dir='ltr'>Viearius</span> <span class='ocrx_word' id='word_1_212' title='bbox 1010 3065 1171 3154; x_wconf 88' lang='lat' dir='ltr'>generalis</span> <span class='ocrx_word' id='word_1_213' title='bbox 1191 3063 1343 3156; x_wconf 89' lang='lat' dir='ltr'>Episcopi</span> <span class='ocrx_word' id='word_1_214' title='bbox 1365 3083 1421 3129; x_wconf 90' lang='lat' dir='ltr'>ne-</span> 
     </span>
     <span class='ocr_line' id='line_1_26' title="bbox 250 3169 1421 3264; baseline 0.001 -29"><span class='ocrx_word' id='word_1_215' title='bbox 250 3180 253 3184; x_wconf 87' lang='grc'><strong>’</strong></span> <span class='ocrx_word' id='word_1_216' title='bbox 286 3197 303 3235; x_wconf 82' lang='lat' dir='ltr'>c</span> <span class='ocrx_word' id='word_1_217' title='bbox 325 3183 422 3261; x_wconf 89' lang='lat' dir='ltr'>queat</span> <span class='ocrx_word' id='word_1_218' title='bbox 435 3172 534 3241; x_wconf 91' lang='lat' dir='ltr'>simul</span> <span class='ocrx_word' id='word_1_219' title='bbox 547 3195 615 3242; x_wconf 90' lang='lat' dir='ltr'>esse</span> <span class='ocrx_word' id='word_1_220' title='bbox 628 3173 801 3263; x_wconf 88' lang='lat' dir='ltr'>parochus,</span> <span class='ocrx_word' id='word_1_221' title='bbox 818 3173 998 3264; x_wconf 81' lang='lat' dir='ltr'>praesertim</span> <span class='ocrx_word' id='word_1_222' title='bbox 1014 3174 1042 3239; x_wconf 90' lang='lat' dir='ltr'>si</span> <span class='ocrx_word' id='word_1_223' title='bbox 1062 3171 1213 3262; x_wconf 85' lang='lat' dir='ltr'>parochia</span> <span class='ocrx_word' id='word_1_224' title='bbox 1229 3179 1324 3238; x_wconf 83' lang='lat' dir='ltr'>extra</span> <span class='ocrx_word' id='word_1_225' title='bbox 1337 3169 1421 3238; x_wconf 86' lang='lat' dir='ltr'>eivi-</span> 
     </span>
     <span class='ocr_line' id='line_1_27' title="bbox 287 3277 1420 3369; baseline 0.002 -29"><span class='ocrx_word' id='word_1_226' title='bbox 287 3303 303 3340; x_wconf 79' lang='lat' dir='ltr'>o</span> <span class='ocrx_word' id='word_1_227' title='bbox 326 3286 424 3347; x_wconf 89' lang='lat' dir='ltr'>tatem</span> <span class='ocrx_word' id='word_1_228' title='bbox 439 3280 495 3366; x_wconf 91' lang='lat' dir='ltr'>sit,</span> <span class='ocrx_word' id='word_1_229' title='bbox 511 3280 687 3349; x_wconf 73' lang='lat' dir='ltr'>canonistas</span> <span class='ocrx_word' id='word_1_230' title='bbox 703 3303 769 3348; x_wconf 92' lang='lat' dir='ltr'>non</span> <span class='ocrx_word' id='word_1_231' title='bbox 783 3277 1010 3349; x_wconf 89' lang='lat' dir='ltr'>contemnendi</span> <span class='ocrx_word' id='word_1_232' title='bbox 1021 3279 1186 3348; x_wconf 80' lang='lat' dir='ltr'>affirmant</span> <span class='ocrx_word' id='word_1_233' title='bbox 1201 3278 1371 3369; x_wconf 77' lang='lat' dir='ltr'>(Barbosa,</span> <span class='ocrx_word' id='word_1_234' title='bbox 1388 3277 1420 3342; x_wconf 94' lang='lat' dir='ltr'>in</span> 
     </span>
     <span class='ocr_line' id='line_1_28' title="bbox 287 3385 1419 3478; baseline 0.001 -27"><span class='ocrx_word' id='word_1_235' title='bbox 287 3410 304 3450; x_wconf 79' lang='lat' dir='ltr'>a</span> <span class='ocrx_word' id='word_1_236' title='bbox 326 3387 469 3452; x_wconf 88' lang='lat' dir='ltr'>Summo</span> <span class='ocrx_word' id='word_1_237' title='bbox 478 3386 600 3455; x_wconf 85' lang='lat' dir='ltr'>collect.</span> <span class='ocrx_word' id='word_1_238' title='bbox 612 3386 722 3470; x_wconf 68' lang='lat' dir='ltr'>decis„</span> <span class='ocrx_word' id='word_1_239' title='bbox 738 3388 836 3458; x_wconf 87' lang='lat' dir='ltr'>verbo</span> <span class='ocrx_word' id='word_1_240' title='bbox 858 3389 1013 3469; x_wconf 66' lang='lat' dir='ltr'>Viearius,</span> <span class='ocrx_word' id='word_1_241' title='bbox 1027 3409 1060 3456; x_wconf 89' lang='lat' dir='ltr'>n.</span> <span class='ocrx_word' id='word_1_242' title='bbox 1074 3386 1119 3476; x_wconf 82' lang='lat'>3).</span> <span class='ocrx_word' id='word_1_243' title='bbox 1132 3386 1168 3454; x_wconf 94' lang='lat' dir='ltr'>ld</span> <span class='ocrx_word' id='word_1_244' title='bbox 1179 3385 1303 3478; x_wconf 91' lang='lat' dir='ltr'>pluries</span> <span class='ocrx_word' id='word_1_245' title='bbox 1312 3385 1419 3453; x_wconf 88' lang='lat' dir='ltr'>deere-</span> 
     </span>
     <span class='ocr_line' id='line_1_29' title="bbox 287 3491 1421 3586; baseline 0.002 -27"><span class='ocrx_word' id='word_1_246' title='bbox 287 3519 303 3558; x_wconf 83' lang='lat' dir='ltr'>r</span> <span class='ocrx_word' id='word_1_247' title='bbox 328 3491 375 3561; x_wconf 82' lang='lat' dir='ltr'>vit</span> <span class='ocrx_word' id='word_1_248' title='bbox 389 3491 489 3561; x_wconf 84' lang='lat' dir='ltr'>Sacra</span> <span class='ocrx_word' id='word_1_249' title='bbox 509 3493 726 3585; x_wconf 88' lang='lat' dir='ltr'>Congregatio</span> <span class='ocrx_word' id='word_1_250' title='bbox 746 3495 981 3586; x_wconf 88' lang='lat' dir='ltr'>Episcoporum</span> <span class='ocrx_word' id='word_1_251' title='bbox 1000 3494 1047 3585; x_wconf 87' lang='lat' dir='ltr'>(in</span> <span class='ocrx_word' id='word_1_252' title='bbox 1067 3492 1329 3562; x_wconf 71' lang='lat' dir='ltr'>desolationibus</span> <span class='ocrx_word' id='word_1_253' title='bbox 1342 3513 1421 3583; x_wconf 73' lang='lat' dir='ltr'>qenes</span> 
     </span>
     <span class='ocr_line' id='line_1_30' title="bbox 287 3597 1420 3690; baseline -0.003 -25"><span class='ocrx_word' id='word_1_254' title='bbox 287 3623 304 3664; x_wconf 82' lang='lat' dir='ltr'>c</span> <span class='ocrx_word' id='word_1_255' title='bbox 327 3598 425 3666; x_wconf 85' lang='lat' dir='ltr'>refert</span> <span class='ocrx_word' id='word_1_256' title='bbox 438 3599 583 3669; x_wconf 88' lang='lat' dir='ltr'>Nicolios</span> <span class='ocrx_word' id='word_1_257' title='bbox 599 3602 634 3668; x_wconf 90' lang='lat' dir='ltr'>in</span> <span class='ocrx_word' id='word_1_258' title='bbox 657 3602 758 3671; x_wconf 90' lang='lat' dir='ltr'>verho</span> <span class='ocrx_word' id='word_1_259' title='bbox 780 3601 934 3682; x_wconf 68' lang='lat' dir='ltr'>Vicauos,</span> <span class='ocrx_word' id='word_1_260' title='bbox 961 3623 994 3667; x_wconf 93' lang='lat' dir='ltr'>n.</span> <span class='ocrx_word' id='word_1_261' title='bbox 1023 3600 1091 3689; x_wconf 86' lang='grc'><strong>37).</strong></span> <span class='ocrx_word' id='word_1_262' title='bbox 1116 3599 1155 3668; x_wconf 95' lang='lat' dir='ltr'>ld</span> <span class='ocrx_word' id='word_1_263' title='bbox 1179 3600 1288 3690; x_wconf 90' lang='lat' dir='ltr'>ipsum</span> <span class='ocrx_word' id='word_1_264' title='bbox 1312 3597 1420 3666; x_wconf 88' lang='lat' dir='ltr'>statuit</span> 
     </span>
     <span class='ocr_line' id='line_1_31' title="bbox 256 3705 1418 3800; baseline 0 -30"><span class='ocrx_word' id='word_1_265' title='bbox 256 3741 259 3748; x_wconf 92' lang='lat'>·</span> <span class='ocrx_word' id='word_1_266' title='bbox 285 3733 303 3771; x_wconf 78' lang='lat' dir='ltr'>a</span> <span class='ocrx_word' id='word_1_267' title='bbox 325 3705 424 3776; x_wconf 87' lang='lat' dir='ltr'>Sacra</span> <span class='ocrx_word' id='word_1_268' title='bbox 436 3706 508 3775; x_wconf 77' lang='lat' dir='ltr'>haec</span> <span class='ocrx_word' id='word_1_269' title='bbox 518 3710 735 3798; x_wconf 88' lang='lat' dir='ltr'>Congregatio</span> <span class='ocrx_word' id='word_1_270' title='bbox 751 3709 796 3800; x_wconf 78' lang='lat' dir='ltr'>(in</span> <span class='ocrx_word' id='word_1_271' title='bbox 807 3709 953 3789; x_wconf 85' lang='lat' dir='ltr'>Nullius,</span> <span class='ocrx_word' id='word_1_272' title='bbox 968 3707 1020 3776; x_wconf 91' lang='lat' dir='ltr'>die</span> <span class='ocrx_word' id='word_1_273' title='bbox 1035 3712 1073 3774; x_wconf 83' lang='lat'>12</span> <span class='ocrx_word' id='word_1_274' title='bbox 1085 3708 1162 3775; x_wconf 89' lang='lat' dir='ltr'>maii</span> <span class='ocrx_word' id='word_1_275' title='bbox 1173 3710 1270 3792; x_wconf 78' lang='grc'><strong>1629,</strong></span> <span class='ocrx_word' id='word_1_276' title='bbox 1285 3706 1369 3774; x_wconf 92' lang='lat' dir='ltr'>lihro</span> <span class='ocrx_word' id='word_1_277' title='bbox 1383 3707 1418 3770; x_wconf 90' lang='lat' dir='ltr'>ll</span> 
     </span>
     <span class='ocr_line' id='line_1_32' title="bbox 287 3813 1419 3907; baseline 0 -28"><span class='ocrx_word' id='word_1_278' title='bbox 287 3841 304 3879; x_wconf 81' lang='lat' dir='ltr'>a</span> <span class='ocrx_word' id='word_1_279' title='bbox 327 3815 549 3902; x_wconf 88' lang='lat' dir='ltr'>Decretorum,</span> <span class='ocrx_word' id='word_1_280' title='bbox 571 3817 691 3907; x_wconf 87' lang='lat' dir='ltr'>pagina</span> <span class='ocrx_word' id='word_1_281' title='bbox 711 3816 810 3906; x_wconf 82' lang='lat' dir='ltr'>81).o</span> <span class='ocrx_word' id='word_1_282' title='bbox 830 3815 1096 3885; x_wconf 89' lang='lat' dir='ltr'>Concludendum</span> <span class='ocrx_word' id='word_1_283' title='bbox 1117 3837 1196 3905; x_wconf 89' lang='lat' dir='ltr'>ergo</span> <span class='ocrx_word' id='word_1_284' title='bbox 1211 3813 1343 3884; x_wconf 82' lang='lat' dir='ltr'>videtur</span> <span class='ocrx_word' id='word_1_285' title='bbox 1358 3833 1419 3880; x_wconf 93' lang='lat' dir='ltr'>non</span> 
     </span>
     <span class='ocr_line' id='line_1_33' title="bbox 283 3920 1417 4014; baseline 0.003 -27"><span class='ocrx_word' id='word_1_286' title='bbox 283 3921 378 3990; x_wconf 87' lang='lat' dir='ltr'>licere</span> <span class='ocrx_word' id='word_1_287' title='bbox 397 3933 435 3991; x_wconf 88' lang='lat' dir='ltr'>ut</span> <span class='ocrx_word' id='word_1_288' title='bbox 454 3923 631 4010; x_wconf 86' lang='lat' dir='ltr'>Paroehus,</span> <span class='ocrx_word' id='word_1_289' title='bbox 648 3923 748 3991; x_wconf 80' lang='lat' dir='ltr'>etiam</span> <span class='ocrx_word' id='word_1_290' title='bbox 766 3922 945 3990; x_wconf 86' lang='lat' dir='ltr'>incivitate</span> <span class='ocrx_word' id='word_1_291' title='bbox 963 3921 1137 4014; x_wconf 89' lang='lat' dir='ltr'>episcopali</span> <span class='ocrx_word' id='word_1_292' title='bbox 1153 3943 1267 3990; x_wconf 88' lang='lat' dir='ltr'>euram</span> <span class='ocrx_word' id='word_1_293' title='bbox 1287 3920 1417 4004; x_wconf 78' lang='lat' dir='ltr'>nahem,</span> 
     </span>
     <span class='ocr_line' id='line_1_34' title="bbox 283 4027 1418 4122; baseline -0.004 -26"><span class='ocrx_word' id='word_1_294' title='bbox 283 4029 326 4096; x_wconf 89' lang='lat' dir='ltr'>sit</span> <span class='ocrx_word' id='word_1_295' title='bbox 350 4028 447 4099; x_wconf 91' lang='lat' dir='ltr'>simul</span> <span class='ocrx_word' id='word_1_296' title='bbox 469 4031 619 4100; x_wconf 88' lang='lat' dir='ltr'>Viearius</span> <span class='ocrx_word' id='word_1_297' title='bbox 642 4030 813 4120; x_wconf 88' lang='lat' dir='ltr'>generalis.</span> <span class='ocrx_word' id='word_1_298' title='bbox 842 4033 875 4097; x_wconf 76' lang='grc' dir='ltr'>3ο</span> <span class='ocrx_word' id='word_1_299' title='bbox 896 4029 931 4099; x_wconf 93' lang='lat' dir='ltr'>Si</span> <span class='ocrx_word' id='word_1_300' title='bbox 952 4039 1060 4098; x_wconf 72' lang='lat' dir='ltr'>mmen</span> <span class='ocrx_word' id='word_1_301' title='bbox 1085 4031 1126 4096; x_wconf 88' lang='lat' dir='ltr'>ab</span> <span class='ocrx_word' id='word_1_302' title='bbox 1145 4030 1306 4122; x_wconf 90' lang='lat' dir='ltr'>Episcopo</span> <span class='ocrx_word' id='word_1_303' title='bbox 1332 4027 1418 4095; x_wconf 88' lang='lat' dir='ltr'>fieret</span> 
     </span>
     <span class='ocr_line' id='line_1_35' title="bbox 283 4136 1415 4227; baseline -0.003 -23"><span class='ocrx_word' id='word_1_304' title='bbox 283 4136 444 4227; x_wconf 88' lang='lat' dir='ltr'>ejusmodi</span> <span class='ocrx_word' id='word_1_305' title='bbox 464 4140 653 4224; x_wconf 88' lang='lat' dir='ltr'>nominatio,</span> <span class='ocrx_word' id='word_1_306' title='bbox 671 4162 713 4206; x_wconf 89' lang='lat' dir='ltr'>an</span> <span class='ocrx_word' id='word_1_307' title='bbox 733 4139 816 4206; x_wconf 86' lang='lat' dir='ltr'>leret</span> <span class='ocrx_word' id='word_1_308' title='bbox 835 4159 901 4206; x_wconf 93' lang='lat' dir='ltr'>non</span> <span class='ocrx_word' id='word_1_309' title='bbox 918 4145 1044 4204; x_wconf 88' lang='lat' dir='ltr'>tantum</span> <span class='ocrx_word' id='word_1_310' title='bbox 1059 4137 1182 4224; x_wconf 84' lang='lat' dir='ltr'>illicita,</span> <span class='ocrx_word' id='word_1_311' title='bbox 1209 4136 1268 4204; x_wconf 89' lang='lat' dir='ltr'>sed</span> <span class='ocrx_word' id='word_1_312' title='bbox 1282 4143 1314 4206; x_wconf 89' lang='lat' dir='ltr'>et</span> <span class='ocrx_word' id='word_1_313' title='bbox 1328 4137 1415 4203; x_wconf 83' lang='lat' dir='ltr'>inva-</span> 
     </span>
     <span class='ocr_line' id='line_1_36' title="bbox 282 4243 1414 4338; baseline -0.005 -24"><span class='ocrx_word' id='word_1_314' title='bbox 282 4245 372 4315; x_wconf 83' lang='lat' dir='ltr'>lidet</span> <span class='ocrx_word' id='word_1_315' title='bbox 393 4245 464 4338; x_wconf 86' lang='lat' dir='ltr'>Ego</span> <span class='ocrx_word' id='word_1_316' title='bbox 492 4269 560 4316; x_wconf 93' lang='lat' dir='ltr'>non</span> <span class='ocrx_word' id='word_1_317' title='bbox 586 4246 801 4334; x_wconf 89' lang='lat' dir='ltr'>admitterem,</span> <span class='ocrx_word' id='word_1_318' title='bbox 835 4268 909 4316; x_wconf 88' lang='lat' dir='ltr'>eum</span> <span class='ocrx_word' id='word_1_319' title='bbox 937 4267 978 4314; x_wconf 82' lang='lat' dir='ltr'>ex</span> <span class='ocrx_word' id='word_1_320' title='bbox 1006 4243 1096 4314; x_wconf 87' lang='lat' dir='ltr'>nullo</span> <span class='ocrx_word' id='word_1_321' title='bbox 1119 4244 1204 4336; x_wconf 88' lang='lat' dir='ltr'>juris</span> <span class='ocrx_word' id='word_1_322' title='bbox 1232 4253 1334 4332; x_wconf 85' lang='lat' dir='ltr'>texto,</span> <span class='ocrx_word' id='word_1_323' title='bbox 1363 4262 1414 4309; x_wconf 90' lang='lat' dir='ltr'>ne·</span> 
     </span>
    </p>
   </div>
   <div class='ocr_carea' id='block_1_3' title="bbox 0 0 1520 4980">
    <p class='ocr_par' dir='ltr' id='par_1_4' title="bbox 0 0 1520 4980">
     <span class='ocr_line' id='line_1_37' title="bbox 0 0 1520 4980; baseline 0 0"><span class='ocrx_word' id='word_1_324' title='bbox 0 0 1520 4980; x_wconf 95' lang='lat' dir='ltr'> </span> 
     </span>
    </p>
   </div>
  </div>
 </body>
</html>
