3056 4972
263 399 323 464 170
630 423 805 468 ruac‘rsrus
827 423 867 469 us
888 422 1023 470 runicus.

306 545 335 606 1⁰
349 541 480 610 Certum
496 552 543 610 est
557 543 590 610 in
613 544 718 612 causis
733 543 956 634 spiritualibus
972 544 1113 612 minores
1136 546 1176 612 25
1204 543 1302 610 annis
1317 543 1399 610 abs-

258 673 320 740 que
342 659 488 719 curatore
515 651 682 720 conveniri
702 661 734 719 et
757 653 931 719 convenire
954 673 1059 742 posse,
1078 653 1145 720 sive
1165 674 1223 743 per
1238 675 1272 720 se
1295 651 1396 742 ipsos,

259 759 327 824 sive
352 781 409 848 per
428 767 670 850 procuratorem
696 782 717 826 a
738 781 771 827 se
787 760 1011 828 constitutum.
1028 759 1162 828 Constat
1180 782 1221 828 ex
1246 759 1398 828 decretali

257 863 413 932 Bonifami
428 865 506 936 VIII
531 866 571 934 Si
586 888 712 934 anuum
728 865 833 955 (titulo
851 869 864 932 I
885 865 924 932 de
936 864 1084 947 Iudiciis,
1101 865 1177 933 libri
1194 870 1227 952 2,
1244 867 1277 934 in
1295 868 1325 953 b)
1343 875 1399 933 te-

256 972 345 1039 noris
366 973 530 1063 sequentis
549 972 614 1040 :Si
638 995 763 1040 anuum
789 985 946 1062 quartum
970 972 1133 1040 &dmum
1156 985 1222 1042 tue
1243 972 1401 1064 perepisti

257 1079 375 1161 aetatis,
393 1080 428 1146 iu
450 1079 686 1170 berefieiulibus
701 1093 731 1148 et
751 1080 826 1148 aliis
845 1081 949 1148 cumis
973 1080 1211 1170 spiritualibus,
1229 1101 1350 1147 nemore
1366 1092 1399 1145 et

257 1185 508 1276 dependentibus
529 1187 571 1254 ob
594 1185 724 1268 eisdem,
742 1211 781 1255 ae
805 1188 834 1254 si
859 1187 972 1277 major
993 1190 1033 1253 25
1057 1187 1152 1254 urinis
1176 1186 1334 1266 existeres,
1353 1185 1403 1254 od

256 1293 420 1383 upeudum
440 1307 471 1360 et
487 1292 723 1384 defendendum
742 1306 852 1386 perte
873 1294 926 1362 uel
941 1316 1004 1384 per
1024 1305 1273 1384 procuratorem
1290 1293 1400 1383 (quem

256 1399 302 1467 ud
313 1400 374 1468 boe
387 1399 649 1469 constituendum
663 1401 847 1490 demerem)
865 1400 1001 1470 admitti
1015 1398 1151 1469 debebis.

301 1510 334 1573 2ο
363 1507 443 1574 Item
472 1517 595 1576 certum
624 1516 672 1577 est
703 1506 867 1599 predictis
898 1507 1082 1576 minoribus
1110 1505 1144 1573 id
1172 1505 1258 1597 juris
1285 1505 1399 1592 tribui,

257 1636 323 1682 non
340 1623 465 1682 tantum
484 1616 518 1682 in
540 1616 686 1707 ipsismet
712 1616 816 1692 causis
842 1615 1080 1707 spiritualibus,
1096 1613 1151 1682 sed
1171 1614 1267 1682 etiam
1291 1613 1402 1704 quoad

256 1743 415 1790 sonneras
440 1745 514 1791 cum
541 1723 669 1812 iisdem,
696 1724 792 1792 utin
818 1723 914 1792 citata
937 1721 1088 1790 decretali
1114 1721 1305 1811 exprimunt
1331 1718 1402 1786 lraec

258 1829 368 1915 verba,
394 1829 643 1922 dependentibus
667 1831 709 1898 ab
734 1829 866 1898 eisdem.
896 1830 953 1898 Est
982 1837 1090 1898 autem
1119 1851 1215 1897 eausa
1239 1849 1398 1914 connexa,

257 1936 348 2003 verbi
372 1938 487 2026 gratia,
504 1938 587 2005 silis
603 1943 772 2006 moveatur
788 1937 907 2004 minori
931 1959 1029 2028 super
1044 1937 1118 2004 dote
1141 1935 1265 2003 ratione
1288 1934 1402 2002 matri·

257 2042 359 2110 monii
372 2065 392 2110 a
403 2065 436 2112 se
451 2044 617 2130 contracti,
627 2044 679 2112 vel
694 2043 721 2110 si
737 2051 995 2112 controvertitur
1012 2065 1109 2134 super
1124 2041 1282 2110 reditibus
1297 2042 1401 2109 bene·

257 2148 428 2236 ficialibus,
446 2160 501 2219 aut
512 2151 587 2242 jure
599 2159 787 2243 patronatus
800 2149 887 2240 quod
903 2172 1069 2230 annexum
1086 2149 1167 2218 forte
1180 2158 1228 2217 est
1240 2148 1400 2218 beneficio

257 2257 344 2346 quod
367 2258 474 2326 minor
486 2259 619 2328 obtinet.

298 2363 356 2432 Illa
369 2375 476 2434 autem
484 2365 569 2457 juris
582 2366 728 2434 canonici
742 2365 909 2455 dispositio
922 2363 1007 2431 circa
1021 2364 1220 2455 spirituales
1233 2371 1265 2430 et
1277 2362 1399 2430 eisdem

255 2493 399 2539 annexas
413 2494 537 2559 causas,
548 2472 707 2540 censenda
721 2482 769 2539 est
780 2469 886 2562 adjus
900 2493 1072 2540 commune
1089 2468 1266 2538 hodiedum
1281 2470 1399 2559 vigens

255 2579 431 2669 pertinere;
462 2605 536 2650 oum
566 2604 623 2650 nec
652 2603 710 2671 per
740 2579 999 2668 desuetudinem,
1027 2601 1086 2648 nec
1115 2602 1172 2670 per
1200 2579 1399 2648 muhaniam

255 2688 440 2775 generalem
453 2688 558 2777 legem
573 2688 700 2757 sublata
714 2689 824 2756 luerit.

301 2798 333 2860 3⁰
347 2793 460 2876 Quoad
474 2817 585 2862 eaums
609 2817 696 2863 mere
720 2795 924 2886 temporales,
941 2797 1014 2864 lieet
1038 2803 1169 2885 propter
1188 2793 1399 2884 privilegium

256 2901 319 2970 lori
345 2925 454 2970 euram
477 2903 690 2972 eeclesiastico
710 2902 819 2992 judice
841 2903 1053 2989 ventilentur,
1073 2902 1215 2970 minores
1239 2904 1279 2969 25
1304 2901 1401 2968 annis

257 3019 424 3077 remanent
444 3009 578 3101 subjecti
602 3007 799 3098 legislationi
817 3009 1041 3095 Iustinianeae,
1062 3031 1128 3099 qua
1150 3008 1338 3100 disponitur
1359 3031 1401 3076 ne

257 3116 379 3206 possint
397 3117 518 3208 absque
541 3117 698 3184 curatoris
717 3115 914 3184 authoritate
933 3117 968 3183 in
991 3115 1116 3207 judicio
1141 3124 1239 3203 stare,
1256 3116 1400 3207 exeeptis

255 3221 449 3312 quibusdam
465 3225 603 3292 casibus.
621 3223 705 3292 Num
720 3223 776 3291 nbi
791 3222 994 3292 Iustinianeo
1007 3222 1075 3313 juri
1093 3221 1173 3290 nihil
1195 3223 1397 3290 eontrarium

256 3329 376 3396 habent
397 3329 484 3418 leges
504 3330 736 3415 ecclesiasticae,
752 3337 901 3397 censetur
913 3329 969 3419 jus
993 3327 1075 3397 illud
1093 3329 1126 3396 in
1142 3329 1213 3397 loro
1227 3329 1398 3397 ecelesias-

255 3437 318 3504 tico
334 3447 508 3526 receptum.
526 3436 610 3504 Hinc
630 3437 665 3504 in
681 3435 777 3504 dictis
793 3437 901 3504 causis
923 3458 1011 3506 mere
1029 3435 1274 3527 temporalibus,
1290 3436 1319 3501 si
1336 3434 1399 3503 mi-

256 3566 317 3612 nor
333 3547 373 3608 25
390 3543 484 3609 annis
508 3552 690 3612 curatorem
713 3566 778 3610 non
797 3542 924 3628 habeat,
943 3543 1014 3611 dari
1031 3544 1060 3610 ei
1081 3543 1224 3634 ajudiee
1247 3541 1342 3610 debet
1357 3539 1398 3609 ad

256 3649 406 3718 effectum
423 3649 487 3717 litis
502 3648 748 3739 prosequende.
767 3649 804 3716 In
821 3649 986 3739 praedictis
1008 3673 1088 3738 ergo
1109 3649 1214 3717 causis
1231 3655 1399 3740 tempora-

255 3756 353 3843 libus,
375 3755 443 3823 sive
467 3754 577 3824 civiles
603 3755 681 3844 sint,
701 3755 769 3824 sive
793 3755 991 3842 criminales,
1008 3755 1165 3824 sententia
1190 3762 1304 3824 contra
1333 3754 1399 3822 mi-

257 3883 369 3930 norem
394 3865 434 3928 25
462 3861 556 3929 annis
578 3861 644 3930 lata
664 3861 786 3953 absque
813 3861 970 3930 curatoris
994 3861 1204 3950 authoritate,
1221 3870 1303 3930 esset
1329 3861 1400 3954 ipso

254 3967 328 4058 jure
350 3965 503 4036 invalida.
522 3968 560 4034 In
583 3968 685 4058 ipsius
702 3989 778 4036 vero
802 3967 947 4036 favorem
972 3967 1180 4058 pronuntiata
1205 3968 1395 4037 sustinetur.

257 4074 382 4140 Dantur
396 4081 503 4142 tamen
519 4074 637 4164 aliquae
654 4073 733 4142 huie
753 4074 947 4143 Iustinianei
965 4073 1049 4166 juris
1063 4075 1267 4167 dispositioni
1281 4099 1400 4167 excep-

259 4181 387 4248 tiones:
414 4181 498 4250 valet
525 4203 639 4271 nempe
666 4181 835 4271 sententia,
861 4183 983 4272 absque
1009 4184 1166 4253 curatmis
1189 4184 1399 4274 authoritate,
