3046 4968
590 499 664 544 raas
687 499 791 544 ranna.
1196 479 1251 544 131

120 617 282 706 gistratum
301 640 368 686 non
382 641 458 686 vero
474 627 628 710 tanquam
640 619 770 711 judices
785 619 895 687 stricte
908 619 1044 712 sumpti.
1061 619 1101 688 Et
1118 621 1164 687 sic
1182 642 1259 688 vera

8 803 10 818 ι
120 723 238 815 absque
264 725 330 794 ulla
355 725 544 816 exceptione
571 727 763 816 proclamari
791 734 894 818 potest
926 725 1179 796 fundamentalis
1204 726 1260 794 illa

8 869 9 936 3
120 831 241 922 regula,
260 833 390 901 nullum
404 855 495 917 posse
511 833 546 900 ia
565 835 707 924 propria
723 857 823 902 carisa
833 834 982 925 judicem
1002 857 1120 924 apem
1136 834 1260 906 inteili-

8 1007 9 1016 ,
120 939 223 1027 gendo
237 962 355 1029 nempe
367 939 511 1029 judicem
527 950 559 1010 et
571 940 758 1030 judicialem
775 942 967 1012 sententiam
983 965 1021 1010 ao
1037 943 1148 1011 stricto
1162 963 1259 1010 sensu

8 1049 10 1136 ζ
119 1070 213 1138 quern
230 1047 387 1116 diximus.

8 1139 10 1170 '
161 1155 291 1224 limum
309 1159 354 1222 6².
366 1193 410 1208 ·-
420 1155 538 1228 iudea.
557 1156 631 1224 lieet
645 1155 780 1224 aliunde
794 1169 987 1246 competent,
1002 1179 1067 1224 aaa
1080 1169 1187 1248 potent
1196 1159 1263 1248 jn-

120 1261 226 1330 dicare
236 1261 369 1353 quando
381 1276 550 1332 recusatur
561 1275 722 1354 tanquam
732 1276 908 1354 acepertus,
924 1263 990 1332 aiei
999 1265 1137 1356 suspicio
1149 1265 1191 1332 sit
1199 1265 1261 1354 fii-

119 1369 209 1452 oota;
219 1369 267 1438 ad
273 1369 381 1460 aprum
393 1388 467 1438 vero
474 1369 621 1460 pertinet
626 1369 783 1460 judicare
794 1381 909 1438 utrum
916 1371 1039 1460 frivola
1048 1371 1205 1440 siracono.
1217 1409 1261 1424 -·-

7 1517 8 1546 ;
119 1475 195 1544 Eam
215 1477 363 1565 regulam
379 1476 431 1544 hic
452 1498 517 1545 non
534 1477 722 1566 probamus,
741 1487 810 1546 tum
832 1478 909 1568 qnia
924 1487 1018 1546 extra
1033 1499 1163 1546 omnem
1179 1501 1260 1548 con-

118 1583 308 1652 troversiam
328 1591 386 1664 eet,
411 1591 481 1652 turn
501 1583 578 1675 quin
598 1583 638 1652 de
658 1584 718 1652 boe
737 1585 825 1673 jure,
846 1583 989 1674 judicem
1012 1593 1167 1676 tanqrram
1187 1609 1261 1654 eua-

7 1759 8 1790 ἷ
119 1698 245 1780 paetum
262 1691 443 1774 recusandi,
461 1691 675 1781 opportunior
691 1689 868 1760 disserendi
885 1689 1012 1758 occasio
1028 1701 1183 1759 recurret.

159 1798 240 1866 Item
256 1819 316 1888 pro
333 1796 447 1887 regula
463 1801 497 1864 7·
513 1795 664 1866 addimus
680 1796 802 1888 absque
817 1797 1019 1887 probatione,
1032 1797 1187 1887 judicare
1201 1821 1262 1866 aa·

119 1903 183 1972 tide
205 1927 270 1972 aon
288 1926 382 1996 posse
397 1903 548 1994 judicem
572 1905 904 1984 excommunicatum,
930 1904 981 1971 ael
1004 1905 1065 1995 qui
1086 1905 1262 1995 infamiam

7 2067 8 2092 1
118 2011 296 2081 contraxit.

640 2237 662 2330 a
684 2237 740 2308 m.

172 2411 209 2460 De
221 2406 309 2474 judice
326 2409 370 2473 qui
390 2409 549 2462 existimatur
563 2414 723 2476 competens,
739 2411 799 2462 ticet
813 2423 904 2460 revera
918 2409 1097 2474 jnrisdietione
1113 2415 1207 2464 eareat.

6 2729 7 2746 1
161 2652 345 2722 Paoeosmo
365 2653 405 2722 1².
428 2691 473 2706 -
485 2655 565 2722 Aeta
578 2665 609 2719 ct
620 2652 1021 2742 sententiaproauatiatae
1034 2675 1055 2719 a
1061 2651 1187 2742 jndice,
1203 2655 1263 2744 qni

6 2807 7 2812 η
116 2781 228 2828 reuera
237 2760 347 2851 judex
361 2781 426 2828 aaa
442 2772 498 2841 est,
516 2760 727 2829 acommaat
739 2758 857 2850 populi
872 2781 980 2828 errore
996 2759 1071 2827 talis
1091 2759 1260 2828 existime-

116 2879 182 2947 tar,
200 2881 279 2936 sant
299 2866 423 2936 valida.
441 2905 484 2920 -
505 2867 666 2936 Probatur
683 2869 715 2932 1ο
731 2889 773 2936 ex
789 2865 959 2936 doctorum
981 2865 1025 2934 ita
1044 2867 1258 2941 asserentium

6 3015 8 3042 t
115 2975 289 3060 sententia,
305 2996 405 3065 quam
427 2995 635 3042 communem
650 2995 720 3042 ease
737 2981 872 3041 testatur
889 2974 974 3042 inter
989 2972 1071 3040 alios
1086 2972 1258 3042 Scbmalz-

114 3081 256 3168 grueber
284 3081 482 3172 (intitulant
502 3080 541 3150 de
563 3078 710 3160 Iudicia,
738 3079 815 3148 libri
839 3083 858 3146 2
881 3078 1107 3164 Decretalium,
1130 3103 1162 3148 n.
1189 3086 1256 3172 20).

6 3187 8 3208 '
113 3187 277 3258 Probatur
298 3191 330 3255 2⁰
345 3210 385 3256 ex
406 3187 547 3256 textibus
558 3187 642 3277 juris
658 3207 741 3276 quoa
761 3184 863 3254 iidem
880 3184 1046 3254 adducunt
1065 3190 1255 3258 canonista.

114 3293 222 3364 Citant
241 3319 357 3388 nempe
378 3295 482 3384 legem
504 3294 683 3364 Barbarae
701 3295 747 3384 (3,
762 3292 796 3361 ff.
815 3291 855 3360 de
877 3293 991 3383 Officio
1011 3296 1176 3384 Praetoris)
1194 3321 1260 3388 que

114 3401 301 3470 firmitatem
329 3401 479 3470 babuisse
508 3401 662 3469 dicuntur
688 3399 857 3468 sententia
881 3421 901 3468 a
926 3399 1072 3468 Praetore
1100 3403 1255 3491 quodam,

113 3509 246 3577 nomine
270 3509 427 3576 Barbaria
450 3508 583 3600 prolatae
601 3533 608 3573 ε
627 3508 655 3574 is
678 3528 794 3598 nempe
817 3507 984 3576 communi
1008 3529 1118 3577 errore
1141 3511 1258 3580 existi-

6 3643 7 3654 *
112 3617 265 3686 mabatur
276 3614 537 3706 jurisdictionem
554 3614 691 3694 babere;
708 3634 824 3682 revera
840 3621 947 3682 tamen
966 3637 1029 3684 non
1053 3615 1203 3702 hahebat,
1220 3642 1259 3688 eo

6 3709 7 3716 ἵ
111 3723 202 3815 quod
226 3745 341 3792 servus
365 3731 463 3805 esset3
489 3745 564 3814 quae
588 3723 691 3813 ipsius
715 3721 856 3790 conditio
888 3722 1016 3790 servilis
1042 3725 1259 3795 communiter

111 3823 235 3920 ignota
246 3839 454 3906 remanserat.
479 3829 614 3898 Addunt
632 3829 808 3897 canonista
825 3829 909 3896 hanc
926 3828 1013 3918 juris
1029 3829 1168 3898 Romani
1185 3833 1257 3902 dis-

111 3939 305 4029 positionem
339 3939 375 4006 in
401 3936 475 4027 jure
503 3936 715 4004 ecclesiastico
753 3936 852 4004 foisse
888 3948 1066 4027 receptam
1100 3958 1159 4027 pro
1188 3963 1255 4032 quo

110 4046 212 4114 citant
227 4046 298 4114 haec
312 4044 457 4113 Gratiani
478 4045 578 4114 verba
594 4071 601 4110 :
620 4057 847 4112 verumtamen
868 4043 898 4110 si
918 4065 1039 4123 savus,
1058 4041 1139 4112 dum
1149 4061 1256 4136 puta-

112 4165 205 4220 retur
225 4152 315 4230 dder,
333 4173 373 4219 ea
388 4151 586 4242 detepatioac
603 4149 795 4218 sententiam
813 4149 900 4218 dicit
917 4201 969 4231 ...‚
987 4151 1143 4220 scatentia
1161 4155 1204 4223 ab
1219 4180 1256 4225 eo

115 4258 204 4328 dicta
218 4261 266 4328 rei
274 4258 437 4350 judicata
450 4259 646 4350 firmitatem
662 4267 759 4326 tenet.
781 4257 924 4347 (Canone
939 4257 1088 4347 Infamia,
1110 4281 1206 4332 causa
1224 4269 1255 4353 3,
