3030 4980
291 465 352 530 l78
663 483 840 531 raimerus
863 487 901 531 nn
923 485 1056 533 snorum.

294 632 311 672 ι
334 605 415 672 rarii
436 628 456 673 a
481 604 579 691 notis,
597 627 655 674 seu
679 605 869 676 abbreviato
894 606 1055 676 scribendi
1080 606 1191 696 modo,
1210 606 1329 700 quibus
1351 606 1429 675 olim

292 721 422 802 egesta
447 712 495 800 in,
518 711 571 781 vel
597 721 690 782 extra
711 713 888 803 judicium,
912 716 995 784 mira
1019 715 1180 784 celeritate
1205 713 1427 806 excipiehant;

292 820 443 888 ascribas
460 819 600 910 publici,
617 819 695 912 quia
718 843 793 912 qum
813 819 941 912 publice
968 825 1064 908 liunt,
1082 823 1212 914 publica
1236 821 1430 908 authori‘atq*¹

292 951 310 991 c
332 927 555 1004 conscribunt:
570 927 725 1008 actuarii,
743 925 824 995 dum
839 939 921 1012 acta,
939 926 1024 995 dicta
1038 937 1070 996 et
1083 937 1174 1018 gesta
1185 927 1350 1020 judicialia
1365 949 1429 994 no-

293 1058 310 1098 e
332 1040 419 1118 tant;
438 1031 636 1114 tabelliones,
654 1031 733 1124 qnia
752 1030 977 1102 annotationes
998 1056 1073 1102 suas
1093 1033 1173 1102 olim
1196 1033 1377 1104 referebant
1396 1033 1429 1100 in

291 1165 309 1203 e
332 1138 476 1218 tabulas;
495 1138 739 1230 protocollistae,
757 1139 835 1230 quia
857 1139 1013 1210 moderno
1031 1148 1176 1233 tempore
1201 1139 1427 1231 protocollum,

291 1273 309 1312 a
331 1267 388 1314 seu
403 1244 525 1314 librum
545 1253 692 1314 actorum
716 1245 848 1315 habent.
865 1245 1018 1316 Officium
1042 1247 1173 1317 illorum
1194 1254 1279 1340 patet
1293 1269 1336 1314 ex
1355 1245 1430 1314 data

290 1381 308 1420 e
331 1353 500 1422 nominum
517 1353 637 1444 quibus
659 1351 864 1445 appellantur
879 1353 1094 1445 explicatione
1108 1381 1116 1433 ;
1132 1352 1276 1422 consistit
1290 1354 1378 1420 enim
1395 1353 1428 1418 in

289 1487 307 1526 a
330 1483 380 1548 eo,
397 1467 433 1528 ut
450 1459 547 1548 dicta,
563 1468 698 1552 setaque
711 1459 829 1553 judicii
851 1460 1025 1550 diligenter
1035 1470 1068 1529 et
1082 1461 1168 1530 bona
1185 1459 1249 1529 lide
1266 1459 1428 1551 excipiant

289 1595 305 1634 c
330 1574 361 1636 et
387 1567 638 1638 conscribant.»
662 1567 711 1659 (In
732 1567 864 1636 titulum
883 1572 897 1635 1
917 1567 957 1636 de
970 1567 1117 1650 ludicris,
1135 1567 1211 1636 libri
1234 1571 1253 1634 2
1275 1567 1428 1636 Decretu-

283 1676 378 1764 lium,
395 1698 428 1744 n.
461 1675 527 1764 14.)
552 1675 679 1743 Passim
705 1683 852 1744 auctores
874 1676 1010 1758 mtnrii,
1028 1675 1172 1744 mtuarii
1190 1683 1223 1744 et
1243 1673 1429 1742 morethi-ci

284 1782 441 1853 vocabula
457 1805 517 1875 pro
530 1781 664 1851 omnino
681 1781 872 1874 synonymis
890 1781 1010 1850 habent
1027 1810 1034 1849 :
1052 1781 1085 1850 id
1102 1805 1179 1851 vero
1194 1803 1236 1850 an
1253 1790 1338 1849 recte
1358 1779 1427 1849 die-

284 1898 367 1975 tum,
384 1913 427 1959 ex
445 1889 535 1959 intra
555 1889 700 1958 dicendis
723 1889 855 1980 patebit.
879 1889 957 1958 Haec
981 1888 1021 1958 de
1043 1890 1175 1958 nomine
1199 1885 1427 1980 praemittenda

284 2005 377 2065 erant
404 2024 412 2064 :
445 2018 532 2066 nuno
559 1995 601 2064 ad
633 1996 694 2083 rei,
726 2003 763 2064 ut
794 2003 923 2084 vocant,
954 1995 1176 2066 definitionem
1204 1993 1345 2085 gradum
1374 1994 1425 2061 la-

283 2103 421 2173 ciamus.

327 2212 369 2280 ll.
391 2209 480 2295 Quid
497 2211 563 2279 sint
581 2211 730 2280 notarii?
743 2249 788 2264 -··
803 2212 936 2281 Certum
958 2222 1006 2281 est
1026 2213 1061 2280 in
1081 2209 1352 2304 jurisprudentia,
1369 2231 1425 2301 per

284 2320 401 2388 notarii
417 2318 611 2388 vocabulum
626 2318 791 2409 designari
807 2341 979 2409 personam
989 2320 1126 2411 publica
1140 2318 1338 2388 auctoritate
1352 2339 1424 2384 ron·

283 2428 436 2495 stitutum
450 2426 492 2495 ad
506 2425 671 2518 quoddam
683 2435 808 2495 certum
822 2426 967 2495 officium
989 2426 1207 2519 explendum
1224 2426 1259 2492 in
1275 2447 1342 2516 qua
1355 2435 1423 2492 tra-

284 2532 392 2602 denda
419 2533 562 2624 generali
591 2533 721 2602 notione
746 2534 837 2602 nulla
867 2535 1048 2625 reperietur
1073 2536 1157 2602 inter
1182 2533 1330 2601 doctores
1356 2531 1424 2600 dis-
1505 2551 1506 2576 ³

282 2643 457 2734 crepantia.
475 2642 545 2710 Hoc
563 2642 633 2732 ipso
654 2639 773 2709 scilicet
793 2643 881 2732 quod
900 2642 1018 2734 aliquis
1040 2643 1081 2710 sit
1104 2642 1230 2734 privata
1255 2639 1424 2709 dumtaxat
1505 2631 1506 2664 ¹

281 2771 431 2840 persona,
450 2748 596 2817 notarius
616 2770 681 2816 non
701 2754 763 2834 est,
777 2748 872 2839 juxta
896 2749 985 2817 illius
1001 2749 1088 2818 vocis
1109 2771 1260 2834 sensum,
1281 2747 1339 2816 sed
1354 2769 1424 2814 om-

281 2856 360 2924 nino
387 2856 564 2947 requiritur
585 2864 621 2922 ut
644 2863 784 2924 transeat
810 2857 844 2923 in
870 2879 1041 2948 personam
1069 2857 1246 2949 publicam,
1271 2856 1305 2924 id
1330 2865 1424 2941 est,a

280 2963 410 3056 publiea
435 2963 623 3048 auctoritate
650 2963 856 3032 constitutam
884 2974 916 3032 et
940 2965 1139 3055 deputatam.
1164 2965 1205 3033 Et
1233 2965 1266 3031 id
1292 2965 1422 3056 quidem

281 3070 427 3138 notarius
439 3091 611 3139 commune
627 3069 723 3138 habet
736 3091 810 3138 cum
826 3071 952 3139 cmteris
967 3071 1121 3140 omnibus
1143 3071 1292 3164 personis
1313 3071 1424 3162 publi·
1504 3067 1505 3074 '

280 3180 338 3265 cis,
364 3201 445 3271 quas
467 3201 583 3268 nempe
608 3177 737 3269 publica
767 3179 939 3247 auctoritas
963 3178 1112 3248 similiter
1136 3179 1177 3247 ad
1200 3179 1296 3247 varia
1319 3177 1424 3246 officia

280 3287 369 3376 eligit
390 3295 422 3354 et
447 3285 590 3376 deputat.
607 3285 702 3354 Unde
727 3284 865 3376 qualitas
892 3285 963 3353 ltaee
985 3307 1133 3376 persone·
1148 3283 1302 3376 publicar,
1322 3293 1423 3376 potest

280 3394 314 3461 in
329 3392 515 3460 definitione
539 3401 693 3485 tanquam
716 3413 822 3482 genus
847 3393 983 3484 reponi;
999 3402 1030 3460 et
1050 3403 1195 3464 remanet
1215 3401 1344 3460 tautum
1362 3390 1421 3459 ad-

278 3499 447 3592 jungenda
464 3498 645 3566 differentia
658 3500 822 3590 proxima,
839 3521 904 3590 qua
920 3500 1065 3569 notarius
1082 3523 1102 3568 a
1125 3498 1260 3590 reliquis
1276 3499 1422 3589 personis

279 3607 417 3698 publicis
437 3604 668 3695 distinguatur,
686 3619 717 3672 et
735 3606 817 3696 quid
839 3605 908 3696 ipse
930 3607 972 3674 sit
994 3607 1206 3675 determinate
1221 3607 1420 3674 enuntietur.

277 3712 382 3782 Porro
401 3735 514 3780 omnes
538 3714 636 3780 etiam
661 3722 814 3804 tanquam
838 3714 967 3782 riomrio
989 3714 1159 3804 proprium
1185 3713 1319 3800 habent,
1337 3711 1420 3804 quod

278 3820 383 3909 ipsios
398 3819 569 3909 scriptura,
585 3819 680 3887 certis
703 3819 944 3888 conditionibus
957 3821 1085 3908 vestita,
1102 3819 1233 3912 plenam
1258 3819 1360 3888 fidem
1376 3819 1420 3887 la-

277 3929 355 4006 eiat;
372 3927 473 3994 immo
492 3926 533 3993 ad
556 3925 617 3994 hoc
639 3927 771 4017 praeciae
788 3949 862 3994 eum
883 3928 925 3995 ab
940 3927 1131 3996 auctoritate
1156 3925 1287 4018 publica
1301 3929 1420 3995 consti·
1502 3927 1503 3964 l

278 4034 338 4119 tui,
362 4042 398 4100 ut
424 4034 512 4124 quod
535 4034 604 4123 ipse
630 4043 757 4123 gestum
785 4035 962 4126 scripserit,
987 4045 1143 4126 tanquam
1168 4055 1285 4103 verum
1310 4035 1419 4103 haberi

277 4140 402 4208 debeat.
421 4137 505 4206 Illud
521 4149 627 4207 autem
644 4139 786 4208 officium
802 4149 892 4230 gesta
906 4142 1121 4232 consignandi
1136 4143 1171 4210 in
1188 4141 1330 4234 scriptis,
1347 4163 1417 4234 qua

277 4245 375 4315 fidem
401 4265 442 4312 ex
466 4244 541 4333 jure
564 4245 695 4332 iaciant,
722 4249 800 4315 satis
829 4249 990 4317 riotanum
1019 4249 1219 4318 discriminat
1250 4273 1270 4316 a
1296 4249 1417 4318 caeteris
