3056 4972
669 491 845 538 racemus
867 493 904 537 DE
926 491 1057 537 tuereris.

706 899 921 1000 SEGTIO
959 902 1011 996 V.

296 1141 341 1198 nr
360 1139 450 1198 rano
470 1140 694 1210 couenmnrr,
713 1143 775 1200 suu
794 1143 943 1209 ousrarr
960 1143 1063 1202 sunna
1081 1141 1358 1202 ncennsusrrcus
1376 1142 1429 1200 srr

557 1249 589 1304 ru
609 1249 824 1321 uuaouaour,
836 1251 946 1308 causa
964 1251 1171 1312 comarcus.

334 1719 417 1802 Quia
433 1719 629 1811 jurisdictio,
646 1743 704 1789 aen
719 1721 782 1790 fori
800 1724 1030 1814 competentia,
1048 1723 1145 1791 totius
1160 1721 1275 1813 judicii
1289 1729 1429 1790 conten-

291 1825 364 1893 tiosi
380 1825 631 1896 fundamentum
652 1836 712 1915 eat,
734 1827 779 1895 ita
797 1835 833 1895 ut
853 1849 890 1894 eo
910 1827 1078 1897 deficiente
1097 1825 1260 1919 judicium
1284 1824 1327 1892 ait
1350 1825 1430 1893 nul-

291 1932 380 2021 lum;
404 1933 476 2002 ideo
495 1933 602 2024 quoad
622 1955 892 2026 unamquamque
914 1955 1047 2004 causam
1069 1942 1143 2002 ante
1162 1932 1273 2002 omnia
1293 1930 1430 2022 dignos·

291 2037 431 2107 cendum
446 2047 493 2106 est
514 2039 667 2130 quisnam
679 2038 782 2130 judex
799 2038 968 2128 legitimus
980 2040 1021 2107 ait
1035 2061 1093 2108 aen
1104 2045 1301 2130 competens.
1316 2037 1429 2128 Neque

288 2145 378 2213 enim
404 2145 540 2237 quilibet
560 2144 665 2237 judex
688 2153 878 2237 potestatem
906 2146 1003 2214 habet
1027 2146 1188 2238 quaslibet
1210 2167 1324 2214 causas
1345 2144 1429 2212 diri·

293 2251 422 2338 mendi3
444 2252 500 2320 sed
524 2259 625 2321 certas
649 2251 822 2321 dumtaxat
843 2275 918 2345 quae
943 2254 1045 2345 ipsius
1069 2251 1290 2344 jurisdictioni
1313 2252 1430 2342 subja-

291 2365 374 2426 cent.
390 2359 474 2426 Hinc
489 2357 602 2427 sedulo
613 2359 788 2428 canonista
802 2359 973 2428 materiam
988 2359 1081 2428 illam
1097 2359 1136 2428 de
1147 2362 1220 2452 foro
1239 2357 1432 2449 competenti
1507 2373 1508 2378 ’

293 2464 476 2557 expendere
495 2466 616 2553 solent3
633 2465 693 2534 suh
716 2489 782 2559 quo
805 2465 899 2534 titulo
917 2466 983 2535 duo
1005 2465 1244 2536 determinant:
1266 2469 1297 2532 1⁰
1312 2487 1431 2556 nempe

294 2594 447 2664 quaeuam
465 2595 569 2641 causae
585 2571 625 2639 ad
638 2571 784 2663 judicem
800 2571 1049 2642 ecclesiasticum
1072 2575 1262 2664 pertineant,
1286 2579 1319 2640 et
1337 2593 1431 2662 quae-

292 2701 370 2747 nam
389 2677 430 2746 ad
447 2679 589 2747 tribunal
609 2679 776 2766 saeculare;
803 2683 837 2746 2ο
857 2679 1009 2770 quisnam
1025 2702 1066 2748 ex
1082 2679 1248 2771 judicibus
1263 2677 1432 2748 ecclesias·
1508 2713 1509 2760 r

293 2786 365 2852 ticia
387 2793 573 2876 competens
592 2784 633 2852 sit
655 2784 762 2877 qnoad
781 2785 927 2876 singulas
947 2809 1073 2874 causas,
1089 2810 1164 2879 quae
1179 2785 1243 2854 fori
1263 2785 1431 2854 ecclesias-

293 2893 348 2960 tici
369 2899 456 2960 aunt.
1300 2887 1305 2900 '

337 2997 403 3067 Noa
418 2997 459 3068 da
472 2998 574 3090 priori
589 3007 783 3088 argumento
795 3021 893 3091 supra
902 3000 971 3092 jam
990 3001 1140 3092 (sectione
1155 3002 1185 3092 3)
1204 3001 1430 3087 tractavimus,

293 3101 419 3192 agendo
433 3102 551 3170 scilicet
564 3102 604 3171 da
616 3103 818 3194 judiciorum
834 3105 1123 3176 ecclesiasticorum
1140 3107 1276 3176 materia
1296 3129 1354 3175 sen
1368 3109 1432 3176 ob-

292 3209 376 3300 jecto
397 3209 546 3301 proprio;
566 3209 652 3278 unde
674 3210 729 3278 hic
752 3210 1038 3283 determinandum
1057 3213 1264 3283 solummodo
1285 3222 1433 3282 remanet

296 3315 463 3407 quodnam
477 3337 518 3383 ex
533 3316 633 3386 variis
646 3316 796 3387 Ecclesiae
810 3318 1042 3407 tribunalibus,
1059 3342 1119 3412 pro
1134 3343 1307 3389 cansarum
1323 3319 1365 3388 ad
1383 3321 1433 3388 fo-

298 3446 375 3492 rum
389 3423 639 3492 ecclesiasticum
655 3426 885 3515 pertinentium
898 3428 1065 3516 varietate,
1082 3427 1166 3496 adiri
1183 3428 1283 3518 possit
1297 3437 1353 3495 aut
1372 3427 1434 3496 de-

298 3533 382 3602 beat.
454 3539 455 3542 ’
