<?xml version="1.0" encoding="UTF-8"?>
<!DOCTYPE html PUBLIC "-//W3C//DTD XHTML 1.0 Transitional//EN"
    "http://www.w3.org/TR/xhtml1/DTD/xhtml1-transitional.dtd">
<html xmlns="http://www.w3.org/1999/xhtml" xml:lang="en" lang="en">
 <head>
  <title>
</title>
<meta http-equiv="Content-Type" content="text/html;charset=utf-8" />
  <meta name='ocr-system' content='tesseract 3.04.00' />
  <meta name='ocr-capabilities' content='ocr_page ocr_carea ocr_par ocr_line ocrx_word'/>
</head>
<body>
  <div class='ocr_page' id='page_1' title='image "./tractatusdejudi01goog_0360.png"; bbox 0 0 3030 4980; ppageno 0'>
   <div class='ocr_carea' id='block_1_1' title="bbox 509 481 1196 548">
    <p class='ocr_par' dir='ltr' id='par_1_1' title="bbox 509 481 1196 548">
     <span class='ocr_line' id='line_1_1' title="bbox 509 481 1196 548; baseline 0.003 -4"><span class='ocrx_word' id='word_1_1' title='bbox 509 499 583 546; x_wconf 76' lang='lat' dir='ltr'>nans</span> <span class='ocrx_word' id='word_1_2' title='bbox 606 493 749 546; x_wconf 70' lang='lat' dir='ltr'>susurros.</span> <span class='ocrx_word' id='word_1_3' title='bbox 1134 481 1196 548; x_wconf 79' lang='lat' dir='ltr'>als</span> 
     </span>
    </p>
   </div>
   <div class='ocr_carea' id='block_1_2' title="bbox 58 617 1199 714">
    <p class='ocr_par' dir='ltr' id='par_1_2' title="bbox 58 617 1199 714">
     <span class='ocr_line' id='line_1_2' title="bbox 58 617 1199 714; baseline 0.003 -26"><span class='ocrx_word' id='word_1_4' title='bbox 58 617 161 688; x_wconf 85' lang='lat' dir='ltr'>officii</span> <span class='ocrx_word' id='word_1_5' title='bbox 176 640 303 706; x_wconf 91' lang='lat' dir='ltr'>norma,</span> <span class='ocrx_word' id='word_1_6' title='bbox 322 641 388 688; x_wconf 92' lang='lat' dir='ltr'>nou</span> <span class='ocrx_word' id='word_1_7' title='bbox 402 625 468 688; x_wconf 89' lang='lat' dir='ltr'>tam</span> <span class='ocrx_word' id='word_1_8' title='bbox 484 618 560 711; x_wconf 89' lang='lat' dir='ltr'>jure</span> <span class='ocrx_word' id='word_1_9' title='bbox 579 619 806 708; x_wconf 86' lang='lat' dir='ltr'>ecclesiastico,</span> <span class='ocrx_word' id='word_1_10' title='bbox 832 642 930 712; x_wconf 88' lang='lat' dir='ltr'>quam</span> <span class='ocrx_word' id='word_1_11' title='bbox 954 620 1120 690; x_wconf 74' lang='lat' dir='ltr'>saecularis</span> <span class='ocrx_word' id='word_1_12' title='bbox 1134 646 1199 714; x_wconf 93' lang='lat' dir='ltr'>po-</span> 
     </span>
    </p>
   </div>
   <div class='ocr_carea' id='block_1_3' title="bbox 60 724 1213 3154">
    <p class='ocr_par' dir='ltr' id='par_1_3' title="bbox 60 724 1213 3154">
     <span class='ocr_line' id='line_1_3' title="bbox 60 724 1199 815; baseline 0.002 -20"><span class='ocrx_word' id='word_1_13' title='bbox 60 727 184 796; x_wconf 86' lang='lat' dir='ltr'>testatis</span> <span class='ocrx_word' id='word_1_14' title='bbox 197 725 324 815; x_wconf 89' lang='lat' dir='ltr'>legibus</span> <span class='ocrx_word' id='word_1_15' title='bbox 335 733 367 793; x_wconf 91' lang='lat' dir='ltr'>et</span> <span class='ocrx_word' id='word_1_16' title='bbox 380 724 516 796; x_wconf 81' lang='lat' dir='ltr'>decretis</span> <span class='ocrx_word' id='word_1_17' title='bbox 528 725 838 796; x_wconf 86' lang='lat' dir='ltr'>determinabantur.</span> <span class='ocrx_word' id='word_1_18' title='bbox 854 727 935 810; x_wconf 79' lang='lat' dir='ltr'>Quas</span> <span class='ocrx_word' id='word_1_19' title='bbox 948 735 1077 815; x_wconf 86' lang='lat' dir='ltr'>statuta,</span> <span class='ocrx_word' id='word_1_20' title='bbox 1093 751 1135 796; x_wconf 92' lang='lat' dir='ltr'>an</span> <span class='ocrx_word' id='word_1_21' title='bbox 1147 731 1199 797; x_wconf 92' lang='lat' dir='ltr'>ul-</span> 
     </span>
     <span class='ocr_line' id='line_1_4' title="bbox 60 832 1198 924; baseline 0.004 -25"><span class='ocrx_word' id='word_1_22' title='bbox 60 832 127 899; x_wconf 91' lang='lat' dir='ltr'>lam</span> <span class='ocrx_word' id='word_1_23' title='bbox 143 855 185 900; x_wconf 86' lang='lat' dir='ltr'>ex</span> <span class='ocrx_word' id='word_1_24' title='bbox 200 832 421 901; x_wconf 69' lang='lat' dir='ltr'>ecclesiastica</span> <span class='ocrx_word' id='word_1_25' title='bbox 442 833 607 924; x_wconf 87' lang='lat' dir='ltr'>potestatis</span> <span class='ocrx_word' id='word_1_26' title='bbox 621 856 756 902; x_wconf 88' lang='lat' dir='ltr'>assensu</span> <span class='ocrx_word' id='word_1_27' title='bbox 776 834 1012 924; x_wconf 82' lang='lat' dir='ltr'>legitimitatem</span> <span class='ocrx_word' id='word_1_28' title='bbox 1028 836 1198 922; x_wconf 79' lang='lat' dir='ltr'>traxerint,</span> 
     </span>
     <span class='ocr_line' id='line_1_5' title="bbox 61 939 1202 1030; baseline 0.004 -24"><span class='ocrx_word' id='word_1_29' title='bbox 61 961 138 1006; x_wconf 90' lang='lat' dir='ltr'>cum</span> <span class='ocrx_word' id='word_1_30' title='bbox 154 939 195 1007; x_wconf 90' lang='lat' dir='ltr'>de</span> <span class='ocrx_word' id='word_1_31' title='bbox 210 961 246 1008; x_wconf 88' lang='lat' dir='ltr'>re</span> <span class='ocrx_word' id='word_1_32' title='bbox 260 949 389 1008; x_wconf 90' lang='lat' dir='ltr'>mortua</span> <span class='ocrx_word' id='word_1_33' title='bbox 405 961 542 1029; x_wconf 77' lang='lat' dir='ltr'>agamm</span> <span class='ocrx_word' id='word_1_34' title='bbox 557 941 600 1030; x_wconf 85' lang='lat' dir='ltr'>(et</span> <span class='ocrx_word' id='word_1_35' title='bbox 614 939 696 1010; x_wconf 85' lang='lat' dir='ltr'>faxit</span> <span class='ocrx_word' id='word_1_36' title='bbox 711 941 798 1009; x_wconf 90' lang='lat' dir='ltr'>Deus</span> <span class='ocrx_word' id='word_1_37' title='bbox 814 949 851 1008; x_wconf 94' lang='lat' dir='ltr'>ut</span> <span class='ocrx_word' id='word_1_38' title='bbox 868 963 935 1010; x_wconf 90' lang='lat' dir='ltr'>non</span> <span class='ocrx_word' id='word_1_39' title='bbox 947 941 1120 1010; x_wconf 85' lang='lat' dir='ltr'>reviviscat</span> <span class='ocrx_word' id='word_1_40' title='bbox 1136 966 1202 1010; x_wconf 90' lang='lat' dir='ltr'>un-</span> 
     </span>
     <span class='ocr_line' id='line_1_6' title="bbox 61 1046 1198 1138; baseline 0.002 -24"><span class='ocrx_word' id='word_1_41' title='bbox 61 1047 208 1137; x_wconf 86' lang='lat' dir='ltr'>quaml),</span> <span class='ocrx_word' id='word_1_42' title='bbox 225 1046 409 1138; x_wconf 87' lang='lat' dir='ltr'>expendere</span> <span class='ocrx_word' id='word_1_43' title='bbox 423 1047 717 1137; x_wconf 67' lang='lat' dir='ltr'>pretermittimus.</span> <span class='ocrx_word' id='word_1_44' title='bbox 729 1047 764 1114; x_wconf 97' lang='lat' dir='ltr'>ld</span> <span class='ocrx_word' id='word_1_45' title='bbox 776 1047 947 1116; x_wconf 79' lang='lat' dir='ltr'>dumtaxat</span> <span class='ocrx_word' id='word_1_46' title='bbox 959 1047 1198 1136; x_wconf 84' lang='lat' dir='ltr'>adnotabimus,</span> 
     </span>
     <span class='ocr_line' id='line_1_7' title="bbox 61 1153 1203 1245; baseline 0.004 -25"><span class='ocrx_word' id='word_1_47' title='bbox 61 1177 130 1221; x_wconf 91' lang='lat' dir='ltr'>non</span> <span class='ocrx_word' id='word_1_48' title='bbox 157 1176 274 1245; x_wconf 91' lang='lat' dir='ltr'>parum</span> <span class='ocrx_word' id='word_1_49' title='bbox 305 1154 413 1222; x_wconf 81' lang='lat' dir='ltr'>forsan</span> <span class='ocrx_word' id='word_1_50' title='bbox 446 1154 605 1244; x_wconf 75' lang='lat' dir='ltr'>officialia</span> <span class='ocrx_word' id='word_1_51' title='bbox 633 1162 665 1222; x_wconf 90' lang='lat' dir='ltr'>et</span> <span class='ocrx_word' id='word_1_52' title='bbox 697 1153 919 1245; x_wconf 75' lang='lat' dir='ltr'>Officiulitotis</span> <span class='ocrx_word' id='word_1_53' title='bbox 945 1157 1140 1226; x_wconf 83' lang='lat' dir='ltr'>vocabulum</span> <span class='ocrx_word' id='word_1_54' title='bbox 1169 1157 1203 1225; x_wconf 92' lang='lat' dir='ltr'>in</span> 
     </span>
     <span class='ocr_line' id='line_1_8' title="bbox 63 1260 1204 1354; baseline 0.005 -26"><span class='ocrx_word' id='word_1_55' title='bbox 63 1283 162 1328; x_wconf 85' lang='lat' dir='ltr'>causa</span> <span class='ocrx_word' id='word_1_56' title='bbox 178 1261 291 1347; x_wconf 82' lang='lat' dir='ltr'>fuisse,</span> <span class='ocrx_word' id='word_1_57' title='bbox 308 1269 424 1329; x_wconf 91' lang='lat' dir='ltr'>curtot</span> <span class='ocrx_word' id='word_1_58' title='bbox 436 1260 570 1348; x_wconf 90' lang='lat' dir='ltr'>absona,</span> <span class='ocrx_word' id='word_1_59' title='bbox 581 1261 701 1330; x_wconf 90' lang='lat' dir='ltr'>uostris</span> <span class='ocrx_word' id='word_1_60' title='bbox 714 1262 810 1330; x_wconf 78' lang='lat' dir='ltr'>edam</span> <span class='ocrx_word' id='word_1_61' title='bbox 824 1262 1036 1354; x_wconf 87' lang='lat' dir='ltr'>temporibus,</span> <span class='ocrx_word' id='word_1_62' title='bbox 1053 1263 1092 1331; x_wconf 92' lang='lat' dir='ltr'>de</span> <span class='ocrx_word' id='word_1_63' title='bbox 1107 1264 1204 1334; x_wconf 92' lang='lat' dir='ltr'>hocce</span> 
     </span>
     <span class='ocr_line' id='line_1_9' title="bbox 62 1367 1205 1463; baseline 0.005 -28"><span class='ocrx_word' id='word_1_64' title='bbox 62 1367 423 1436; x_wconf 87' lang='lat' dir='ltr'>officiosomniatasint.</span> <span class='ocrx_word' id='word_1_65' title='bbox 439 1368 573 1458; x_wconf 80' lang='lat' dir='ltr'>Refugit</span> <span class='ocrx_word' id='word_1_66' title='bbox 581 1389 640 1460; x_wconf 89' lang='lat' dir='ltr'>per</span> <span class='ocrx_word' id='word_1_67' title='bbox 650 1389 685 1438; x_wconf 90' lang='lat' dir='ltr'>se</span> <span class='ocrx_word' id='word_1_68' title='bbox 700 1369 821 1437; x_wconf 73' lang='lat' dir='ltr'>Vicus-ii</span> <span class='ocrx_word' id='word_1_69' title='bbox 829 1392 946 1438; x_wconf 90' lang='lat' dir='ltr'>nomen</span> <span class='ocrx_word' id='word_1_70' title='bbox 962 1371 1205 1463; x_wconf 86' lang='lat' dir='ltr'>asupponenda</span> 
     </span>
     <span class='ocr_line' id='line_1_10' title="bbox 63 1475 1204 1570; baseline 0.004 -27"><span class='ocrx_word' id='word_1_71' title='bbox 63 1475 287 1567; x_wconf 83' lang='lat' dir='ltr'>perpetuitatis</span> <span class='ocrx_word' id='word_1_72' title='bbox 301 1476 336 1543; x_wconf 93' lang='lat' dir='ltr'>in</span> <span class='ocrx_word' id='word_1_73' title='bbox 351 1475 458 1545; x_wconf 84' lang='lat' dir='ltr'>officio</span> <span class='ocrx_word' id='word_1_74' title='bbox 472 1478 670 1562; x_wconf 82' lang='lat' dir='ltr'>necessitate,</span> <span class='ocrx_word' id='word_1_75' title='bbox 680 1484 711 1544; x_wconf 91' lang='lat' dir='ltr'>et</span> <span class='ocrx_word' id='word_1_76' title='bbox 720 1477 900 1567; x_wconf 74' lang='lat' dir='ltr'>praesertim</span> <span class='ocrx_word' id='word_1_77' title='bbox 913 1487 1037 1568; x_wconf 82' lang='lat' dir='ltr'>pugnat</span> <span class='ocrx_word' id='word_1_78' title='bbox 1050 1501 1126 1547; x_wconf 91' lang='lat' dir='ltr'>cum</span> <span class='ocrx_word' id='word_1_79' title='bbox 1141 1480 1204 1570; x_wconf 91' lang='lat' dir='ltr'>hy-</span> 
     </span>
     <span class='ocr_line' id='line_1_11' title="bbox 63 1583 1204 1676; baseline 0.004 -25"><span class='ocrx_word' id='word_1_80' title='bbox 63 1583 208 1674; x_wconf 88' lang='lat' dir='ltr'>pothesi,</span> <span class='ocrx_word' id='word_1_81' title='bbox 224 1583 311 1676; x_wconf 91' lang='lat' dir='ltr'>quod</span> <span class='ocrx_word' id='word_1_82' title='bbox 333 1585 420 1654; x_wconf 76' lang='lat' dir='ltr'>uices</span> <span class='ocrx_word' id='word_1_83' title='bbox 442 1605 541 1674; x_wconf 78' lang='lat' dir='ltr'>agens</span> <span class='ocrx_word' id='word_1_84' title='bbox 560 1584 710 1675; x_wconf 86' lang='lat' dir='ltr'>Episcopi</span> <span class='ocrx_word' id='word_1_85' title='bbox 729 1585 846 1653; x_wconf 90' lang='lat' dir='ltr'>habere</span> <span class='ocrx_word' id='word_1_86' title='bbox 865 1583 978 1653; x_wconf 88' lang='lat' dir='ltr'>debeat</span> <span class='ocrx_word' id='word_1_87' title='bbox 1002 1586 1145 1654; x_wconf 89' lang='lat' dir='ltr'>tribunal</span> <span class='ocrx_word' id='word_1_88' title='bbox 1163 1588 1204 1655; x_wconf 90' lang='lat' dir='ltr'>ab</span> 
     </span>
     <span class='ocr_line' id='line_1_12' title="bbox 65 1689 1206 1785; baseline 0.004 -27"><span class='ocrx_word' id='word_1_89' title='bbox 65 1693 138 1780; x_wconf 90' lang='lat' dir='ltr'>ipso</span> <span class='ocrx_word' id='word_1_90' title='bbox 161 1691 319 1783; x_wconf 78' lang='lat' dir='ltr'>Episcopo</span> <span class='ocrx_word' id='word_1_91' title='bbox 341 1689 573 1782; x_wconf 88' lang='lat' dir='ltr'>independens.</span> <span class='ocrx_word' id='word_1_92' title='bbox 597 1690 632 1759; x_wconf 94' lang='lat' dir='ltr'>Si</span> <span class='ocrx_word' id='word_1_93' title='bbox 655 1713 745 1780; x_wconf 83' lang='lat' dir='ltr'>ergo,</span> <span class='ocrx_word' id='word_1_94' title='bbox 762 1691 845 1760; x_wconf 91' lang='lat' dir='ltr'>sicut</span> <span class='ocrx_word' id='word_1_95' title='bbox 865 1691 899 1759; x_wconf 92' lang='lat' dir='ltr'>in</span> <span class='ocrx_word' id='word_1_96' title='bbox 920 1691 992 1760; x_wconf 91' lang='lat' dir='ltr'>aliis</span> <span class='ocrx_word' id='word_1_97' title='bbox 1011 1694 1131 1785; x_wconf 88' lang='lat' dir='ltr'>passim</span> <span class='ocrx_word' id='word_1_98' title='bbox 1151 1717 1206 1763; x_wconf 89' lang='lat' dir='ltr'>re-</span> 
     </span>
     <span class='ocr_line' id='line_1_13' title="bbox 65 1797 1206 1893; baseline 0.004 -27"><span class='ocrx_word' id='word_1_99' title='bbox 65 1799 233 1887; x_wconf 82' lang='lat' dir='ltr'>gionibus,</span> <span class='ocrx_word' id='word_1_100' title='bbox 250 1799 336 1867; x_wconf 88' lang='lat' dir='ltr'>itaet</span> <span class='ocrx_word' id='word_1_101' title='bbox 349 1799 384 1865; x_wconf 95' lang='lat' dir='ltr'>in</span> <span class='ocrx_word' id='word_1_102' title='bbox 396 1798 512 1885; x_wconf 86' lang='lat' dir='ltr'>Gallis,</span> <span class='ocrx_word' id='word_1_103' title='bbox 526 1797 684 1868; x_wconf 83' lang='lat' dir='ltr'>Officialis</span> <span class='ocrx_word' id='word_1_104' title='bbox 695 1800 862 1868; x_wconf 89' lang='lat' dir='ltr'>communi</span> <span class='ocrx_word' id='word_1_105' title='bbox 876 1799 1008 1870; x_wconf 90' lang='lat' dir='ltr'>nomine</span> <span class='ocrx_word' id='word_1_106' title='bbox 1023 1801 1145 1870; x_wconf 74' lang='lat' dir='ltr'>Vicani</span> <span class='ocrx_word' id='word_1_107' title='bbox 1151 1825 1206 1893; x_wconf 79' lang='lat' dir='ltr'>pe-</span> 
     </span>
     <span class='ocr_line' id='line_1_14' title="bbox 66 1904 1209 1998; baseline 0.003 -26"><span class='ocrx_word' id='word_1_108' title='bbox 66 1905 191 1973; x_wconf 85' lang='lat' dir='ltr'>ucralis</span> <span class='ocrx_word' id='word_1_109' title='bbox 217 1905 373 1998; x_wconf 80' lang='lat' dir='ltr'>Eprscopi</span> <span class='ocrx_word' id='word_1_110' title='bbox 393 1904 580 1995; x_wconf 79' lang='lat' dir='ltr'>designatus</span> <span class='ocrx_word' id='word_1_111' title='bbox 603 1905 729 1991; x_wconf 84' lang='lat' dir='ltr'>fuisset,</span> <span class='ocrx_word' id='word_1_112' title='bbox 754 1913 787 1974; x_wconf 92' lang='lat' dir='ltr'>et</span> <span class='ocrx_word' id='word_1_113' title='bbox 812 1904 883 1997; x_wconf 89' lang='lat' dir='ltr'>ejus</span> <span class='ocrx_word' id='word_1_114' title='bbox 910 1905 1054 1976; x_wconf 83' lang='lat' dir='ltr'>tribunal</span> <span class='ocrx_word' id='word_1_115' title='bbox 1075 1908 1209 1978; x_wconf 87' lang='lat' dir='ltr'>locusve</span> 
     </span>
     <span class='ocr_line' id='line_1_15' title="bbox 67 2012 1208 2102; baseline 0.004 -20"><span class='ocrx_word' id='word_1_116' title='bbox 67 2013 183 2100; x_wconf 87' lang='lat' dir='ltr'>officii,</span> <span class='ocrx_word' id='word_1_117' title='bbox 200 2035 267 2082; x_wconf 88' lang='lat' dir='ltr'>non</span> <span class='ocrx_word' id='word_1_118' title='bbox 282 2012 476 2099; x_wconf 84' lang='lat' dir='ltr'>officialitas,</span> <span class='ocrx_word' id='word_1_119' title='bbox 492 2012 549 2081; x_wconf 88' lang='lat' dir='ltr'>sed</span> <span class='ocrx_word' id='word_1_120' title='bbox 563 2012 744 2082; x_wconf 60' lang='lat' dir='ltr'>vacuatus</span> <span class='ocrx_word' id='word_1_121' title='bbox 755 2021 888 2082; x_wconf 87' lang='lat' dir='ltr'>vocatus</span> <span class='ocrx_word' id='word_1_122' title='bbox 902 2013 1027 2102; x_wconf 84' lang='lat' dir='ltr'>luisset,</span> <span class='ocrx_word' id='word_1_123' title='bbox 1043 2038 1108 2084; x_wconf 88' lang='lat' dir='ltr'>non</span> <span class='ocrx_word' id='word_1_124' title='bbox 1125 2018 1208 2086; x_wconf 89' lang='lat' dir='ltr'>forte</span> 
     </span>
     <span class='ocr_line' id='line_1_16' title="bbox 67 2119 1210 2212; baseline 0.004 -24"><span class='ocrx_word' id='word_1_125' title='bbox 67 2119 223 2211; x_wconf 88' lang='lat' dir='ltr'>proximo</span> <span class='ocrx_word' id='word_1_126' title='bbox 244 2120 360 2212; x_wconf 89' lang='lat' dir='ltr'>elapsis</span> <span class='ocrx_word' id='word_1_127' title='bbox 377 2119 473 2189; x_wconf 91' lang='lat' dir='ltr'>annis</span> <span class='ocrx_word' id='word_1_128' title='bbox 494 2120 681 2189; x_wconf 85' lang='lat' dir='ltr'>canonicam</span> <span class='ocrx_word' id='word_1_129' title='bbox 702 2142 771 2190; x_wconf 91' lang='lat' dir='ltr'>rem</span> <span class='ocrx_word' id='word_1_130' title='bbox 796 2121 1034 2190; x_wconf 88' lang='lat' dir='ltr'>existimassent</span> <span class='ocrx_word' id='word_1_131' title='bbox 1059 2125 1210 2193; x_wconf 90' lang='lat' dir='ltr'>nonnulli</span> 
     </span>
     <span class='ocr_line' id='line_1_17' title="bbox 67 2225 1210 2324; baseline 0.004 -28"><span class='ocrx_word' id='word_1_132' title='bbox 67 2227 314 2316; x_wconf 86' lang='lat' dir='ltr'>officialitatem,</span> <span class='ocrx_word' id='word_1_133' title='bbox 326 2227 462 2317; x_wconf 78' lang='lat' dir='ltr'>collegio</span> <span class='ocrx_word' id='word_1_134' title='bbox 471 2225 621 2318; x_wconf 84' lang='lat' dir='ltr'>judicum</span> <span class='ocrx_word' id='word_1_135' title='bbox 636 2249 678 2296; x_wconf 85' lang='lat' dir='ltr'>ex</span> <span class='ocrx_word' id='word_1_136' title='bbox 692 2225 791 2296; x_wconf 85' lang='lat' dir='ltr'>officii</span> <span class='ocrx_word' id='word_1_137' title='bbox 812 2228 1024 2320; x_wconf 69' lang='lat' dir='ltr'>perpaucitate</span> <span class='ocrx_word' id='word_1_138' title='bbox 1046 2232 1210 2324; x_wconf 81' lang='lat' dir='ltr'>inamoyi-</span> 
     </span>
     <span class='ocr_line' id='line_1_18' title="bbox 67 2332 1208 2429; baseline 0.004 -27"><span class='ocrx_word' id='word_1_139' title='bbox 67 2334 187 2403; x_wconf 84' lang='lat' dir='ltr'>biliam</span> <span class='ocrx_word' id='word_1_140' title='bbox 200 2334 382 2421; x_wconf 84' lang='lat' dir='ltr'>conflatam,</span> <span class='ocrx_word' id='word_1_141' title='bbox 395 2342 452 2402; x_wconf 88' lang='lat' dir='ltr'>aut</span> <span class='ocrx_word' id='word_1_142' title='bbox 460 2333 512 2402; x_wconf 91' lang='lat' dir='ltr'>his</span> <span class='ocrx_word' id='word_1_143' title='bbox 521 2333 639 2402; x_wconf 91' lang='lat' dir='ltr'>similia</span> <span class='ocrx_word' id='word_1_144' title='bbox 650 2332 872 2403; x_wconf 84' lang='lat' dir='ltr'>deliramenta.</span> <span class='ocrx_word' id='word_1_145' title='bbox 888 2334 961 2404; x_wconf 92' lang='lat' dir='ltr'>Non</span> <span class='ocrx_word' id='word_1_146' title='bbox 977 2342 1087 2404; x_wconf 88' lang='lat' dir='ltr'>tamen</span> <span class='ocrx_word' id='word_1_147' title='bbox 1102 2337 1208 2429; x_wconf 90' lang='lat' dir='ltr'>ipsum</span> 
     </span>
     <span class='ocr_line' id='line_1_19' title="bbox 72 2439 1211 2532; baseline 0.003 -22"><span class='ocrx_word' id='word_1_148' title='bbox 72 2441 232 2532; x_wconf 69' lang='lat' dir='ltr'>officiales</span> <span class='ocrx_word' id='word_1_149' title='bbox 246 2441 440 2511; x_wconf 89' lang='lat' dir='ltr'>vocabulum</span> <span class='ocrx_word' id='word_1_150' title='bbox 455 2440 631 2532; x_wconf 88' lang='lat' dir='ltr'>rejicimus,</span> <span class='ocrx_word' id='word_1_151' title='bbox 647 2462 724 2510; x_wconf 89' lang='lat' dir='ltr'>cum</span> <span class='ocrx_word' id='word_1_152' title='bbox 748 2449 780 2508; x_wconf 91' lang='lat' dir='ltr'>et</span> <span class='ocrx_word' id='word_1_153' title='bbox 795 2439 851 2531; x_wconf 88' lang='lat' dir='ltr'>jus</span> <span class='ocrx_word' id='word_1_154' title='bbox 868 2463 1040 2510; x_wconf 89' lang='lat' dir='ltr'>commune</span> <span class='ocrx_word' id='word_1_155' title='bbox 1056 2450 1087 2510; x_wconf 91' lang='lat' dir='ltr'>et</span> <span class='ocrx_word' id='word_1_156' title='bbox 1101 2443 1211 2512; x_wconf 83' lang='lat' dir='ltr'>Curias</span> 
     </span>
     <span class='ocr_line' id='line_1_20' title="bbox 69 2547 1210 2640; baseline 0.001 -22"><span class='ocrx_word' id='word_1_157' title='bbox 69 2549 229 2618; x_wconf 72' lang='lat' dir='ltr'>Romana</span> <span class='ocrx_word' id='word_1_158' title='bbox 246 2548 349 2640; x_wconf 86' lang='lat' dir='ltr'>stylus</span> <span class='ocrx_word' id='word_1_159' title='bbox 366 2549 413 2639; x_wconf 88' lang='lat' dir='ltr'>(ut</span> <span class='ocrx_word' id='word_1_160' title='bbox 427 2547 513 2616; x_wconf 85' lang='lat' dir='ltr'>infra</span> <span class='ocrx_word' id='word_1_161' title='bbox 525 2547 721 2636; x_wconf 79' lang='lat' dir='ltr'>ostendetur)</span> <span class='ocrx_word' id='word_1_162' title='bbox 738 2570 809 2617; x_wconf 88' lang='lat' dir='ltr'>eam</span> <span class='ocrx_word' id='word_1_163' title='bbox 822 2569 934 2617; x_wconf 86' lang='lat' dir='ltr'>vocem</span> <span class='ocrx_word' id='word_1_164' title='bbox 944 2555 1099 2640; x_wconf 88' lang='lat' dir='ltr'>tanquam</span> <span class='ocrx_word' id='word_1_165' title='bbox 1111 2551 1210 2621; x_wconf 86' lang='lat' dir='ltr'>Vica-</span> 
     </span>
     <span class='ocr_line' id='line_1_21' title="bbox 69 2654 1210 2748; baseline 0.001 -24"><span class='ocrx_word' id='word_1_166' title='bbox 69 2657 113 2724; x_wconf 88' lang='lat' dir='ltr'>rii</span> <span class='ocrx_word' id='word_1_167' title='bbox 127 2657 287 2746; x_wconf 78' lang='lat' dir='ltr'>generalis</span> <span class='ocrx_word' id='word_1_168' title='bbox 311 2676 531 2748; x_wconf 82' lang='lat' dir='ltr'>synonymum</span> <span class='ocrx_word' id='word_1_169' title='bbox 557 2654 746 2745; x_wconf 88' lang='lat' dir='ltr'>receperint.</span> <span class='ocrx_word' id='word_1_170' title='bbox 771 2654 917 2724; x_wconf 87' lang='lat' dir='ltr'>Dicimus</span> <span class='ocrx_word' id='word_1_171' title='bbox 938 2663 1078 2744; x_wconf 84' lang='lat' dir='ltr'>tantum,</span> <span class='ocrx_word' id='word_1_172' title='bbox 1104 2680 1146 2725; x_wconf 90' lang='lat' dir='ltr'>sx</span> <span class='ocrx_word' id='word_1_173' title='bbox 1173 2681 1210 2728; x_wconf 87' lang='lat' dir='ltr'>ea</span> 
     </span>
     <span class='ocr_line' id='line_1_22' title="bbox 70 2761 1210 2854; baseline 0 -22"><span class='ocrx_word' id='word_1_174' title='bbox 70 2764 240 2832; x_wconf 87' lang='lat' dir='ltr'>erroribus</span> <span class='ocrx_word' id='word_1_175' title='bbox 255 2785 367 2832; x_wconf 88' lang='lat' dir='ltr'>ansam</span> <span class='ocrx_word' id='word_1_176' title='bbox 382 2761 587 2854; x_wconf 86' lang='lat' dir='ltr'>aliquatenus</span> <span class='ocrx_word' id='word_1_177' title='bbox 602 2761 764 2852; x_wconf 81' lang='lat' dir='ltr'>praeberi3</span> <span class='ocrx_word' id='word_1_178' title='bbox 782 2761 827 2830; x_wconf 89' lang='lat' dir='ltr'>ita</span> <span class='ocrx_word' id='word_1_179' title='bbox 839 2769 876 2829; x_wconf 91' lang='lat' dir='ltr'>ut</span> <span class='ocrx_word' id='word_1_180' title='bbox 890 2761 987 2830; x_wconf 86' lang='lat' dir='ltr'>hodic</span> <span class='ocrx_word' id='word_1_181' title='bbox 1002 2762 1037 2830; x_wconf 88' lang='lat' dir='ltr'>in</span> <span class='ocrx_word' id='word_1_182' title='bbox 1052 2763 1157 2832; x_wconf 84' lang='lat' dir='ltr'>Gallia</span> <span class='ocrx_word' id='word_1_183' title='bbox 1167 2765 1210 2832; x_wconf 87' lang='lat' dir='ltr'>il-</span> 
     </span>
     <span class='ocr_line' id='line_1_23' title="bbox 70 2867 1213 2960; baseline -0.001 -21"><span class='ocrx_word' id='word_1_184' title='bbox 70 2871 139 2940; x_wconf 84' lang='lat' dir='ltr'>lam</span> <span class='ocrx_word' id='word_1_185' title='bbox 160 2869 201 2938; x_wconf 87' lang='lat' dir='ltr'>do</span> <span class='ocrx_word' id='word_1_186' title='bbox 227 2869 332 2939; x_wconf 91' lang='lat' dir='ltr'>medio</span> <span class='ocrx_word' id='word_1_187' title='bbox 351 2869 421 2938; x_wconf 90' lang='lat' dir='ltr'>tolli</span> <span class='ocrx_word' id='word_1_188' title='bbox 442 2869 522 2938; x_wconf 93' lang='lat' dir='ltr'>utile</span> <span class='ocrx_word' id='word_1_189' title='bbox 544 2867 654 2937; x_wconf 85' lang='lat' dir='ltr'>forsan</span> <span class='ocrx_word' id='word_1_190' title='bbox 676 2867 783 2937; x_wconf 86' lang='lat' dir='ltr'>videri</span> <span class='ocrx_word' id='word_1_191' title='bbox 804 2868 914 2960; x_wconf 91' lang='lat' dir='ltr'>possit.</span> <span class='ocrx_word' id='word_1_192' title='bbox 941 2869 1046 2952; x_wconf 89' lang='lat' dir='ltr'>Quam</span> <span class='ocrx_word' id='word_1_193' title='bbox 1071 2871 1213 2939; x_wconf 86' lang='lat' dir='ltr'>nominis</span> 
     </span>
     <span class='ocr_line' id='line_1_24' title="bbox 72 2973 1210 3069; baseline -0.001 -24"><span class='ocrx_word' id='word_1_194' title='bbox 72 2977 285 3046; x_wconf 89' lang='lat' dir='ltr'>mutationem</span> <span class='ocrx_word' id='word_1_195' title='bbox 299 2976 474 3069; x_wconf 83' lang='lat' dir='ltr'>equolibet</span> <span class='ocrx_word' id='word_1_196' title='bbox 493 2976 528 3044; x_wconf 89' lang='lat' dir='ltr'>in</span> <span class='ocrx_word' id='word_1_197' title='bbox 550 2997 609 3044; x_wconf 92' lang='lat' dir='ltr'>sua</span> <span class='ocrx_word' id='word_1_198' title='bbox 629 2973 759 3046; x_wconf 86' lang='lat' dir='ltr'>dioecesi</span> <span class='ocrx_word' id='word_1_199' title='bbox 778 2975 936 3067; x_wconf 86' lang='lat' dir='ltr'>Episcopo</span> <span class='ocrx_word' id='word_1_200' title='bbox 953 2975 1083 3045; x_wconf 91' lang='lat' dir='ltr'>decerni</span> <span class='ocrx_word' id='word_1_201' title='bbox 1105 2999 1210 3068; x_wconf 89' lang='lat' dir='ltr'>posse,</span> 
     </span>
     <span class='ocr_line' id='line_1_25' title="bbox 72 3083 370 3154; baseline 0 -4"><span class='ocrx_word' id='word_1_202' title='bbox 72 3083 213 3153; x_wconf 90' lang='lat' dir='ltr'>dubium</span> <span class='ocrx_word' id='word_1_203' title='bbox 226 3104 293 3154; x_wconf 89' lang='lat' dir='ltr'>non</span> <span class='ocrx_word' id='word_1_204' title='bbox 312 3091 370 3152; x_wconf 84' lang='lat' dir='ltr'>ost.</span> 
     </span>
    </p>
   </div>
   <div class='ocr_carea' id='block_1_4' title="bbox 538 3295 750 3370">
    <p class='ocr_par' dir='ltr' id='par_1_4' title="bbox 538 3295 750 3370">
     <span class='ocr_line' id='line_1_26' title="bbox 538 3295 750 3370; baseline 0 0"><span class='ocrx_word' id='word_1_205' title='bbox 538 3296 683 3370; x_wconf 84' lang='lat' dir='ltr'>CAPUT</span> <span class='ocrx_word' id='word_1_206' title='bbox 709 3295 750 3370; x_wconf 89' lang='lat' dir='ltr'>ll.</span> 
     </span>
    </p>
   </div>
   <div class='ocr_carea' id='block_1_5' title="bbox 171 3517 1128 3676">
    <p class='ocr_par' dir='ltr' id='par_1_5' title="bbox 171 3517 1128 3676">
     <span class='ocr_line' id='line_1_27' title="bbox 171 3517 1128 3588; baseline 0.001 -18"><span class='ocrx_word' id='word_1_207' title='bbox 171 3520 212 3570; x_wconf 77' lang='lat' dir='ltr'>DE</span> <span class='ocrx_word' id='word_1_208' title='bbox 233 3521 330 3570; x_wconf 69' lang='grc' dir='ltr'>ΗΜΛ</span> <span class='ocrx_word' id='word_1_209' title='bbox 352 3517 485 3568; x_wconf 78' lang='lat' dir='ltr'>NOTIONE</span> <span class='ocrx_word' id='word_1_210' title='bbox 507 3519 688 3568; x_wconf 70' lang='lat' dir='ltr'>wmumrus</span> <span class='ocrx_word' id='word_1_211' title='bbox 710 3519 875 3568; x_wconf 68' lang='lat' dir='ltr'>usamenta</span> <span class='ocrx_word' id='word_1_212' title='bbox 897 3522 1047 3588; x_wconf 72' lang='grc' dir='ltr'><strong>ΕΡΙΕΟΟΡΙ,</strong></span> <span class='ocrx_word' id='word_1_213' title='bbox 1073 3523 1128 3572; x_wconf 75' lang='lat' dir='ltr'>SEU</span> 
     </span>
     <span class='ocr_line' id='line_1_28' title="bbox 525 3628 774 3676; baseline -0.004 -1"><span class='ocrx_word' id='word_1_214' title='bbox 525 3628 774 3676; x_wconf 72' lang='lat' dir='ltr'>orrtctttl‘rrt&#39;rs·</span> 
     </span>
    </p>
   </div>
   <div class='ocr_carea' id='block_1_6' title="bbox 75 3839 1222 4362">
    <p class='ocr_par' dir='ltr' id='par_1_6' title="bbox 75 3839 1222 4362">
     <span class='ocr_line' id='line_1_29' title="bbox 120 3839 1220 3935; baseline 0.002 -23"><span class='ocrx_word' id='word_1_215' title='bbox 120 3840 258 3912; x_wconf 88' lang='lat' dir='ltr'>Interest</span> <span class='ocrx_word' id='word_1_216' title='bbox 283 3839 515 3934; x_wconf 88' lang='lat' dir='ltr'>quamplurimi</span> <span class='ocrx_word' id='word_1_217' title='bbox 536 3840 685 3932; x_wconf 88' lang='lat' dir='ltr'>apprime</span> <span class='ocrx_word' id='word_1_218' title='bbox 707 3840 912 3932; x_wconf 89' lang='lat' dir='ltr'>perspexisse</span> <span class='ocrx_word' id='word_1_219' title='bbox 931 3841 1010 3932; x_wconf 90' lang='lat' dir='ltr'>quid</span> <span class='ocrx_word' id='word_1_220' title='bbox 1034 3844 1168 3935; x_wconf 78' lang='lat' dir='ltr'>praecise</span> <span class='ocrx_word' id='word_1_221' title='bbox 1188 3853 1220 3914; x_wconf 90' lang='lat' dir='ltr'>et</span> 
     </span>
     <span class='ocr_line' id='line_1_30' title="bbox 75 3947 1219 4043; baseline 0.001 -23"><span class='ocrx_word' id='word_1_222' title='bbox 75 3951 290 4020; x_wconf 84' lang='lat' dir='ltr'>determinate</span> <span class='ocrx_word' id='word_1_223' title='bbox 305 3949 347 4016; x_wconf 90' lang='lat' dir='ltr'>sit</span> <span class='ocrx_word' id='word_1_224' title='bbox 361 3949 484 4019; x_wconf 89' lang='lat' dir='ltr'>Vicarii</span> <span class='ocrx_word' id='word_1_225' title='bbox 499 3947 660 4037; x_wconf 85' lang='lat' dir='ltr'>generalis</span> <span class='ocrx_word' id='word_1_226' title='bbox 675 3947 828 4040; x_wconf 86' lang='lat' dir='ltr'>Episcopi</span> <span class='ocrx_word' id='word_1_227' title='bbox 849 3947 994 4016; x_wconf 90' lang='lat' dir='ltr'>officium</span> <span class='ocrx_word' id='word_1_228' title='bbox 1006 3976 1015 4038; x_wconf 89' lang='lat'>;</span> <span class='ocrx_word' id='word_1_229' title='bbox 1033 3971 1090 4018; x_wconf 92' lang='lat' dir='ltr'>seu</span> <span class='ocrx_word' id='word_1_230' title='bbox 1105 3951 1219 4043; x_wconf 91' lang='lat' dir='ltr'>inquo</span> 
     </span>
     <span class='ocr_line' id='line_1_31' title="bbox 75 4054 1219 4149; baseline 0 -23"><span class='ocrx_word' id='word_1_231' title='bbox 75 4067 138 4128; x_wconf 89' lang='lat' dir='ltr'>stet</span> <span class='ocrx_word' id='word_1_232' title='bbox 153 4058 289 4149; x_wconf 86' lang='lat' dir='ltr'>hujusce</span> <span class='ocrx_word' id='word_1_233' title='bbox 303 4055 402 4126; x_wconf 87' lang='lat' dir='ltr'>officii</span> <span class='ocrx_word' id='word_1_234' title='bbox 415 4054 564 4124; x_wconf 89' lang='lat' dir='ltr'>essentia.</span> <span class='ocrx_word' id='word_1_235' title='bbox 583 4054 611 4122; x_wconf 90' lang='lat' dir='ltr'><strong>E</strong></span> <span class='ocrx_word' id='word_1_236' title='bbox 633 4054 768 4123; x_wconf 80' lang='lat' dir='ltr'>couhua</span> <span class='ocrx_word' id='word_1_237' title='bbox 783 4054 870 4122; x_wconf 90' lang='lat' dir='ltr'>euim</span> <span class='ocrx_word' id='word_1_238' title='bbox 887 4055 1037 4124; x_wconf 85' lang='lat' dir='ltr'>minusve</span> <span class='ocrx_word' id='word_1_239' title='bbox 1060 4067 1146 4126; x_wconf 87' lang='lat' dir='ltr'>recta</span> <span class='ocrx_word' id='word_1_240' title='bbox 1160 4058 1219 4126; x_wconf 87' lang='lat' dir='ltr'>hac</span> 
     </span>
     <span class='ocr_line' id='line_1_32' title="bbox 77 4161 1219 4256; baseline -0.002 -22"><span class='ocrx_word' id='word_1_241' title='bbox 77 4167 118 4234; x_wconf 91' lang='lat' dir='ltr'>de</span> <span class='ocrx_word' id='word_1_242' title='bbox 130 4188 167 4234; x_wconf 89' lang='lat' dir='ltr'>re</span> <span class='ocrx_word' id='word_1_243' title='bbox 182 4164 326 4250; x_wconf 90' lang='lat' dir='ltr'>notione,</span> <span class='ocrx_word' id='word_1_244' title='bbox 347 4162 450 4232; x_wconf 86' lang='lat' dir='ltr'>facilis</span> <span class='ocrx_word' id='word_1_245' title='bbox 465 4171 513 4231; x_wconf 90' lang='lat' dir='ltr'>est</span> <span class='ocrx_word' id='word_1_246' title='bbox 533 4162 643 4254; x_wconf 88' lang='lat' dir='ltr'>lapsus</span> <span class='ocrx_word' id='word_1_247' title='bbox 666 4161 700 4228; x_wconf 91' lang='lat' dir='ltr'>in</span> <span class='ocrx_word' id='word_1_248' title='bbox 719 4182 847 4230; x_wconf 88' lang='lat' dir='ltr'>errores</span> <span class='ocrx_word' id='word_1_249' title='bbox 871 4162 1108 4250; x_wconf 83' lang='lat' dir='ltr'>gravissimos3</span> <span class='ocrx_word' id='word_1_250' title='bbox 1129 4167 1219 4256; x_wconf 84' lang='lat' dir='ltr'>peri-</span> 
     </span>
     <span class='ocr_line' id='line_1_33' title="bbox 79 4267 1222 4362; baseline -0.003 -20"><span class='ocrx_word' id='word_1_251' title='bbox 79 4273 256 4362; x_wconf 87' lang='lat' dir='ltr'>culumque</span> <span class='ocrx_word' id='word_1_252' title='bbox 284 4272 445 4338; x_wconf 88' lang='lat' dir='ltr'>enascitur</span> <span class='ocrx_word' id='word_1_253' title='bbox 466 4293 507 4337; x_wconf 88' lang='lat' dir='ltr'>ne</span> <span class='ocrx_word' id='word_1_254' title='bbox 529 4268 629 4336; x_wconf 80' lang='lat' dir='ltr'>curiae</span> <span class='ocrx_word' id='word_1_255' title='bbox 658 4267 853 4359; x_wconf 87' lang='lat' dir='ltr'>episcopales</span> <span class='ocrx_word' id='word_1_256' title='bbox 879 4267 1110 4338; x_wconf 79' lang='lat' dir='ltr'>antiocnenicae</span> <span class='ocrx_word' id='word_1_257' title='bbox 1134 4271 1222 4338; x_wconf 89' lang='lat' dir='ltr'>ordi-</span> 
     </span>
    </p>
   </div>
   <div class='ocr_carea' id='block_1_7' title="bbox 0 0 1549 4980">
    <p class='ocr_par' dir='ltr' id='par_1_7' title="bbox 0 0 1549 4980">
     <span class='ocr_line' id='line_1_34' title="bbox 0 0 1549 4980; baseline 0 0"><span class='ocrx_word' id='word_1_258' title='bbox 0 0 1549 4980; x_wconf 95' lang='lat' dir='ltr'> </span> 
     </span>
    </p>
   </div>
  </div>
 </body>
</html>
