3030 4980
546 503 621 550 raas
644 503 788 551 smuana.
1172 486 1234 552 ³73

91 621 135 691 ab
149 624 211 692 ista
226 624 348 709 divisa,
363 624 449 693 nude
464 623 627 715 appellare
641 648 660 692 a
674 625 807 695 Vinaria
823 627 966 716 generali
982 627 1022 695 ad
1038 628 1235 721 Episcopum

93 740 178 800 esset
192 734 354 826 appellare
370 733 411 802 ab
425 734 539 803 eodem
553 733 593 801 ad
608 734 780 814 cumdem;
798 757 835 804 ae
851 736 987 827 proinde
997 746 1081 806 esset
1097 761 1161 807 non
1178 762 1238 830 ap-

93 840 229 932 pellare,
246 865 320 910 cum
338 841 378 910 de
394 840 617 934 appellationis
629 843 769 910 essentia
783 843 837 930 sit,
855 853 892 912 ut
906 843 962 912 fiat
976 843 1016 912 ad
1026 845 1171 935 judicem
1185 847 1237 915 di-

94 969 229 1017 versum
251 970 271 1016 a
295 949 398 1041 priori
423 947 523 1018 atilli
548 949 760 1040 superiorem.
786 949 876 1019 Idem
900 959 1059 1043 praterea
1086 973 1238 1043 expresse

94 1053 282 1124 decernitur
302 1056 336 1124 in
354 1056 456 1147 capite
479 1059 513 1141 2,
534 1055 619 1125 tituli
642 1060 674 1142 l,
698 1055 774 1124 libri
795 1061 827 1141 1,
851 1057 886 1124 in
906 1067 1011 1142 sexto,
1037 1057 1088 1126 bis
1106 1059 1235 1128 verbis:

93 1164 171 1230 Non
182 1176 344 1253 putamus
356 1162 452 1231 illam
465 1162 744 1244 cousuetudiaern,
761 1175 1024 1256 quantocumque
1043 1177 1187 1258 tempore
1200 1166 1240 1236 dc

90 1271 183 1359 sacto
206 1283 381 1352 cavatam,
409 1292 583 1339 consonam
602 1269 736 1351 rationi,
757 1269 849 1360 quod
867 1270 910 1338 ab
929 1271 1066 1363 officiali
1085 1274 1239 1366 Episcopi

94 1375 143 1444 ud
157 1376 310 1446 cumdem
326 1377 527 1469 Episcopum
540 1375 650 1444 valeat
672 1375 836 1468 appellari
849 1404 860 1444 .·
872 1400 913 1446 ue
927 1378 970 1446 ab
992 1378 1104 1448 eodem
1126 1381 1173 1450 ad
1189 1404 1238 1449 se-

94 1483 205 1574 ipsum
225 1505 302 1552 cum
321 1483 364 1552 sit
385 1483 473 1552 idem
497 1482 704 1552 auditorium
733 1483 915 1574 utriusque,
941 1484 1119 1576 appellatio
1139 1487 1239 1555 iater-

92 1591 205 1682 posita
221 1591 384 1660 videatur.
401 1591 495 1673 Quod
512 1591 724 1682 principium,
737 1591 805 1682 jam
820 1614 920 1682 supra
930 1593 1006 1660 satis
1017 1595 1195 1685 firmatum,
1208 1607 1241 1664 et

96 1699 298 1768 unanimiter
311 1722 331 1768 a
346 1697 532 1768 doctoribus
554 1707 732 1790 receptum,
751 1697 823 1766 ideo
846 1696 1017 1768 dumtaxat
1035 1699 1088 1768 bic
1107 1725 1240 1772 revoca·
1285 1705 1287 1708 ’

96 1829 185 1894 mus,
201 1814 238 1876 ut
260 1807 343 1876 illud
358 1805 563 1898 applicando,
582 1805 740 1876 nonnulla
754 1827 841 1874 nnnc
858 1807 969 1896 magni
985 1810 1139 1877 momenti
1154 1810 1240 1901 ejus·

95 1914 172 1982 dem
187 1913 384 1983 consectaria
398 1911 609 1982 deducamus.
627 1913 734 2000 Unde,

141 2025 176 2088 2⁰
198 2021 329 2092 Certum
347 2029 473 2088 estnon
491 2019 598 2089 valere
621 2019 721 2088 ullam
750 2021 786 2087 in
808 2019 1009 2090 contrarium
1029 2022 1240 2092 consuetudi-

95 2149 185 2215 nem,
202 2128 414 2219 quantumvis
426 2127 561 2218 antiqua
574 2127 627 2194 sit.
641 2127 727 2195 Satis
743 2135 830 2219 patet
845 2149 887 2195 ex
903 2126 1000 2196 modo
1018 2128 1114 2197 citata
1128 2131 1239 2200 decre-

95 2234 153 2302 ali
170 2237 245 2306 Noa
259 2247 445 2327 putamus:
462 2235 495 2302 in
511 2256 576 2325 qua
598 2241 739 2320 notetur,
756 2235 801 2303 ait
816 2235 1012 2320 Leurenius,
1033 2238 1152 2328 «quod
1173 2263 1238 2308 non

99 2369 117 2408 a
142 2342 246 2411 valeat
259 2341 459 2412 consuetudo
474 2342 717 2410 immemorialis
732 2341 917 2433 appellandi
933 2343 1144 2413 aVicarioad
1161 2347 1239 2438 Epi-

99 2477 117 2514 α
141 2473 273 2542 scopum
289 2477 298 2537 ;
313 2473 350 2520 eo
366 2449 453 2542 quod
463 2448 661 2518 consuetudo
671 2471 746 2540 qum
758 2457 807 2518 est
822 2458 933 2518 contra
949 2450 1162 2521 substantiam
1175 2455 1235 2524 rei.

100 2585 118 2624 a
141 2557 182 2624 de
195 2557 270 2649 jure
285 2557 498 2649 impossibilis
512 2563 608 2648 atque
625 2555 858 2624 irrationabilis
871 2555 1012 2647 judicari
1027 2557 1137 2627 debet:
1155 2561 1238 2629 ratio

99 2691 118 2730 a
141 2687 219 2734 vero
234 2689 272 2733 ac
287 2665 389 2733 veluti
404 2663 583 2732 substantia
596 2661 822 2755 appellationis
834 2663 867 2730 in
877 2686 914 2732 eo
925 2665 1088 2753 consistat,
1100 2667 1187 2758 quod
1198 2669 1240 2736 sit

100 2799 117 2836 a
140 2771 182 2840 ad
197 2773 314 2860 alium,
332 2792 471 2864 cumque
487 2771 641 2861 majorem
663 2769 807 2860 judicem
830 2771 1026 2861 provocatio.
1060 2771 1238 2866 Episcopus

98 2907 117 2946 a
141 2887 249 2950 autem
264 2879 398 2972 ejusque
412 2877 565 2948 Vicarins
579 2901 635 2946 scu
650 2877 804 2947 Officialis
820 2878 1007 2970 principalis
1016 2903 1121 2949 unum
1131 2881 1238 2951 idem-

97 3015 114 3052 «
138 3011 203 3080 que
217 2986 359 3056 tribunal
372 2985 504 3072 habent,
519 2985 664 3077 adeoque
680 2994 838 3076 repugnat
855 2985 895 3053 ab
913 2986 975 3053 boc
993 2986 1034 3055 ad
1060 2987 1152 3057 illum
1173 3014 1236 3082 ap-

99 3123 117 3161 a
141 3095 291 3186 pallara»
313 3093 363 3186 (de
384 3093 519 3164 Vicarc'is
536 3093 662 3184 Epioe„
677 3115 747 3185 cap.
767 3096 800 3178 2,
814 3093 951 3184 quaestio
968 3095 1034 3185 rt).
1192 3177 1195 3184 γ

142 3205 175 3270 3⁰
197 3201 333 3271 Etiamsi
347 3208 453 3292 partes
477 3200 678 3268 consentiant
696 3208 732 3267 ut
753 3201 808 3266 fiat
828 3222 848 3267 a
871 3199 1003 3270 Vicario
1031 3204 1173 3292 generali
1195 3207 1236 3274 ad

96 3309 292 3402 Episcopum
306 3305 490 3398 appellatio,
508 3328 573 3374 non
586 3304 706 3375 valebit
718 3304 791 3373 talis
803 3305 990 3397 appellatio,
1004 3314 1036 3376 et
1050 3309 1161 3378 irritus
1177 3313 1238 3380 erit

97 3437 266 3506 processus
278 3413 353 3482 inde
368 3421 516 3498 secutus,
535 3410 623 3504 quod
639 3411 759 3480 invicte
778 3411 924 3504 sequitur
942 3433 982 3480 ex
1006 3413 1077 3506 ipsa
1093 3417 1236 3508 appella-

97 3523 194 3592 tionis
220 3520 379 3590 nullitate.
402 3518 498 3589 Unde
515 3518 637 3586 lrustra
658 3518 836 3610 Episcopus
865 3519 963 3587 talem
988 3521 1235 3613 appellationem

96 3629 264 3722 reciperet,
280 3649 475 3717 causamque
490 3627 559 3717 ipse
566 3624 739 3716 judicaret,
753 3625 805 3694 vel
817 3624 908 3694 alteri
917 3624 1127 3717 judicandam
1142 3653 1231 3699 com-

97 3737 254 3821 mitteret;
269 3734 347 3826 quia
362 3734 432 3802 baec
445 3730 654 3803 omnianulla
665 3739 771 3800 essent
781 3740 878 3823 atque
890 3732 993 3800 irrita.
1006 3733 1102 3825 (Vide
1114 3736 1234 3806 Leure-

96 3843 203 3928 nium,
218 3841 288 3910 loco
302 3840 409 3922 citato,
426 3848 458 3908 et
471 3847 618 3908 auctores
632 3838 674 3907 ab
690 3839 760 3929 ipso
775 3837 955 3929 adductos.)

139 3954 173 4017 4⁰
185 3947 397 4016 Praemissum
409 3955 516 4016 autem
525 3946 759 4016 consectarium
769 3945 815 4014 ita
826 3944 1023 4028 extenditur,
1043 3957 1109 4017 aut
1121 3955 1237 4045 nequi-

100 4085 116 4122 a
132 4057 208 4125 dem
224 4055 318 4124 detur
329 4054 500 4147 appellatio
512 4053 629 4122 talisin
640 4053 882 4144 requirentibus
894 4053 1029 4144 speciale
1046 4057 1235 4130 mandatnm

101 4191 117 4229 a
142 4162 222 4231 dum
249 4185 286 4230 ea
312 4161 411 4230 simul
435 4185 509 4230 cum
536 4167 691 4252 potestate
713 4159 878 4241 ordinaria
907 4161 1078 4231 commissa
1102 4176 1189 4237 sunt.
1215 4197 1232 4234 u

104 4269 309 4364 (leureuius,
321 4269 391 4338 loco
404 4267 528 4356 citato.)
