3030 4980
543 459 619 506 rins
642 461 787 510 sacuam.
1169 445 1231 510 363

86 579 170 647 ralis
183 579 334 672 Episcopi
352 580 485 649 ductor
500 580 701 664 ordinarios,
718 590 751 651 et
764 582 963 652 mandatum
982 582 1137 653 debeata
1151 585 1230 676 lepe,

87 686 204 756 asserit
215 685 429 756 adactoribus
439 689 542 758 teneri
551 690 770 758 communiter
783 690 884 782 (parte
895 695 926 778 1,
938 692 987 759 tit.
1006 691 1190 778 l‚lormula
1201 696 1232 780 l,

89 815 125 864 n.
154 793 221 884 30).
244 795 441 864 immensam
463 803 574 865 autem
592 818 662 866 esse
684 795 854 866 doctorum
876 797 1116 868 multitudinem
1140 797 1234 868 dictae

89 901 261 970 sententie
287 901 522 990 adherentem,
550 903 628 972 satia
652 912 855 996 perspectum
880 904 1011 974 babebit
1038 905 1095 997 qui
1120 905 1236 995 legerit

89 1006 293 1076 Leurenium
318 1008 369 1101 (dc
395 1009 530 1080 Vicoriis
548 1011 674 1102 Episc„
698 1035 727 1080 c.
752 1016 785 1096 2,
808 1035 842 1103 q.
867 1011 935 1102 69).
958 1013 1024 1082 Nos
1042 1035 1084 1082 ex
1104 1012 1144 1080 iis
1163 1013 1233 1104 qui,

91 1122 157 1184 tam
177 1114 219 1184 ab
240 1115 302 1185 isto
328 1124 460 1186 auctore
483 1139 582 1208 quam
601 1140 620 1186 a
641 1117 823 1208 Pignatello
843 1117 1042 1205 indicantur,
1066 1127 1237 1211 sequentes

89 1220 261 1292 dumtaxat
282 1225 534 1294 memorabimus
559 1251 566 1292 :
590 1225 751 1312 Glossam,
780 1226 997 1314 Hostienscm,
1024 1227 1236 1297 Archidiaco-

91 1351 184 1416 num,
201 1329 426 1400 Innocentium
440 1332 501 1416 IV,
515 1333 674 1403 ioannem
690 1333 869 1420 Andream,
885 1335 1055 1421 Aaorium,
1072 1334 1236 1404 Pax-Jor-

91 1436 227 1522 danum,
252 1437 441 1525 Barbetium,
465 1439 695 1530 Ventrigliam,
720 1441 938 1531 Laymauum,
958 1441 1140 1528 Lotterum,
1162 1442 1237 1511 Pir·

91 1543 203 1633 thing,
235 1543 463 1633 Sanchesium,
493 1547 742 1634 Covarruviam,
772 1547 957 1633 Sbrozium,
983 1547 1143 1618 Garoiam.
1176 1549 1236 1618 His

90 1649 174 1718 adde
197 1653 390 1722 recentiores
413 1653 618 1744 generaliter.
640 1654 735 1723 Unde
754 1677 867 1724 revera
887 1656 1069 1724 communis
1087 1655 1152 1724 dici
1175 1680 1258 1749 po·-

91 1764 153 1824 test
177 1755 346 1828 doctorum
373 1761 545 1848 sententia,
573 1784 648 1853 quae
674 1769 760 1831 tenet
784 1761 914 1831 Vinaria
939 1761 1082 1852 generali
1102 1763 1237 1832 ordino·

90 1865 179 1932 riam
205 1865 465 1956 jurisdictionem
496 1877 688 1960 competere.
721 1869 787 1939 Nec
817 1870 1004 1938 attendendi
1034 1880 1111 1938 sunt
1140 1871 1237 1963 pauci

90 1972 147 2062 qui
174 1973 268 2042 citari
294 1983 432 2066 possunt
457 1977 492 2044 in
516 1977 716 2045 contrarium
738 1976 925 2067 scriptores;
951 1977 1029 2069 quia
1049 1978 1084 2044 in
1101 1977 1236 2069 hujusce

90 2078 376 2169 disceptationibus
402 2083 611 2174 reperiuntur
636 2105 763 2174 semper
789 2083 947 2152 nonnulla
972 2084 1158 2154 heteroclita
1183 2108 1237 2154 ca·

89 2187 170 2276 pita,
186 2187 305 2277 quibus
321 2199 448 2281 recepta
463 2191 680 2259 communiter
693 2191 854 2258 sententia
867 2213 933 2258 non
948 2191 1100 2260 arrideat.

134 2297 176 2366 Π.
194 2297 325 2368 Nititur
338 2311 450 2366 cirtem
465 2297 554 2367 dicta
569 2297 730 2366 sententio
745 2298 900 2390 providus
921 2309 952 2366 et
965 2299 1076 2367 solidis
1093 2300 1237 2368 rationi-

90 2405 160 2474 bus.
175 2443 219 2456 ·-
229 2405 313 2475 Nam
328 2410 360 2474 1⁰
376 2407 422 2476 sic
435 2407 532 2496 argui
546 2414 650 2499 potest
665 2432 673 2472 ι
688 2406 810 2475 Vicarii
822 2405 985 2495 generalis
994 2405 1177 2498 jurisdictio
1189 2416 1237 2475 est

88 2512 267 2600 ordinaria,
296 2514 323 2582 si
351 2515 393 2582 sit
422 2536 488 2582 uua
515 2523 547 2582 et
572 2513 685 2582 eadem
712 2536 786 2581 cum
814 2512 1040 2604 jurisdictione
1068 2512 1239 2602 ipsiusmet

88 2619 251 2711 Episcopi,
280 2629 312 2690 et
336 2620 523 2690 nullatenus
546 2620 587 2689 ab
613 2620 675 2688 ista
701 2619 822 2706 diviaa3
852 2619 943 2711 atqui
966 2628 1053 2686 certa
1076 2627 1123 2686 est
1144 2619 1237 2710 ejus·
1308 2691 1310 2696 ,

90 2724 180 2793 modi
199 2727 307 2794 unitas
326 2751 383 2796 seu
405 2727 573 2812 identitas;
594 2749 672 2816 ergo
695 2725 781 2794 dicte
801 2725 983 2816 jurisdictio
1008 2745 1122 2793 revera
1149 2724 1238 2794 ordi-

89 2833 183 2902 naria
196 2841 255 2902 est.
273 2834 378 2926 Major
393 2857 450 2926 per
464 2858 497 2902 se
512 2841 597 2926 patet
613 2863 620 2902 ι
639 2835 667 2900 si
683 2833 770 2902 enim
794 2832 978 2925 jurisdictio
996 2828 1120 2900 Vicarii
1134 2855 1237 2923 gene·

89 2941 169 3008 ralis
188 2963 254 3011 non
274 2942 315 3009 sit
329 2965 348 3010 a
357 2941 583 3033 jurisdictione
599 2941 751 3033 Episcopi
769 2940 887 3026 divisa,
910 2937 966 3006 sed
984 2962 1051 3007 una
1070 2947 1102 3007 et
1124 2938 1237 3008 eadem

88 3071 165 3116 cum
187 3047 256 3134 illa,
277 3071 351 3116 cum
364 3047 549 3139 jurisdictio
569 3047 722 3139 Episcopi
740 3054 827 3116 certo
849 3046 1014 3114 ordinaria
1032 3047 1085 3134 sit,
1107 3047 1239 3139 procul-

88 3155 191 3223 dubio
217 3153 382 3224 ordinaria
407 3155 504 3222 etiam
525 3153 587 3223 erit
610 3153 734 3225 Vicarii
760 3152 921 3243 generalis
944 3151 1141 3243 jurisdictio.
1171 3152 1237 3222 Sed

89 3284 196 3353 neque
222 3262 331 3330 minus
357 3271 443 3331 certa
470 3270 516 3330 est
538 3262 658 3348 minor,
681 3259 944 3352 jurisdictionem
968 3259 1089 3329 scilicet
1116 3262 1237 3331 Vicarii

88 3369 252 3462 generalis
266 3391 335 3438 esse
351 3392 451 3438 unam
471 3393 546 3438 oum
562 3367 789 3460 jurisdictione
814 3366 978 3459 Episcopi,
999 3368 1046 3436 ita
1065 3375 1102 3435 ut
1121 3369 1163 3437 ab
1182 3368 1239 3437 illa
1347 3361 1350 3368 ’

89 3499 297 3569 nequaquam
309 3475 415 3545 divisa
428 3477 469 3545 sit
485 3503 492 3544 :
506 3499 582 3544 nam
595 3475 622 3542 ii
637 3474 704 3544 duo
714 3473 841 3566 judices
856 3473 976 3542 habent
992 3496 1093 3544 unam
1104 3485 1135 3543 et
1148 3497 1238 3543 eam-

89 3585 165 3652 dem
181 3592 277 3675 atque
292 3583 467 3652 indivisam
479 3582 752 3675 jurisdictionem,
768 3581 825 3673 qui
837 3581 884 3648 ita
896 3581 1010 3650 stricto
1023 3603 1119 3650 sensu
1133 3605 1238 3652 unum

88 3697 121 3756 et
135 3687 223 3756 idem
239 3689 383 3757 tribunal
401 3688 533 3774 habent,
554 3696 591 3756 ut
610 3687 754 3756 tribunal
772 3687 870 3755 unius
891 3687 932 3755 ait
952 3689 1085 3757 omnino
1107 3686 1238 3779 dejure

89 3795 235 3864 tribunal
260 3795 406 3884 alterins,
438 3817 576 3886 persona
606 3795 704 3864 unius
734 3816 873 3885 persona
902 3793 1049 3882 alterius,
1080 3797 1238 3865 mntentia

89 3904 189 3972 unius
212 3904 371 3972 sententia
385 3903 534 3990 alterius,
556 3925 615 3971 nec
637 3902 738 3994 possit
757 3901 916 3995 appellari
939 3902 981 3970 ab
1003 3924 1069 3970 uno
1092 3901 1134 3970 ad
1155 3902 1238 3974 alte-

88 4035 178 4097 rum,
202 4011 282 4100 quin
297 4011 478 4104 appelletur
495 4011 536 4080 ab
558 4009 671 4080 eodem
692 4009 734 4077 ad
755 4009 906 4079 eumdem
924 4035 932 4077 ε
950 4009 1041 4100 atqui
1057 4009 1119 4079 boc
1138 4012 1237 4082 modo

89 4141 159 4186 sese
186 4117 283 4186 habet
310 4119 432 4188 Vicarii
461 4117 622 4208 generalis
647 4115 831 4208 jurisdictio
855 4115 988 4184 relative
1018 4113 1059 4184 ad
1086 4117 1236 4212 Episcopi

85 4225 367 4318 jurisdictionem,
397 4249 456 4298 nec
482 4234 586 4320 potest
617 4224 677 4296 hoc
705 4223 939 4298 subtilitatibus
970 4223 1152 4310 obscurari,
1179 4235 1234 4296 aut
