3046 4968
295 463 334 527 80
666 477 840 528 raimerus
864 481 902 526 nu
924 479 1055 528 runicus

293 626 357 671 non
374 624 450 670 vero
462 601 608 671 alteram.
627 602 678 670 Ad
693 625 763 672 eam
777 625 855 672 vero
869 623 943 693 quae
958 601 991 669 in
1005 601 1157 672 docendis
1171 610 1203 670 et
1213 597 1435 671 determinan-

292 709 341 778 dis
355 709 486 800 juribus
505 717 537 778 et
555 709 679 778 caeteris
695 710 886 780 veritatibus
907 709 1089 790 infallibilis
1112 717 1171 796 est,
1189 708 1251 777 hoc
1274 709 1345 800 ipso
1361 731 1434 800 per·

292 817 373 885 tinet
387 816 526 904 edicere,
542 825 574 884 et
586 837 661 908 quae
674 839 734 885 sna
748 816 812 884 sint
827 815 915 908 jura,
933 824 964 884 et
979 838 1054 908 quae
1070 815 1229 902 aliorum;
1249 839 1286 884 ac
1299 815 1436 906 proinde

294 922 505 1015 pronuntiare
535 945 578 991 an
606 922 729 1014 aliquid
756 924 797 990 sit
827 922 892 991 fori
927 923 990 1010 sui,
1019 945 1167 991 unvero
1195 922 1337 991 alterius.
1367 923 1436 990 Hac
1516 973 1517 1012 r

292 1053 391 1122 porro
420 1028 639 1122 praerogative
679 1029 801 1119 gaudet
830 1029 1056 1116 ecclesiastica,
1087 1051 1152 1098 nou
1182 1029 1345 1098 saecmaris
1375 1052 1437 1120 po-

292 1144 400 1208 testas.

337 1244 499 1314 Praeterea
524 1266 571 1313 ea
596 1266 701 1312 causae
724 1244 766 1312 ad
792 1243 1043 1312 ecclesiasticum
1072 1243 1180 1312 lorum
1205 1244 1381 1335 pertinent,
1401 1253 1438 1312 ut

291 1351 478 1420 dictumest
501 1373 612 1442 supra,
629 1373 710 1442 quas
726 1350 790 1418 sibi
813 1349 978 1442 subjacere
998 1373 1056 1441 per
1069 1350 1273 1443 disciplinam
1288 1359 1319 1418 et
1332 1350 1437 1439 legis·
1517 1436 1518 1440 Ἰ

290 1458 444 1528 lationem
459 1481 551 1526 suam
566 1457 750 1547 generalem
763 1457 938 1526 declaravit
947 1467 978 1526 et
990 1457 1128 1526 sancivit
1141 1455 1282 1525 Ecclesia
1293 1486 1301 1536 ;
1314 1457 1438 1549 quippe

291 1588 366 1657 quae
397 1565 524 1654 legibus
553 1566 621 1633 suis
650 1564 890 1633 universalibus
924 1573 955 1632 et
984 1563 1185 1656 disciplinam
1218 1563 1438 1632 universalem
1517 1557 1518 1632 ζ

279 1672 572 1758 constituentibus,
595 1695 765 1763 uunquam
793 1680 897 1762 potest
923 1672 1046 1763 aliquid
1075 1693 1260 1757 erroneum,
1289 1672 1357 1740 sive
1385 1671 1439 1738 in-

289 1778 416 1870 justum
429 1787 461 1847 et
471 1800 609 1869 pravum
621 1777 806 1847 decernere.
820 1779 924 1846 Porro
935 1800 1064 1846 causam
1080 1778 1182 1865 illam,
1195 1786 1307 1847 utrum
1320 1799 1439 1868 nempe

291 1883 401 1975 aliqua
415 1907 513 1953 causa
527 1883 705 1976 spiritualis
721 1884 817 1952 sitan
831 1885 1030 1976 temporalis,
1044 1908 1113 1954 suae
1126 1884 1344 1974 jurisdictioni
1361 1884 1438 1953 vin·
1518 1960 1519 1978 E

291 1988 411 2058 dicavit
427 1990 569 2058 Ecclesia
589 1991 659 2080 lege
682 1989 874 2076 universali,
892 1991 1001 2076 idest,
1019 1992 1121 2083 capite
1144 1990 1186 2059 Si
1201 1991 1310 2082 judee
1328 1995 1380 2077 12,
1396 1992 1439 2060 de

293 2097 464 2165 Sententia
486 2097 772 2178 excommunicat„
791 2097 825 2162 iu
851 2099 869 2163 6
890 2123 897 2164 :
916 2097 961 2164 ibi
984 2099 1070 2165 enim
1094 2097 1203 2187 agitur
1217 2097 1258 2166 de
1284 2098 1439 2166 malefac-
1518 2087 1519 2120 ³

295 2213 363 2271 tore
386 2210 492 2294 capto,
508 2203 567 2293 qui
581 2225 615 2271 se
629 2203 706 2272 dicit
720 2203 886 2288 clericum,
902 2211 934 2270 et
949 2203 988 2271 de
1003 2227 1069 2295 quo
1084 2203 1191 2272 adhuc
1212 2205 1371 2272 incertum
1387 2215 1439 2272 est

295 2321 405 2380 utrum
423 2332 537 2378 revera
553 2310 688 2378 clericus
701 2311 753 2377 sit.
772 2310 922 2378 Deccruit
946 2317 1053 2378 autem
1068 2310 1255 2380 Bouilacius
1268 2311 1344 2380 Vlll
1358 2333 1437 2380 cum

294 2419 335 2487 ad
352 2417 493 2487 tribunal
509 2417 771 2505 ecclesiasticum,
790 2439 855 2486 non
871 2418 1038 2505 seculare,
1056 2440 1125 2486 esse
1145 2417 1339 2488 trahendum
1359 2445 1366 2486 :
1384 2419 1440 2486 Ad
1519 2483 1520 2506 p

286 2525 436 2617 judicem
452 2525 709 2606 ecclesiasticum,
727 2523 806 2615 qaia
820 2523 859 2592 de
873 2546 909 2592 re
921 2524 1133 2594 ecclesiastica
1147 2537 1178 2593 et
1192 2524 1360 2616 spirituali
1379 2576 1432 2609 ...,
1519 2509 1520 2598 l

294 2632 435 2722 capnitio
447 2631 634 2721 pertinebit.

337 2737 470 2808 Accedit
493 2737 676 2806 communis
698 2738 866 2807 doctorum
888 2737 1119 2806 catholicorum
1147 2738 1316 2824 sententia,
1333 2759 1436 2828 quam
1519 2727 1520 2732 ἵ

293 2849 369 2915 satis
386 2853 518 2915 testatur
534 2845 594 2914 hoc
610 2845 704 2913 modo
720 2843 1030 2934 Schmalzgrucbcr:
1049 2845 1264 2912 «Dicendum
1279 2845 1340 2913 hoc
1355 2868 1437 2916 casu

294 2981 312 3020 a
335 2953 531 3022 decisionem
541 2949 583 3020 ad
593 2951 736 3043 judicem
747 2951 995 3020 ecclesiasticum
1009 2951 1170 3043 pertinere
1188 2979 1195 3019 :
1210 2951 1256 3019 itu
1268 2953 1437 3020 Covarru-

294 3086 312 3129 c
336 3062 404 3129 vias
416 3111 468 3146 ...,
482 3060 586 3128 Marta
598 3110 649 3144 ...,
662 3057 757 3128 Oliva
772 3109 824 3143 ...,
837 3067 879 3144 et,
894 3058 955 3128 hoc
968 3067 1058 3144 teste,
1070 3059 1289 3150 receptissima
1301 3059 1437 3128 traditio

295 3193 313 3233 a
336 3167 495 3236 omnium.
513 3166 663 3236 Sumitur
677 3165 761 3234 clare
774 3187 815 3234 cx
828 3165 932 3256 capite
947 3166 988 3233 Si
997 3165 1105 3255 judea
1123 3170 1175 3250 12,
1193 3165 1233 3233 de
1259 3168 1438 3234 Sententia

292 3296 310 3341 c
336 3273 689 3353 eccommnnicationis,
715 3273 748 3339 in
777 3278 809 3360 6,
834 3273 880 3339 ibi
906 3299 913 3339 :
942 3271 1084 3363 quiade
1109 3273 1376 3342 reeoclcsiastica
1402 3288 1438 3342 et

295 3407 312 3446 a
335 3379 513 3472 spirituali.
536 3379 630 3446 Ratio
650 3388 697 3445 est
716 3380 792 3470 quia
816 3377 919 3470 judex
942 3378 1108 3447 saecularis
1131 3379 1310 3469 judicando
1331 3378 1371 3446 de
1397 3403 1439 3449 re

295 3515 311 3555 a
335 3487 497 3578 spirituali
512 3486 638 3554 excedit
652 3486 772 3554 limites
795 3507 863 3554 suae
880 3489 1045 3578 potestatis
1065 3513 1072 3554 :
1090 3509 1156 3554 non
1170 3487 1298 3555 excedit
1312 3487 1438 3557 limites

294 3624 311 3660 n
334 3617 403 3664 sum
420 3593 582 3685 potestatis
595 3591 697 3684 judex
710 3592 942 3662 ecclesiasticus
952 3593 1129 3685 judicando
1142 3594 1181 3662 dc
1193 3616 1228 3662 re
1244 3596 1412 3685 temporali
1430 3627 1438 3676 ;

294 3731 310 3768 a
335 3712 410 3771 uam
427 3700 479 3768 hic
506 3708 637 3768 nonest
658 3700 794 3791 incapax
815 3700 1050 3790 jurisdictionis
1072 3700 1270 3792 temporalis,
1287 3701 1369 3770 sicut
1384 3711 1439 3770 ta-

295 3837 312 3876 «
337 3833 410 3878 men
426 3808 479 3875 illc
494 3816 543 3874 est
555 3807 691 3897 incapax
711 3806 945 3897 jurisdictionis
960 3808 1147 3898 spiritualis.
1166 3810 1267 3900 Atqui
1288 3809 1439 3899 periculo

296 3943 313 3982 a
336 3919 381 3984 sic
403 3912 580 3983 excedendi
606 3913 725 3981 limites
749 3916 912 4004 potestatis
933 3937 1002 3982 suae
1019 3937 1053 3982 sc
1074 3915 1228 4006 objiceret
1249 3915 1350 4006 judex
1367 3939 1440 3986 sae-

295 4051 319 4088 <r
336 4022 466 4106 colaris,
483 4022 510 4089 si
534 4021 707 4112 Judicaret,
724 4021 854 4110 quando
877 4020 1012 4090 dubium
1038 4030 1085 4088 est
1109 4044 1151 4088 au
1166 4043 1262 4089 causa
1278 4022 1319 4088 sit
1334 4023 1439 4112 spiri-

296 4155 313 4194 «
338 4129 432 4196 tualis
449 4153 456 4195 :
475 4149 550 4194 nam
579 4127 660 4194 forte
686 4126 862 4216 spiritualis
882 4137 929 4194 est
949 4155 956 4194 :
980 4150 1070 4215 ergo.
1089 4153 1106 4193 n
1129 4129 1177 4220 (lu
1199 4129 1327 4198 titulum
1353 4135 1364 4195 l
1394 4131 1440 4202 dc

292 4235 439 4315 tradate,
457 4233 565 4302 libr-'12
582 4231 810 4320 Decretalium‚
829 4240 864 4300 u⁰
883 4237 948 4323 55.)
