3046 4968
553 545 628 592 rens
652 543 757 592 euml.
1167 521 1227 586 tle

91 691 107 727 ι
130 663 188 734 leri
208 692 260 751 ...;
277 666 387 758 sicque
405 665 445 734 dc
466 665 562 752 lacto,
581 667 608 734 si
628 689 694 735 non
713 665 836 752 omniu,
856 664 968 734 saltem
989 663 1143 758 pleraque
1163 667 1229 734 cri-

92 801 108 834 ι
131 773 231 860 mina,
246 773 354 864 quoad
368 796 496 865 pmnem
510 769 718 862 irrogandam
734 781 811 840 sunt
823 773 917 841 mixti
928 771 990 840 lori
1007 800 1013 840 :
1031 795 1230 864 quemquem

93 904 108 940 ι
131 878 170 944 de
193 879 427 948 consuetudine
454 879 646 972 plerumque
669 879 810 947 Ecclesia
829 878 1031 970 punitionem
1053 878 1229 947 criminum

94 1011 109 1048 ι
130 987 214 1056 inter
227 986 325 1055 laicos
338 987 587 1056 commissorum
603 986 765 1077 relinquat
776 985 880 1078 judici
895 985 1056 1053 saeculeri.

134 1121 150 1156 ι
175 1093 319 1162 Additur
334 1094 386 1162 hic
402 1103 551 1162 nolenter
565 1093 682 1160 saltem
692 1092 853 1185 pleraque
872 1092 1014 1161 crimina
1032 1119 1042 1159 :
1058 1094 1136 1184 quie
1153 1093 1229 1163 hinc

94 1227 108 1264 ι
129 1201 237 1292 excipi
253 1199 347 1268 debet
359 1201 482 1268 crimen
497 1201 639 1276 lerereeis.
656 1208 767 1291 utpote
779 1199 866 1290 quod
880 1208 927 1268 est
941 1221 1027 1268 mere
1039 1200 1232 1268 ecclesiasti-

93 1343 107 1380 ι
129 1340 204 1384 cnm
223 1315 336 1407 (capite
349 1313 584 1407 inquisitionis,
597 1313 637 1383 de
652 1313 830 1396 liereticis,
846 1315 881 1383 in
899 1315 945 1404 6);
961 1337 999 1383 ec
1012 1315 1148 1406 proinde
1162 1337 1230 1384 res·

93 1451 106 1486 ι
130 1432 223 1514 peetu
243 1423 315 1513 ejus
338 1423 427 1491 solus
441 1419 545 1514 judex
565 1421 810 1508 ecclesiasticus,
831 1443 895 1491 non
922 1430 1031 1490 eutem
1050 1423 1227 1508 saeculeris,

93 1556 106 1594 ι
128 1530 225 1598 etiem
234 1529 321 1597 inter
332 1529 430 1598 laicos
441 1537 488 1596 est
497 1537 694 1620 competens.
707 1529 864 1610 Quemvis
873 1529 1045 1597 saecnlercs
1054 1529 1227 1621 principes,

93 1665 106 1702 ι
126 1646 299 1731 potestates
319 1660 357 1706 eo
375 1645 514 1706 rectores
533 1635 692 1721 locorum,
709 1636 750 1704 ed
770 1636 1053 1705 commonitionem
1071 1645 1102 1704 et
1117 1638 1230 1728 requi-

92 1773 105 1808 ι
127 1747 278 1815 sitionem
304 1744 551 1836 Episcoporum,
576 1751 746 1811 tencantur
774 1743 914 1812 fideliter
935 1751 1031 1834 etque
1057 1744 1231 1813 efficaciter

90 1881 105 1916 ι
127 1852 305 1922 Ecclesiam
329 1859 442 1919 contre
461 1851 630 1919 haeretieos
654 1873 832 1942 eorumque
851 1851 994 1918 fautores
1013 1849 1171 1942 adjuvere
1192 1874 1230 1918 ec

91 1985 105 2024 ι
127 1959 313 2038 defendere,
328 1958 424 2049 juxte
437 1957 584 2026 ollicium
602 1965 634 2024 et
648 1977 741 2048 posse
755 1979 865 2025 suum.
883 1981 900 2020 n
922 1955 1011 2048 (Cep.
1031 1955 1081 2024 Ad
1093 1957 1230 2026 adolen-

88 2065 176 2147 dam,
193 2074 226 2134 et
239 2089 310 2158 cop.
329 2065 675 2147 Encommunicomne,
693 2063 733 2132 de
747 2063 939 2154 Haereticis.)

16 2203 17 2208 ι
132 2201 148 2236 ιι
173 2173 343 2254 Similiter,
370 2171 458 2263 quod
480 2171 622 2240 simonia
642 2172 684 2238 sit
707 2172 831 2239 crimen
856 2191 943 2240 mere
965 2169 1225 2258 ecclesiasticum,

92 2307 107 2343 ι
128 2289 225 2371 atque
240 2280 313 2349 ideo
331 2280 432 2370 juder
449 2277 614 2347 saecularis
634 2299 699 2347 nou
720 2279 821 2370 possit
834 2277 944 2369 aliquo
966 2277 1062 2346 modo
1076 2301 1110 2346 ee
1130 2279 1171 2348 de
1189 2303 1229 2348 eo

92 2417 106 2452 ιι
130 2389 357 2474 intromittere,
367 2409 471 2478 neque
481 2407 684 2475 cognoscere,
695 2393 782 2454 tenet
792 2385 1231 2471 Abbes...,Clerus...‚Fe-

16 2503 17 2544 ³
93 2521 107 2558 ι
130 2495 272 2564 rinecius
292 2547 343 2580 ...,
361 2494 463 2562 citans
478 2492 625 2560 doctores
640 2493 867 2561 communiter.
886 2493 927 2560 llt
943 2492 1099 2561 merito.»
1123 2493 1227 2583 (licil-

16 2683 17 2688 ἵ
88 2602 238 2687 lenstuel,
257 2603 291 2669 in
305 2602 353 2668 tit.
373 2605 406 2688 2,
423 2600 534 2668 libri2
553 2600 693 2686 liceret,
708 2622 741 2668 n.
762 2600 850 2688 ree.)
