3056 4972
582 486 656 530 raas
680 487 785 532 curua.
1187 469 1250 534 203

109 627 221 674 coram
238 605 347 697 jndice
366 605 589 676 ecclesiastico.
614 605 699 676 Nam
719 607 755 676 in
773 608 869 678 citato
887 608 991 700 capite
1008 607 1127 678 Clerici
1144 609 1189 700 (t,
1210 611 1252 677 ti-

109 714 170 782 tuli
186 718 241 800 37,
257 712 334 784 libri
355 717 369 782 1
389 713 545 804 Deerat),
561 714 736 807 prohibitio
752 714 829 783 talia
844 737 982 784 munera
996 715 1168 784 exercendi
1184 738 1252 788 res-

109 821 266 912 tringitur
284 821 336 890 bis
355 821 464 892 verbis
479 843 592 890 coram
606 821 756 891 saeculari
763 821 880 913 judice
895 849 906 888 :
920 844 998 912 orgo
1009 821 1186 916 prohibitio
1201 823 1252 892 lo-

110 951 187 997 cum
202 929 377 998 nonhabet
391 929 525 998 relative
539 928 581 998 ad
593 929 720 998 curiam
736 929 997 998 ecclesiasticam.
1015 929 1056 998 Et
1069 928 1252 1000 anundum

109 1057 187 1104 cum
203 1035 360 1126 Pirrhing
377 1036 423 1128 (in
440 1035 571 1106 titulum
589 1041 643 1122 37,
663 1037 739 1105 libri
756 1042 769 1104 1
788 1038 931 1123 Deerat,
950 1059 984 1104 n.
1003 1027 1049 1128 8),
1067 1037 1100 1106 id
1115 1037 1253 1129 intelligi

110 1141 226 1212 debere
241 1142 350 1235 quoad
364 1165 419 1212 aas
433 1143 535 1214 etiam
550 1165 675 1232 minas,
692 1166 767 1236 quse
781 1143 856 1213 licet
870 1165 928 1234 per
940 1167 974 1212 ae
988 1144 1195 1236 temporales,
1211 1145 1253 1214 ad

109 1249 255 1318 tribunal
273 1260 384 1320 tamen
403 1250 656 1320 ecclesiasticum
673 1251 849 1343 pertinent,
866 1251 934 1321 sive
950 1251 1076 1320 ratione
1090 1272 1251 1343 personae,

110 1365 190 1446 puta
208 1357 297 1448 quod
313 1355 446 1447 litigans
467 1358 509 1426 sit
526 1357 675 1444 clericus,
699 1357 768 1426 sive
783 1357 909 1426 ratione
924 1357 1053 1448 objecti,
1071 1366 1109 1426 ut
1124 1359 1254 1450 quando

109 1462 257 1553 litigatur
270 1463 310 1532 da
325 1465 461 1534 tenenis
474 1464 569 1534 bonis
583 1472 641 1534 aut
650 1463 792 1555 juribus,
810 1465 851 1534 ab
866 1464 976 1556 aliqua
990 1463 1123 1534 ecclesia
1138 1465 1249 1556 acqui·

110 1569 193 1638 sitis.

159 1677 340 1782 3⁶1tiacopi
362 1687 394 1748 et
415 1678 605 1748 subdiaconi
625 1700 736 1748 coram
756 1678 905 1747 saeonlari
927 1676 1037 1770 judica
1062 1678 1255 1769 regulariter

110 1793 277 1876 nequeunt
291 1807 360 1854 case
375 1785 523 1854 advocati
538 1809 597 1854 neo
611 1793 848 1877 procuratores.
865 1784 961 1854 Clara
974 1785 1063 1853 enim
1078 1793 1126 1852 est
1142 1787 1256 1877 prohi-

109 1889 217 1960 bitio:
238 1892 353 1961 Clerici
372 1893 408 1960 in
427 1891 665 1962 subdiaconatu
680 1905 711 1961 et
729 1914 831 1983 supro
901 1913 1013 1960 coram
1028 1893 1180 1960 scortari
1192 1894 1255 1984 ju-

110 1999 181 2068 dice
207 1999 360 2068 aduocati
384 2001 420 2068 in
447 2001 584 2091 repotiis
610 2000 819 2069 sacularibus
839 1999 916 2091 ficri
941 2021 1008 2068 uon
1032 2014 1252 2090 presumeret.

113 2107 204 2196 [Cap.
221 2110 252 2192 1,
270 2107 355 2176 titidi
371 2111 425 2194 37,
438 2107 541 2176 librit
556 2107 696 2196 Deerat.)
712 2107 763 2176 Ex
779 2129 817 2174 eo
832 2116 942 2176 autem
957 2105 1103 2198 quodibi
1118 2105 1256 2176 addatur

109 2215 145 2280 iu
157 2213 295 2304 ocqotiis
306 2214 526 2296 saecularibus,
545 2214 709 2284 concludit
724 2213 883 2303 Pirrhing
894 2213 978 2305 (loco
993 2213 1101 2304 citato)
1121 2214 1200 2305 ipsis
1215 2214 1256 2283 li·

110 2343 184 2390 cere
203 2320 239 2388 iu
261 2322 397 2413 nepotiis
412 2323 641 2404 ecclesiasticis,
658 2344 771 2391 coram
789 2321 940 2390 saeoulari
953 2320 1063 2412 jndice
1083 2321 1256 2392 advocatos

108 2451 227 2518 agere3
245 2429 301 2498 sed
313 2429 424 2500 minus
438 2441 524 2498 reete
537 2431 694 2522 supponit
706 2452 799 2521 posse
813 2449 962 2522 unquam
974 2429 1009 2496 in
1021 2428 1092 2498 loro
1106 2430 1256 2500 soeculari

109 2535 256 2626 legitime
276 2536 417 2628 pendue
439 2559 553 2606 causas
570 2537 814 2623 ecclesiasticos;
839 2559 917 2606 cnm
942 2537 1014 2604 istae
1036 2536 1255 2628 jurisdictioni

111 2643 264 2712 Ecclesiae
278 2645 444 2713 exclusive
455 2645 657 2736 subjaceant;
676 2644 739 2712 uisi
753 2667 847 2712 casus
861 2643 902 2711 sit
913 2641 953 2711 da
967 2642 1006 2711 iis
1020 2644 1209 2733 regionibus
1220 2645 1255 2714 in

108 2749 231 2840 quibus
243 2751 320 2842 jura
335 2751 486 2820 Ecclesiae
504 2760 642 2843 potestas
659 2751 828 2819 saeoularis
846 2773 910 2818 non
925 2751 1082 2841 agnoscit.

157 2862 191 2924 i·
207 2857 334 2927 Dantur
349 2871 459 2927 tamen
475 2858 672 2951 praecedenti
687 2858 887 2928 conclusioni
905 2858 1072 2926 nonnullas
1088 2855 1254 2947 exceptio-

109 2987 189 3052 nes;
208 2964 298 3033 addit
317 2966 407 3034 enim
426 2966 505 3035 lex:
524 2966 597 3038 Nisi
611 2966 788 3058 propriam
806 2988 940 3034 causam
956 2965 1008 3033 ocl
1021 2963 1171 3034 Ecclesiae
1188 2985 1255 3030 suu

103 3070 232 3160 fisci-int
241 3072 416 3160 prosecuti,
435 3083 495 3139 out
503 3094 569 3162 pro
585 3069 824 3139 miserabilibus
834 3073 921 3162 sorte
932 3068 1077 3160 personis
1093 3091 1166 3160 quac
1174 3091 1255 3159 pro-

102 3175 203 3267 prias
217 3197 331 3244 causas
342 3176 575 3245 administrare
588 3200 652 3245 uon
662 3188 811 3269 possunt.

158 3287 191 3349 5ο
205 3283 382 3352 Promissa
397 3283 573 3376 prohibitio
586 3284 772 3376 postulandi
791 3307 849 3354 seu
862 3282 1066 3353 advocatiam
1081 3283 1255 3351 exercendi

108 3411 223 3458 coram
239 3389 388 3459 enodari
397 3389 520 3483 judice,
532 3390 618 3460 cadit
631 3391 729 3460 etiam
744 3392 780 3460 in
795 3391 1001 3483 presbyteros
1012 3397 1045 3459 et
1055 3388 1229 3482 Episcopos
1246 3417 1253 3456 :

108 3497 342 3566 diciturenim
362 3499 471 3568 cleriei
492 3499 526 3568 in
541 3499 777 3568 subdiaconatu
798 3511 829 3566 et
849 3521 951 3590 supra
972 3519 1083 3567 coram
1107 3494 1255 3566 saeculari

103 3603 221 3694 judice
235 3604 383 3675 advocati
396 3606 468 3674 ficri
482 3629 549 3675 non
563 3615 780 3699 praesumant.

157 3717 192 3780 θ’
207 3713 261 3780 An
272 3719 383 3782 antem
397 3714 546 3783 sacerdos
560 3714 660 3805 possit
675 3735 743 3782 ease
755 3711 930 3782 advocatus
943 3721 975 3782 et
986 3717 1176 3805 procurator
1191 3709 1254 3778 sal-

108 3831 179 3891 tem
202 3842 325 3890 coram·
335 3819 447 3912 judice
467 3819 702 3890 ecclesiasticol
723 3821 851 3910 Negant
870 3818 1016 3889 doctores
1036 3817 1255 3888 communiter

105 3927 200 4019 (vide
232 3925 541 4019 Sohmalzgrneber,
573 3929 608 3996 in
633 3926 768 3997 titulum
795 3931 849 4013 37,
871 3925 947 3996 libri
974 3929 987 3994 1
1015 3925 1252 4012 Decretalinm,

106 4061 143 4104 n.
164 4039 219 4122 10,
235 4043 267 4102 ct
279 4033 446 4125 Pirrhing,
460 4035 496 4102 in
511 4033 668 4104 eumdem
681 4035 826 4124 titulum,
840 4057 875 4105 n.
893 4037 936 4124 9).
954 4033 1148 4103 Fundantnr
1163 4043 1253 4103 textu

102 4143 181 4233 ipso
195 4140 290 4230 legis,
306 4142 363 4232 qni
378 4141 540 4233 ejusmodi
560 4141 665 4212 officia
686 4141 914 4212 universaliter
931 4139 1075 4210 decernit
1096 4141 1253 4211 sacerdoti

104 4250 221 4336 vetita,
233 4248 355 4341 absque
366 4248 432 4319 ulla
443 4247 706 4319 ecelesiastieivel
718 4245 1012 4341 sacularisjudicis
1024 4247 1250 4318 distinctione:
