3046 4968
569 487 643 534 urus
665 489 772 536 reme.
1200 467 1240 534 79

104 615 135 676 et
152 609 374 700 pronuntiare,
391 629 427 678 ac
450 607 585 702 proinde
609 633 721 680 cousus
744 609 930 702 spirituales
948 610 1109 702 judicare.
1127 609 1243 679 cause

103 741 182 786 vero
195 716 381 808 spirituales
396 739 462 785 non
477 715 631 785 desinunt
647 717 681 784 in
696 718 831 786 salutem
849 717 1035 786 animarum
1052 717 1191 788 influere
1204 739 1243 786 eo

104 825 188 916 quod
205 825 333 916 aliquos
349 845 459 892 secum
474 823 652 892 trahentis
670 825 819 894 societate
841 826 991 894 saeouluri
1006 825 1158 911 effectus3
1176 827 1243 893 imo

103 933 144 1000 ad
157 934 343 1000 animarum
362 932 483 1001 bonnm
500 931 683 1022 spirituale,
701 941 923 1024 mtememque
941 933 1077 1002 salutem
1097 932 1241 1024 expedit,

103 1047 140 1107 ut
164 1039 355 1131 hujusmodi
379 1039 509 1107 effectus
536 1048 726 1130 sequantur,
750 1040 829 1130 qnia
854 1040 997 1132 alioquin
1023 1040 1139 1108 nocive
1161 1040 1244 1108 foret

105 1147 162 1214 tini
177 1145 331 1216 Ecclesiae
352 1145 538 1236 temporalis
558 1145 702 1214 societas.
721 1146 809 1235 Ergo
830 1147 917 1214 Deus
938 1150 994 1238 qui
1019 1147 1192 1215 Ecclesiam
1210 1145 1246 1214 in

102 1254 198 1323 terris
226 1252 439 1337 instituendo,
462 1252 564 1321 voluit
589 1275 660 1322 eum
686 1275 779 1345 posse
812 1254 1073 1346 ordinareque
1101 1253 1160 1320 fini
1185 1277 1245 1322 suo

102 1359 292 1452 attingendo
307 1361 486 1430 necessaria
502 1368 625 1428 suntet
648 1370 842 1453 opportune,
860 1361 966 1430 voluit
981 1361 1075 1429 etiam
1097 1362 1159 1454 ipsi
1178 1384 1244 1430 non

103 1468 213 1537 deesse
234 1468 319 1536 hunc
342 1475 544 1558 potestatem,
562 1467 692 1558 quando
714 1489 756 1534 ex
778 1467 880 1558 ipsius
901 1466 1037 1536 decretis
1062 1477 1093 1536 et
1113 1468 1244 1559 judiciis

101 1577 203 1666 aliqui
233 1583 414 1668 sequnntur
437 1575 645 1666 temporalem
670 1575 851 1644 societatem
876 1575 1069 1664 attingentes
1091 1575 1241 1654 effectum

102 1691 187 1751 etex
204 1683 273 1774 ipss
288 1681 454 1766 Ecclesiae,
473 1689 569 1772 prout
592 1681 697 1749 locum
721 1681 847 1767 babuit,
863 1681 1066 1750 institutione
1082 1683 1244 1774 seqnitur,

102 1791 222 1858 debere
235 1797 424 1881 potestatem
439 1789 626 1856 saecularem
644 1789 703 1856 bos
718 1788 849 1856 effectus
870 1790 1044 1880 suscipere,
1062 1798 1093 1856 et
1111 1790 1158 1856 eis
1176 1813 1245 1858 sese

101 1906 132 1965 et
147 1898 296 1986 regimen
312 1918 408 1963 suum
423 1895 677 1965 accommodare.

147 2003 324 2090 Praeteree,
340 2025 406 2072 non
420 2011 528 2094 posset
542 2001 705 2070 secularis
725 2009 876 2092 potestas,
894 2004 955 2070 sub
971 2001 1130 2070 dictorum
1146 2004 1245 2072 elleo-

101 2121 198 2180 tuum
223 2118 386 2201 praetextu
407 2131 520 2177 causas
543 2108 726 2200 spirituales
751 2107 811 2176 sibi
832 2108 999 2176 vindicare
1024 2117 1055 2176 et
1078 2108 1245 2198 dirimere,

102 2218 190 2308 quin
203 2219 274 2284 vioe
289 2239 384 2284 uerso
406 2224 621 2308 sequerentur
634 2216 667 2282 iu
691 2215 840 2282 societate
856 2215 1066 2283 ecclesiastiea
1087 2215 1217 2284 effeetus
1236 2244 1243 2284 :

3 2359 5 2398 i
100 2327 123 2392 ii
149 2333 274 2408 autem,
289 2324 332 2391 ob
358 2323 559 2391 deiicientem
586 2323 620 2389 iu
643 2322 789 2412 principe
814 2323 960 2390 saeonlsri
984 2322 1247 2392 infallibilitatem

101 2433 191 2500 circa
205 2429 467 2498 determinandus
482 2451 532 2497 res
553 2429 738 2520 spirituales
755 2428 841 2496 etad
863 2427 959 2496 [idem
987 2429 1195 2520 pertinentes,
1212 2432 1245 2498 iu

101 2539 283 2606 discrimen
307 2547 498 2628 perpetuum
522 2535 719 2603 adducerent
741 2535 907 2624 religionis
920 2545 952 2602 et
971 2535 1074 2626 ipsius
1096 2536 1245 2604 Ecclesia

102 2645 339 2734 integritatem.
358 2645 395 2712 ln
415 2644 550 2712 crimine
576 2641 749 2728 baereseos,
764 2643 854 2709 verbi
878 2643 994 2730 gratie,
1008 2643 1098 2710 nulle
1118 2644 1247 2734 speciali

99 2751 327 2845 praerogativa
341 2751 498 2819 divinitus
512 2757 640 2841 accepta
655 2749 753 2840 pollet
768 2748 871 2841 judex
887 2747 1063 2832 saecularis,
1080 2773 1144 2840 qna
1159 2772 1246 2842 prae-

5 2927 6 2946 ,
100 2857 275 2926 munietur
297 2881 315 2926 e
334 2857 512 2949 judicando
531 2866 685 2946 tanquam
711 2857 875 2942 haeretico,
892 2879 968 2924 eum
990 2857 1046 2947 qni
1073 2857 1245 2926 baereticus

5 2953 10 3000 ³
99 2985 175 3031 non
189 2970 248 3049 est,
266 2972 402 3031 autnon
419 2963 581 3049 haeretico,
600 2985 674 3030 eum
698 2963 755 3053 qui
775 2972 882 3030 tamen
898 2962 1069 3030 baereticus
1083 2972 1141 3030 est.
1159 2964 1247 3053 Ergo

5 3107 6 3122 κ
98 3078 197 3138 anta
219 3069 309 3138 nullo
330 3069 469 3160 judicari
493 3076 646 3161 poterunt
669 3091 775 3136 ceusae
798 3067 981 3159 spirituales
1005 3091 1079 3160 ques
1098 3067 1246 3138 effectum

98 3177 248 3267 aliquem
265 3176 394 3245 civilem
419 3177 566 3262 trahunt,
580 3174 667 3267 qnod
692 3175 870 3243 absurdum
886 3184 951 3261 est;
968 3184 1024 3244 eut
1039 3175 1247 3245 dicendumst

6 3353 7 3374 ,
95 3283 213 3375 jndice
227 3283 440 3351 ecclesiastico
455 3305 510 3352 eas
524 3303 593 3350 esse
614 3281 824 3352 dirimendas.

150 3391 185 3454 3·
200 3387 334 3456 Accedit
348 3387 516 3456 doctorum
532 3388 764 3456 catholicorum
779 3388 962 3457 communis
976 3389 1144 3458 sententia.
1164 3389 1246 3458 Nam

98 3501 223 3588 praeter
253 3494 425 3586 quosdam,
449 3494 653 3586 janseniann,
681 3503 737 3562 aut
763 3495 979 3583 gallicanismi
1005 3495 1248 3588 parlamenterii

100 3604 177 3671 labe
192 3602 340 3690 iniectos,
353 3603 459 3671 caeteri
474 3625 588 3671 omnes
599 3624 712 3670 causes
726 3602 909 3695 spirituales
921 3603 1044 3696 absque
1059 3605 1247 3696 exceptione

7 3783 8 3804 ἦ
99 3709 322 3801 jurisdictioni
342 3709 561 3778 ecclesiastice
581 3708 758 3778 vindicent.

148 3817 334 3888 Pnoeosnro
354 3817 424 3884 111².
447 3855 492 3868 —
510 3816 647 3900 Ostende
670 3816 807 3886 dubium
831 3831 876 3886 est
901 3830 1015 3887 utmm
1036 3841 1136 3888 causa
1150 3820 1249 3912 spiri-

7 3937 8 4002 ]
104 3927 206 3994 luatis
234 3927 289 4007 sit,
318 3949 361 3993 on
386 3947 460 3994 uero
484 3926 685 4017 temporalis,
713 3925 759 3994 od
775 3939 975 4018 potestatem
1002 3928 1248 3998 ecclesiasticam

7 4023 8 4038 ἢ
99 4035 246 4126 pertinet
269 4035 496 4120 pronuntiare,
514 4047 545 4101 et
559 4035 634 4102 duic
649 4032 804 4102 demuom
825 4057 858 4102 se
879 4035 1066 4102 mturitterc
1081 4034 1171 4106 debet
1185 4059 1247 4106 sau-

105 4141 228 4208 rularis
250 4152 404 4232 potestas.
425 4179 469 4193 -
491 4141 578 4210 Deus
604 4141 691 4210 enim
716 4149 888 4234 utramque
914 4149 1099 4234 potestatem
1126 4145 1161 4211 in
1186 4145 1246 4215 boc

104 4246 231 4320 mundo
246 4249 485 4339 constituendo,
502 4271 601 4318 unum
627 4251 791 4320 constituit
808 4249 842 4317 in
864 4249 1007 4318 docendo
1029 4251 1244 4346 infallibilem,
