3030 4980
547 443 623 490 rans
646 443 792 491 smenon.
1176 426 1235 490 361

90 564 150 632 sed
172 587 299 634 mamm
320 564 526 656 delegatum:
550 573 582 633 et
608 564 730 658 pariter
748 564 787 652 si,
808 564 878 656 jam
905 566 1078 636 constituto
1108 566 1240 638 Vicario

89 672 214 764 absque
222 671 315 740 dictis
332 672 444 740 nimiis
458 671 726 760 restrictionibus,
739 693 793 740 eas
802 680 913 763 posoea
924 681 1077 766 apponat,
1091 697 1157 744 non
1167 677 1238 744 im-

91 787 200 847 mutat
214 780 336 849 Vicarii
351 779 403 847 sui
419 779 583 869 generalis
595 779 871 871 jurisdictionem,
892 779 948 849 sed
967 780 1078 872 ipsum
1098 782 1138 848 de
1154 781 1238 852 lecto

91 893 236 966 revocat,
249 895 281 954 et
295 886 481 977 delegatum
493 895 591 956 creat.
603 885 699 956 Unde
711 908 826 955 revera
836 886 1024 977 jurisdictio
1037 888 1164 958 Vioarii
1177 913 1239 979 ge·-

91 993 214 1062 neralis
226 993 333 1063 officio
344 994 489 1083 alligata,
506 1003 554 1062 est
564 1002 652 1062 certo
665 993 764 1062 modo
778 992 993 1063 determinata
1006 1017 1048 1064 ex
1059 995 1132 1088 jure
1148 1020 1239 1066 com-

93 1100 202 1186 muni,
219 1109 251 1169 et
265 1101 310 1168 ita
326 1108 361 1169 ot
376 1101 429 1170 hic
444 1101 562 1170 modus
576 1100 855 1170 determinationis
871 1109 1010 1194 nequeat
1023 1103 1064 1171 ab
1077 1103 1237 1196 Episcopo

93 1204 135 1277 de
152 1205 261 1275 medio
275 1207 343 1276 tolli
359 1216 417 1276 aut
429 1208 612 1277 immutari.
632 1209 720 1298 Ergo
738 1205 923 1299 jurisdictio
939 1207 1012 1278 haec
1026 1217 1074 1278 est
1089 1209 1194 1300 alege
1209 1219 1242 1279 et

91 1335 161 1382 non
175 1314 216 1382 ab
231 1313 403 1407 Episcopo.

137 1421 313 1509 Praeterea,
339 1423 397 1490 illa
416 1421 601 1515 jurisdictio
626 1433 674 1492 est
702 1447 722 1490 a
750 1423 823 1512 lege
849 1432 881 1493 et
903 1445 969 1492 non
996 1423 1037 1491 ab
1065 1424 1237 1517 Episcopo,

90 1549 193 1617 quam
224 1528 336 1620 nequit
366 1529 547 1622 Episcopus
571 1531 740 1601 conferre:
768 1531 859 1620 atqui
884 1530 1147 1621 jurisdictionem
1175 1532 1239 1602 vi-

90 1634 183 1702 cario
203 1635 346 1724 generali
365 1638 534 1729 propriam
555 1637 668 1730 nequit
691 1637 912 1728 perseipsum
933 1637 1041 1704 solnm
1062 1637 1240 1730 Episcopus

90 1740 263 1811 conferre:
286 1765 365 1812 nam
382 1744 565 1837 jurisdictio
585 1745 669 1831 haee,
691 1767 758 1814 non
780 1752 906 1812 matum
927 1744 1088 1835 generalis
1106 1753 1166 1832 est,
1182 1745 1237 1814 sed

89 1849 191 1918 etiam
209 1853 257 1940 (ut
271 1850 358 1920 inira
372 1853 530 1944 probatur
544 1861 575 1921 et
587 1852 807 1922 communiter
821 1851 1018 1942 admittitur)
1032 1852 1211 1921 ordinario
1227 1882 1238 1920 :

90 1957 184 2047 atqui
200 1957 312 2026 nullus
325 1958 477 2051 Principe
494 1959 540 2048 (id
560 1968 620 2048 est,
641 1960 741 2051 Papa)
765 1958 902 2028 inferior
920 1966 1024 2052 potest
1040 1958 1239 2050 jurisdictio-

90 2086 170 2132 nem
192 2087 288 2134 suam
300 2065 393 2134 alteri
408 2067 612 2136 committere
624 2067 840 2137 exercendam
849 2068 932 2158 jure
943 2065 1111 2135 ordirmrio
1121 2091 1135 2150 ,·
1150 2067 1236 2159 quod

89 2182 187 2241 extra
202 2195 336 2240 omnem
350 2175 606 2244 controversiam
626 2182 695 2242 est:
712 2197 791 2264 crgo
811 2175 993 2266 Episcopus
1008 2175 1123 2266 nequit
1138 2175 1238 2245 Vica-

90 2281 143 2350 rio
168 2280 313 2370 generali
342 2282 509 2374 propriam
533 2281 792 2372 jurisdictionem
826 2281 985 2351 conferre.
1015 2282 1102 2350 Cum
1131 2289 1238 2350 tamen

90 2395 221 2456 certum
252 2388 294 2456 sit
318 2410 390 2456 eam
412 2388 676 2480 jurisdictionem
699 2389 840 2458 conferri
864 2388 945 2456 dnm
973 2389 1151 2480 Episcopus
1177 2389 1238 2457 ali-

90 2517 193 2587 quem
215 2495 387 2566 Vinarium
408 2495 593 2586 generalem
618 2497 766 2564 nominat
780 2508 812 2566 et
827 2495 979 2583 instituit,
1004 2496 1151 2588 sequitur
1166 2519 1238 2564 eam

90 2601 236 2671 conferri
255 2625 275 2670 a
297 2602 381 2692 lege,
403 2609 435 2670 et
454 2603 710 2672 nominationem
740 2601 955 2694 episcopalem
976 2623 1045 2669 esse
1068 2601 1239 2670 dumtaxat

90 2710 314 2778 conditionem
343 2710 547 2802 requisitam,
577 2719 613 2777 ut
641 2709 695 2777 lex
724 2707 845 2778 dictam
872 2706 1132 2800 jurisdictionem
1159 2731 1239 2777 con-

91 2818 190 2886 ferat.

137 2923 408 3004 Qnmc1022.·-
430 2927 549 2992 Utrum
569 2923 715 2993 Vicorius
738 2923 899 3014 qenerolis
918 2921 1074 3014 Episcopi
1099 2921 1238 2990 ordino-

89 3032 182 3098 riam
205 3031 325 3099 habeor
336 3031 616 3123 jurisdictionem,
635 3053 770 3101 anone
787 3030 983 3122 delcqatam.
1001 3028 1145 3097 -Olim
1165 3030 1239 3121 qui-

90 3138 171 3206 dem
190 3139 421 3207 controversias
440 3138 582 3207 obnoxia
605 3139 667 3207 fnit
689 3137 827 3230 quaestio
840 3137 911 3204 baec
928 3164 935 3204 :
950 3135 1148 3228 jamdudum
1163 3159 1240 3205 vero

90 3255 181 3313 certa
194 3248 297 3314 evasit
311 3247 469 3316 sententia
484 3269 558 3338 quae
576 3255 662 3316 tenet
676 3246 801 3317 Vicarii
811 3244 972 3336 generalis
980 3243 1239 3336 jurisdictionem

91 3376 165 3422 esse
176 3353 392 3424 ordinariam.

139 3462 187 3530 De
210 3484 276 3554 qua
297 3462 456 3530 sententia
484 3461 545 3529 tria
571 3460 797 3528 stabiliemus:
819 3463 851 3527 10
870 3481 942 3527 cam
964 3481 1080 3529 revera
1102 3459 1241 3528 evasisse

91 3592 306 3640 communem
319 3596 329 3657 ;
346 3573 380 3636 2⁰
395 3569 508 3638 solidis
522 3569 657 3637 omnino
673 3568 856 3637 rationibus
868 3589 982 3636 veram
1003 3565 1221 3635 demonstrari
1230 3593 1241 3654 ;

93 3683 129 3746 30
146 3700 206 3770 per
219 3676 397 3746 decisiones
412 3685 444 3744 et
456 3676 587 3769 praxim
603 3676 904 3768 Congregationum
920 3675 1143 3743 Romanarum
1155 3674 1243 3764 jam-

92 3785 223 3854 dudum
241 3785 331 3853 illam
354 3783 454 3852 fuisse
470 3785 691 3853 canonizatum
704 3793 737 3852 ct
759 3791 852 3852 extra
873 3781 1129 3852 controversiam
1151 3781 1244 3872 posi-

94 3901 177 3963 tam.
1168 3951 1170 3956 .

138 4003 164 4070 l.
184 3999 402 4070 ordinariam
413 4022 477 4068 esse
484 3998 753 4092 jurisdictionem
773 3997 895 4067 Vicorii
908 3996 1078 4090 pecoralis,
1096 4009 1142 4066 est
1154 4019 1241 4066 oom-

93 4109 204 4179 mum's
225 4107 396 4176 doctorum
410 4107 579 4176 sententia.
598 4146 642 4159 -
664 4106 834 4198 Imprimis
856 4129 929 4174 eam
952 4105 1149 4174 sententiam
1173 4113 1244 4174 tan-

94 4239 194 4310 quam
209 4223 330 4285 certam
344 4222 431 4286 tenet
447 4215 578 4307 glossa:
597 4216 642 4284 sic
658 4215 745 4283 enim
761 4215 858 4284 habet
870 4212 912 4283 ad
924 4235 1037 4284 vocem
1052 4213 1248 4306 qeneraliter
