3030 4980
300 441 363 508 loe
674 463 850 512 rnrcmros
872 464 912 512 nr
934 463 1069 513 runicus.

298 597 329 652 te
342 584 403 674 (tit.
429 586 479 656 Nc
501 584 610 654 clerici
627 586 680 654 vel
701 586 855 654 monachi
871 590 925 673 50,
943 585 1000 654 lib.
1027 589 1045 654 3
1067 585 1296 677 Decretnlium)
1311 584 1433 654 dicotur

297 689 458 782 ejusmodi
486 691 630 762 officium
655 715 724 762 esse
749 693 877 763 clericis
906 692 1167 762 interdicendum
1193 720 1201 760 :
1226 719 1245 760 ι
1266 691 1366 782 Ergo,
1393 693 1434 760 eit

300 799 641 890 «Schmolzgmebcr,
667 824 726 894 per
749 803 936 872 clericatum
960 802 1242 894 supervenientem
1267 800 1348 870 illud
1371 820 1433 868 non
1498 807 1499 886 l

301 935 318 974 ιι
340 907 551 999 perdiderunt
557 934 567 996 ;
584 907 663 978 alies
676 908 798 978 frustra
809 909 889 1001 ipsis
905 909 1165 979 interdiceretur.
1174 907 1270 976 Retio
1283 917 1344 994 est,
1360 908 1434 998 quio

299 1041 316 1080 c
339 1015 553 1084 instrumento
570 1017 616 1083 sic
636 1016 779 1084 coniecta
794 1017 885 1087 nnllo
897 1016 971 1108 jure
987 1025 1064 1086 sunt
1083 1015 1225 1102 irritato,
1242 1037 1280 1083 nc
1299 1014 1434 1106 proinde

301 1149 317 1188 ι
341 1123 448 1191 valida
458 1123 580 1191 censeri
596 1122 730 1210 debent;
747 1123 929 1214 prmsertim
944 1146 1020 1192 cum
1036 1145 1150 1192 eornm
1161 1123 1206 1192 ito
1216 1121 1433 1191 coniectorum

299 1259 317 1297 ι
340 1230 485 1315 nullitos,
501 1251 568 1298 non
583 1229 778 1318 conficienti,
796 1232 853 1298 sed
869 1231 1017 1320 portibus
1036 1231 1123 1298 inter
1137 1251 1218 1322 quus
1233 1237 1363 1319 gestum
1380 1252 1433 1297 nc-

300 1364 316 1402 ιι
339 1337 464 1426 gotium
488 1345 548 1422 est,
563 1335 720 1405 damnose
739 1337 826 1405 sit.»
849 1337 897 1427 (ln
922 1337 1054 1406 titulum
1080 1340 1135 1421 50,
1152 1336 1229 1404 libri
1250 1339 1268 1404 3
1293 1335 1432 1422 liceret,
1498 1359 1499 1432 ι

295 1467 330 1512 n.
349 1445 415 1533 60.)
431 1444 553 1513 Atvero
565 1443 592 1510 si
606 1443 647 1512 ob
660 1443 820 1536 Episcopo
835 1443 933 1514 luerit
946 1444 1130 1536 prohibitus
1146 1443 1290 1535 publice,
1307 1467 1365 1512 scu
1381 1465 1434 1533 per
1498 1455 1499 1534 l

295 1551 436 1619 edictum
455 1549 642 1618 solemniter
656 1551 912 1642 promulgatum,
929 1551 1023 1620 irrito
1045 1559 1141 1620 crunt
1161 1558 1271 1642 postea
1294 1549 1435 1618 coniecto

295 1659 520 1727 instrumento.
541 1657 667 1746 «Quin,
680 1657 725 1725 eit
744 1657 1034 1748 Schmulzgrueber
1049 1659 1156 1747 (citato
1176 1658 1256 1746 loco)
1275 1665 1367 1746 gesta
1380 1679 1435 1725 rn-

298 1793 316 1832 c
339 1767 425 1834 tione
443 1765 565 1858 publici
585 1765 684 1834 officii
709 1777 782 1857 post
804 1767 1011 1836 interdictum
1037 1767 1228 1858 superioris,
1244 1789 1313 1834 non
1330 1757 1435 1834 tenent

299 1899 316 1940 ιι
341 1875 453 1966 (capite
469 1874 620 1942 Veritatis
637 1877 668 1960 8,
679 1883 712 1942 et
724 1875 829 1966 capite
843 1875 948 1961 finali,
961 1873 1001 1943 dc
1013 1875 1095 1944 Dolo
1107 1888 1139 1942 et
1156 1874 1400 1962 Contremuere).
1415 1900 1431 1938 s

295 1981 445 2050 Diximus
464 1981 604 2074 publice,
618 1981 693 2073 quin
711 1982 739 2049 si
753 1983 935 2052 interdictio
957 2003 1023 2051 non
1041 1981 1141 2051 luerit
1159 1981 1301 2072 publica,
1321 1991 1435 2050 «tenet

298 2115 315 2154 ι
338 2088 469 2180 quidem
495 2087 703 2157 interdictum
726 2088 761 2155 in
783 2088 1010 2179 praejudicium
1032 2088 1141 2156 clerici
1161 2089 1215 2156 cui
1237 2087 1434 2174 factumest,
1498 2161 1499 2168 χ

298 2223 316 2261 ι
338 2203 375 2264 ut
389 2203 558 2285 propterea
572 2194 696 2286 privari
714 2194 871 2263 beneficio
887 2197 1005 2286 poesit3
1023 2206 1114 2285 gesta
1132 2205 1240 2263 tamen
1257 2195 1369 2264 velent
1384 2218 1435 2262 ro-

298 2330 316 2368 ι
338 2303 424 2370 tione
445 2301 568 2393 publici
589 2299 702 2388 officii,
723 2301 836 2369 saltem
862 2300 971 2392 quood
994 2311 1101 2393 partes
1121 2301 1320 2392 ignorantes.
1340 2327 1357 2367 n
1380 2302 1435 2392 (ltu

293 2408 596 2498 Schmolzgrueber,
613 2429 688 2477 cum
712 2407 824 2476 multis
839 2407 910 2476 aliis
929 2407 970 2476 nb
991 2431 1028 2478 eo
1051 2409 1169 2496 citatis,
1185 2409 1257 2478 loco
1279 2407 1433 2496 indicato,

292 2539 326 2585 n.
344 2515 411 2607 62.)
429 2515 585 2596 Quamvis
608 2523 716 2584 eutem
731 2524 805 2584 onte
828 2515 945 2584 lectam
962 2515 1025 2584 sibi
1044 2517 1086 2585 eb
1106 2516 1266 2608 Episcopo
1281 2515 1434 2585 interdic-

291 2626 411 2694 tionem
429 2623 536 2692 velide
559 2624 775 2692 instrumenta
790 2623 939 2692 conficiat
954 2623 1059 2693 dictus
1078 2623 1226 2712 clericus,
1243 2647 1311 2692 non
1327 2633 1434 2694 tamen
1498 2600 1499 2680 l

290 2731 421 2800 conficit
436 2729 533 2812 licite,
552 2736 588 2798 ut
609 2738 717 2798 tenent
737 2730 913 2799 canonistae
932 2730 1020 2821 (vide
1041 2729 1348 2821 Schmclzgrueher,
1364 2731 1434 2800 loco

290 2839 396 2928 citato)
429 2863 437 2904 ε
470 2835 512 2903 ed
542 2835 737 2904 illiceitntem
766 2838 854 2904 enirn
884 2836 1007 2906 sufficit
1037 2837 1214 2906 notariatus
1241 2838 1434 2906 exercitium

289 2943 458 3037 prescribi
472 2965 491 3010 a
504 2963 626 3013 oenone
639 2941 764 3010 clericis
779 2943 1054 3012 interdicendum.

332 3051 492 3120 Probatur
506 3053 541 3115 2ιι
555 3069 630 3140 pars
646 3049 886 3142 propositionis,
898 3049 937 3119 dc
953 3050 1079 3118 notorio
1092 3049 1213 3118 scilicet
1227 3049 1286 3141 qui
1302 3050 1435 3139 religio-

289 3180 364 3226 nem
385 3155 565 3248 profitetur.
588 3156 877 3226 «Instrumentum
892 3180 913 3226 a
928 3157 1079 3247 religioso
1098 3157 1168 3226 sine
1183 3156 1317 3226 licentio
1334 3157 1435 3226 obba·

292 3291 309 3331 e
331 3265 372 3333 tis
386 3265 438 3332 sni
451 3263 645 3349 conlectum,
662 3261 732 3355 ipso
745 3264 820 3354 jure
836 3263 965 3332 nullum
977 3273 1038 3350 eet,
1055 3263 1098 3334 ob
1112 3262 1275 3331 delectum
1292 3273 1435 3356 poteste-

290 3399 308 3438 ι
331 3373 387 3456 tis;
403 3371 480 3462 qnia
501 3369 711 3458 inreligiosis
736 3369 838 3461 major
853 3379 900 3439 est
923 3371 1112 3462 prohibitio,
1129 3393 1228 3462 qnam
1249 3371 1287 3437 in
1308 3371 1434 3440 clericis

291 3477 553 3564 «saecularibus,
571 3484 607 3545 ut
631 3477 796 3568 colligitur
819 3501 860 3547 ex
885 3479 987 3570 capite
1016 3478 1086 3547 Sed
1107 3501 1165 3547 ecc
1189 3479 1235 3570 (l,
1258 3479 1347 3548 tituli
1379 3484 1433 3565 5⁰,

291 3615 309 3654 c
331 3587 410 3655 libri
434 3591 452 3653 3
481 3585 720 3675 Decretnlium).
743 3612 759 3652 r
786 3587 834 3654 ltn
858 3585 1010 3654 laudatus
1037 3585 1333 3676 Schmolzgrueber
1356 3609 1433 3655 cum

286 3695 450 3764 communi
466 3693 636 3762 doctorum
651 3696 808 3763 sententio
825 3694 905 3784 (loco
920 3695 1030 3780 citato,
1048 3716 1081 3761 n.
1103 3693 1167 3784 59).

330 3803 368 3868 ln
382 3801 497 3886 Gallie,
513 3823 588 3868 cum
601 3802 656 3869 lex
671 3799 828 3872 hodierno
849 3823 915 3870 non
934 3809 1087 3891 agnoscat
1111 3799 1295 3893 quidquem
1310 3803 1433 3870 immn-

285 3911 347 3979 turi
361 3911 396 3978 in
410 3909 528 3976 notarii
543 3916 709 4000 potestate,
727 3933 767 3976 ex
784 3931 823 3977 eo
838 3908 926 4000 quod
940 3907 996 3977 fiat
1010 3907 1146 3977 clericus
1160 3907 1214 3976 vel
1237 3909 1431 3994 monachus,

285 4017 429 4088 valerent
442 4015 575 4106 quidem
591 4015 625 4083 in
642 4015 712 4083 loro
726 4016 812 4084 civili
828 4017 1045 4084 instrumente
1066 4014 1223 4101 conlecto,
1240 4017 1312 4084 sive
1330 4039 1350 4084 a
1366 4015 1432 4084 cle-

285 4125 352 4194 rico
383 4132 454 4212 post
482 4121 659 4191 solemnem
687 4122 945 4191 interdictionem
975 4122 1140 4213 Episcopi,
1170 4123 1239 4190 sive
1265 4146 1285 4190 a
1317 4146 1431 4192 mone-

287 4233 348 4329 cho
369 4231 490 4322 ubsque
508 4229 638 4299 licentio
661 4229 711 4298 sui
737 4230 882 4320 praeloti;
901 4238 935 4298 at
956 4252 1033 4300 vero
1055 4228 1200 4298 invalide
1220 4237 1429 4300 remunerent
