3030 4980
540 522 613 570 runs
636 521 783 570 sucurre.
1165 503 1227 568 tet

88 639 247 730 doctores,
262 651 299 710 ut
312 642 399 712 intra
412 659 624 735 exponemus.
642 646 722 712 Item
737 642 890 713 addimus
904 643 1120 737 reputantem
1136 646 1225 735 quia,

87 755 124 815 ut
140 769 218 817 mox
232 750 364 840 patebit,
377 749 502 842 aliquas
515 750 587 819 dari
601 749 642 818 ed
653 749 838 841 generalem
847 750 937 818 illam
947 750 1096 840 regulam
1110 771 1228 842 excep·

88 854 203 944 tiones,
220 865 343 924 certum
357 865 448 926 estet
460 857 503 925 ab
516 857 670 926 omnibus
684 856 875 926 admissum.

132 961 315 1033 Paorosrrro
329 964 384 1032 11³.
403 1001 447 1016 -
462 967 609 1055 Proesota
625 965 678 1033 lec
692 965 862 1044 canonico,
878 963 1083 1056 probabilius
1094 964 1230 1056 ottinqit

86 1067 188 1138 dictos
212 1071 351 1153 clericos,
382 1072 483 1140 etiam
499 1071 631 1163 quondo
648 1071 798 1162 beneficio
811 1084 935 1140 carent.
954 1109 999 1124 -
1022 1071 1072 1140 Ex
1087 1083 1125 1140 eo
1140 1072 1228 1163 quod

86 1175 215 1246 dicetur
240 1178 274 1245 in
288 1178 383 1246 citata
396 1179 564 1266 decretali,
580 1179 713 1247 clericos
727 1179 761 1246 in
776 1178 876 1248 sacris
891 1181 1083 1248 constitutos
1097 1203 1117 1248 a
1133 1188 1229 1248 notu*

86 1282 189 1352 rietus
197 1283 350 1352 exercitio
358 1285 572 1353 removendos
580 1307 713 1376 esscper
726 1285 954 1375 beneficiorum
963 1283 1226 1367 subtractioum

86 1389 317 1460 existimarunt
329 1391 475 1462 doctores
489 1415 555 1460 non
569 1393 676 1483 pauci,
695 1391 949 1482 prohibitionem
965 1413 1032 1460 non
1051 1392 1149 1482 dirigi
1165 1393 1229 1460 nisi

85 1496 121 1564 in
136 1497 337 1589 beneficiatos
352 1499 496 1568 clericos.
527 1501 632 1568 Immo
655 1518 731 1566 oum
758 1507 789 1568 et
807 1498 938 1590 ipslmet
964 1499 1147 1568 beneficiati
1164 1523 1229 1568 non

87 1603 323 1675 interdicantur
335 1605 406 1698 ipso
417 1607 507 1698 facto
517 1605 559 1674 eb
570 1605 751 1675 exercendo
766 1605 851 1674 dicto
866 1623 1012 1692 snnnere,
1027 1605 1081 1676 sed
1090 1606 1230 1698 jubean-

85 1719 139 1780 tur
164 1712 205 1781 ab
231 1713 389 1805 Episcopo
413 1711 577 1800 interdici,
607 1721 765 1806 putarunt
791 1712 943 1781 nonnulli
968 1714 1157 1802 canonista,
1174 1737 1230 1784 eos

86 1841 153 1887 non
181 1819 347 1911 prohiberi
374 1820 437 1888 nisi
464 1819 675 1912 inquantum
701 1819 818 1888 volunt
841 1818 1034 1889 beneficium
1051 1820 1190 1889 retinere
1219 1848 1226 1890 :

85 1925 165 2017 ipsis
179 1949 296 2019 nempe
310 1926 451 1996 liberum
465 1949 534 1996 csse
548 1927 748 1997 notariatum
764 1947 927 2013 exercere,
954 1927 1050 1996 modo
1071 1928 1229 1997 beneficio

85 2055 146 2102 suo
158 2035 357 2102 renuntient.

130 2141 193 2209 lsta
209 2163 287 2210 vero
301 2140 383 2232 legis
407 2141 631 2233 interpretatio
655 2161 720 2210 non
745 2142 876 2211 videtur
891 2141 1027 2212 lundata
1047 2169 1055 2210 :
1074 2143 1229 2234 probabi-

83 2246 149 2314 lius
163 2248 250 2315 enim
266 2247 368 2316 voluit
383 2248 551 2338 legislator
566 2249 698 2317 clericos
716 2272 830 2318 omnes
853 2249 886 2316 in
914 2250 1015 2318 sacris
1038 2249 1230 2319 constitutos

84 2377 104 2420 a
127 2352 350 2422 tabellionatus
375 2353 485 2423 officio
508 2355 622 2440 arceri,
653 2355 722 2422 sive
742 2355 939 2422 beneficium
964 2354 1130 2441 haberent,
1160 2355 1230 2424 sive

84 2482 163 2529 nou.
190 2461 273 2529 Nem
289 2483 346 2553 per
369 2483 477 2530 sacros
492 2483 643 2547 canones,
672 2469 704 2528 et
730 2484 771 2529 ex
791 2470 947 2552 perpetuu
962 2461 1114 2530 Ecclesiae
1131 2460 1228 2529 disci-

83 2569 185 2660 plina,
199 2569 378 2659 generatim
388 2568 604 2660 prohibentur
617 2568 738 2653 clerici,
755 2590 795 2634 ne
809 2567 983 2635 militantes
992 2567 1073 2652 Deo,
1090 2569 1229 2657 negotiis

82 2677 297 2746 secularibus
321 2698 389 2744 sese
420 2676 634 2744 immisceant.
664 2673 819 2744 Officium
846 2681 955 2742 eutem
986 2673 1226 2762 tabellionatus,

82 2783 266 2874 presertim
281 2783 315 2850 in
331 2783 435 2850 censis
449 2791 481 2850 et
495 2783 596 2851 curiis
620 2781 832 2850 saecularibus
846 2780 1078 2868 exercendum,
1096 2782 1227 2852 clericos

84 2890 181 2958 nimis
196 2891 338 2960 multum
360 2891 408 2982 (ut
420 2891 518 2982 patet)
538 2891 579 2957 ab
592 2889 749 2980 angelicis
764 2911 874 2958 rerum
889 2888 1067 2957 coelestium
1085 2888 1227 2958 iunctio-

82 2997 180 3066 nibus
201 2997 391 3086 retraheret,
416 2998 503 3065 etin
519 3004 663 3064 terrenas
679 3017 773 3064 curas
794 3005 828 3064 et
852 2994 1085 3064 sollicitudines
1109 2997 1226 3088 injice—

82 3110 141 3171 ret.
160 3105 255 3174 Unde
281 3127 319 3173 ee
343 3103 384 3172 de
408 3125 505 3172 cause
531 3102 711 3172 censendus
735 3111 783 3170 cst
799 3101 964 3192 legislator
984 3101 1225 3174 tabellionatum

81 3213 205 3282 clericis
225 3214 259 3281 in
282 3214 381 3280 sacris
404 3212 586 3280 constitutis
607 3209 809 3302 prohibitum
834 3209 986 3278 voluisse.
1013 3210 1094 3276 Heec
1117 3218 1225 3278 eutem

81 3321 164 3388 ratio
177 3328 244 3387 tarn
259 3341 336 3409 erge
351 3316 508 3387 beneficio
534 3326 692 3400 carentes,
717 3335 816 3406 quum
833 3336 910 3403 erga
927 3313 1133 3382 beneficiatos
1158 3314 1225 3381 cle-

81 3427 165 3494 ricos
187 3426 283 3494 valet.
308 3425 395 3515 Ergo
418 3424 497 3492 dum
520 3423 611 3491 addit
629 3422 794 3511 legislator
816 3421 917 3490 dictos
939 3421 1071 3490 clericos
1086 3444 1105 3488 a
1120 3421 1221 3490 tabel-

79 3532 203 3601 lionatu
228 3555 295 3600 esse
310 3531 466 3600 arcendos
481 3553 542 3621 per
556 3528 782 3620 beneficiorum
803 3527 1069 3610 subtractionem,
1087 3550 1223 3596 censen-

80 3639 142 3707 dus
169 3647 217 3707 est
232 3638 389 3707 indicasse
413 3639 496 3705 baruc
515 3659 645 3728 paenam
673 3633 845 3726 specialem
874 3633 980 3726 quoad
997 3633 1219 3714 beneficiatos3

79 3746 262 3815 nullatenus
277 3755 386 3814 eutem
397 3744 651 3837 prohibitionem
663 3743 704 3809 ad
715 3744 802 3832 ipsos
814 3741 1039 3820 restrinxisee3
1055 3741 1110 3808 sed
1121 3743 1222 3810 hene-

80 3854 154 3922 ficio
169 3861 314 3922 carentes
335 3853 468 3922 clericos
489 3849 657 3940 reliquisse
680 3847 838 3939 Episcopo
855 3870 913 3939 per
926 3847 1005 3916 alies
1019 3869 1131 3938 poenee
1147 3849 1220 3918 ido·

78 3985 156 4030 neas
171 3960 375 4045 coercendos,
392 3959 457 4027 nisi
480 3956 700 4026 tabellionatui
727 3955 925 4024 renuntient.
942 3955 1046 4037 Quam
1061 3963 1169 4024 autem
1184 3966 1220 4025 ut

77 4067 329 4159 probabiliorem
356 4065 560 4135 defendimus
575 4064 780 4148 sententiam,
802 4063 935 4130 omnino
949 4061 1153 4152 amplexatus
1173 4073 1221 4131 est

77 4176 254 4264 Fagnenus
271 4201 278 4241 :
298 4175 399 4262 «Ego
411 4173 563 4257 arbitror,
585 4170 703 4261 inquit,
720 4171 754 4237 in
778 4171 839 4238 hoo
854 4168 989 4238 articulo
1004 4189 1069 4235 non
1084 4191 1152 4237 ease
1167 4169 1219 4236 le·

82 4310 99 4348 a
123 4280 270 4350 ciendam
284 4282 365 4370 vim,
383 4303 424 4350 un
440 4279 577 4348 clericus
601 4279 752 4346 insectis
775 4277 891 4345 habeat
915 4283 1099 4370 competens
1122 4277 1222 4348 bene·
