3056 4972
282 457 343 526 190
654 481 831 526 sunericus
855 479 1047 528 resumens.

279 603 408 670 mittere
418 600 563 694 nequibit
577 601 724 685 ulterius,
739 624 814 671 cum
829 603 884 671 iile
899 601 968 671 litis
981 601 1134 670 domme
1147 602 1189 670 sit
1203 603 1348 695 effectus·
1361 601 1431 670 nisi

280 708 404 779 dictum
422 711 459 778 in
477 709 718 792 constitutione,
738 709 827 801 quod
842 732 908 778 non
925 711 1019 800 fieret
1038 709 1154 778 melior
1168 709 1308 778 conditio
1328 731 1429 778 occu-

273 818 390 910 pantis
403 844 413 883 .·
427 831 504 886 tunc
516 818 603 885 euim
614 817 728 885 sicum
740 817 799 910 qui
808 817 989 909 occupauit,
1003 817 1180 904 infimiori,
1195 818 1291 900 mori,
1307 817 1429 886 absen-

280 925 349 994 tari
368 925 421 992 vel
443 924 529 993 ulios
551 923 707 1015 impediri
726 923 905 1016 conticeat,
923 937 983 992 out
1007 925 1037 992 si
1052 925 1208 1016 prosequi
1221 927 1308 1016 sorte
1325 926 1426 1008 nolit,

273 1031 398 1124 poterit
408 1033 493 1100 alter
503 1031 661 1122 usupare
673 1054 712 1100 ac
727 1033 883 1123 perficere
900 1031 1067 1123 neqotium
1078 1031 1121 1100 ab
1134 1032 1201 1100 alio
1213 1032 1410 1102 inchoatum
1417 1059 1432 1116 ,-

277 1138 358 1208 dum
377 1138 547 1206 tamenab
565 1138 632 1206 olio
647 1161 713 1206 non
725 1139 830 1230 suerit
843 1138 929 1208 olins
946 1139 1159 1223 substitutus·
1178 1163 1258 1210 nom
1276 1140 1306 1206 si
1323 1138 1377 1222 sit,
1399 1140 1429 1208 is

277 1246 430 1338 praeferri
443 1245 567 1314 debebit
583 1245 698 1316 eidem

808 1434 893 1524 511.

506 1600 614 1660 Quinam
628 1599 677 1652 sibi
690 1604 887 1666 procuratorem
901 1601 1058 1653 constituere
1074 1603 1174 1667 nomint

322 1779 473 1871 Exceptis
489 1778 531 1847 iis
551 1781 609 1871 qui
632 1801 651 1847 a
671 1779 742 1869 lege
760 1779 988 1871 prohihentur,
1013 1803 1128 1850 omnes
1146 1790 1284 1873 possunt
1303 1803 1425 1873 procu-

274 1897 417 1956 ratorem
443 1886 505 1954 sibi
526 1886 732 1955 constituere.
759 1885 838 1968 Quae
859 1887 1020 1978 generatis
1045 1888 1160 1979 regula
1184 1888 1310 1958 nullam
1333 1888 1425 1980 apud

272 1994 358 2087 juris
372 1993 542 2086 utriusque
557 1993 676 2085 peritos
691 1994 950 2062 controversiam
972 1995 1106 2087 petitur.
1125 1995 1291 2065 inhabiles
1310 2004 1424 2064 autem

276 2103 403 2170 suntad
418 2109 663 2192 procuratorem
679 2101 741 2170 sibi
756 2102 1023 2172 constituendum
1043 2130 1050 2172 ε

276 2257 283 2270 .
321 2210 353 2274 1ο
374 2208 533 2299 Pupillus,
554 2216 586 2276 et
602 2209 712 2277 minor
732 2207 856 2277 habens
872 2218 1071 2299 curatorem,
1094 2211 1157 2280 nisi
1175 2217 1346 2280 concurrat
1369 2218 1425 2278 tu-

274 2315 354 2384 toris
376 2338 432 2384 seu
461 2316 619 2384 curatoris
644 2317 830 2385 auctoritas.
856 2317 905 2384 lta
927 2317 1169 2388 lustiniuneum
1192 2318 1258 2409 jus,
1291 2317 1424 2386 infore

274 2420 486 2491 ecclesiastico
500 2429 667 2512 receptum
683 2421 790 2513 quoad
808 2421 1054 2512 dispositionem
1070 2423 1173 2492 illam.

319 2531 352 2594 2⁰
378 2528 475 2616 Item,
500 2535 532 2595 et
558 2549 600 2595 ex
625 2526 742 2596 eodem
766 2528 841 2619 jure
866 2527 1016 2598 Romano
1043 2530 1085 2598 ab
1111 2528 1253 2598 Ecclesia
1277 2533 1423 2620 recepto,

274 2635 363 2703 lilius
373 2632 514 2702 familias
527 2633 561 2700 in
573 2634 679 2702 causis
690 2656 750 2726 pro
761 2634 881 2726 quibus
892 2634 955 2726 ipsi
968 2635 1002 2704 iu
1011 2635 1137 2727 judicio
1149 2643 1233 2704 stare
1245 2657 1312 2704 non
1324 2634 1401 2703 licet
1415 2663 1421 2702 :

273 2742 358 2833 capti
377 2741 418 2809 ab
445 2740 592 2809 hostibus
616 2769 623 2808 ι
647 2749 679 2808 et
701 2741 894 2830 generaliter
918 2743 940 2809 ii
963 2742 1021 2835 qui
1044 2743 1153 2835 aliqua
1174 2742 1214 2812 de
1235 2765 1333 2811 causa
1356 2765 1424 2810 non

274 2860 350 2918 sunt
364 2870 476 2917 rerum
492 2869 628 2916 suarum
648 2847 786 2918 domini.

319 2961 352 3024 3⁰
382 2955 669 3026 Excommunicati
704 2955 1043 3025 excommunicatione
1075 2956 1211 3048 majore,
1243 2957 1328 3025 sicut
1364 2979 1425 3026 ne-

272 3072 396 3157 queunt
426 3066 561 3133 Actores
588 3084 669 3150 esse,
698 3064 743 3130 ita
774 3085 834 3132 nec
861 3064 1057 3132 constituere
1087 3073 1335 3156 procuratorem
1366 3067 1426 3156 qui

272 3195 389 3242 eorum
406 3172 477 3241 loco
491 3180 578 3262 agat.
597 3171 813 3241 concluditur
828 3195 870 3241 ex
884 3173 989 3265 capite
1009 3173 1162 3242 Consulti
1178 3177 1244 3264 (15,
1262 3173 1349 3241 tituli
1366 3177 1424 3261 28,

271 3280 347 3350 libri
372 3283 387 3345 1
412 3278 658 3369 Decretnlium),
678 3278 712 3346 in
735 3301 802 3370 quo
823 3280 1006 3349 declaratur
1027 3303 1121 3372 posse
1142 3289 1300 3372 tunquam
1322 3281 1426 3348 Actor
1511 3283 1512 3306 ¹

272 3385 403 3457 admitti
428 3383 599 3476 cujusdam
623 3386 869 3454 communitatis
892 3397 1096 3477 procuretur,
1127 3387 1225 3456 modo
1253 3397 1366 3455 temen
1389 3388 1426 3455 in
1511 3463 1512 3474 ἵ

273 3492 428 3564 mandato
443 3514 510 3560 non
524 3491 730 3581 exprimatur
745 3514 823 3560 eum
838 3493 992 3562 constitui
1005 3493 1047 3562 ab
1061 3495 1102 3562 iis
1117 3494 1158 3563 de
1172 3495 1425 3583 communitate,

273 3602 330 3694 qui
347 3599 466 3690 majori
480 3607 557 3666 sunt
572 3600 913 3668 excommunicatione
927 3599 1086 3670 innodati.

319 3714 352 3776 l⁰
376 3708 516 3777 Possunt
538 3704 686 3796 predicti
707 3707 991 3797 excommunicati,
1013 3709 1094 3776 siin
1116 3707 1278 3799 judicium
1303 3731 1428 3778 vocen-

273 3825 328 3886 tur
354 3825 512 3907 tauquam
542 3812 614 3900 Rei,
644 3835 712 3881 sese
736 3835 794 3905 per
822 3826 1068 3906 procuratorem
1099 3816 1273 3885 defendere
1299 3845 1307 3884 :
1335 3817 1426 3902 Ouio

268 3921 478 4016 postulastis
490 3919 582 3988 nobis
593 3931 708 3988 utrum
718 3924 1016 3992 excommunicatus
1027 3923 1195 4015 injudicio
1206 3937 1294 3992 sture
1302 3923 1408 4015 possit
1413 3951 1427 4008 ,·

275 4027 516 4121 respondemus,
541 4024 631 4119 quod
656 4029 820 4096 conveniri
836 4042 954 4121 potest,
978 4043 1009 4098 et
1029 4031 1121 4100 debet
1146 4053 1208 4122 per
1227 4031 1334 4099 olium
1355 4054 1427 4100 rca-

270 4135 418 4231 pondcre
441 4131 633 4226 injudicio,
660 4157 700 4202 ne
725 4134 877 4204 uideatur
899 4136 939 4206 de
963 4159 1023 4206 suo
1050 4138 1183 4208 mulitia
1212 4137 1426 4208 commodum

276 4255 443 4340 reportare
461 4242 575 4334 (capite
589 4241 814 4312 Intelleximus
829 4248 862 4333 7,
880 4244 920 4314 de
933 4246 1095 4339 ludicius).
