3030 4980
532 534 607 582 rens
630 535 775 582 secusne.
1158 513 1218 579 tot

84 675 102 716 u
124 651 220 720 etiem
235 661 329 722 extre
340 653 542 724 territorium
551 654 778 725 constituentis
791 654 948 726 conficere
962 654 1220 723 instrumente...

84 785 102 824 c
124 758 194 828 lmo
210 759 377 850 probabile
392 769 439 829 est
459 761 548 854 qnod
563 762 698 854 quilibet
721 761 877 848 notarius,
905 761 1002 829 etiem
1018 759 1060 828 ub
1076 759 1224 830 inferiori

83 892 100 931 u
125 867 316 956 magistratu
328 869 535 957 constitutus,
562 878 656 940 extre
671 868 873 938 territorium
887 866 1122 955 constituentis,
1139 869 1224 938 inter

84 997 101 1038 u
124 973 268 1044 volentes
284 981 315 1043 ot
329 973 476 1042 subditos
490 974 637 1066 ejusdem
654 975 875 1065 magistratus,
892 973 993 1065 possit
1007 973 1223 1042 instrumente

84 1106 102 1146 u
125 1081 296 1168 conficere,
320 1089 357 1149 ιιι
372 1080 471 1149 trndit
483 1081 617 1150 Felinns
642 1082 689 1175 (in
703 1089 801 1173 onput
816 1080 1047 1174 penultimum,
1063 1080 1149 1150 tituli
1165 1084 1221 1168 22,

83 1215 101 1254 ιι
123 1187 232 1256 librir
248 1187 479 1276 Decretulium,
494 1210 527 1256 n.
544 1188 610 1280 18),
628 1198 660 1257 et
668 1189 794 1258 Tuscus
807 1189 853 1280 (in
868 1187 954 1256 idem
967 1194 1075 1280 ceput,
1093 1209 1125 1255 n.
1145 1187 1219 1278 23);

83 1321 100 1362 ι
124 1295 265 1388 quin...,
281 1295 355 1364 licet
369 1295 448 1364 alibi
472 1296 618 1364 noterius
641 1318 707 1365 non
734 1296 776 1364 sit
800 1294 931 1387 publice
952 1315 1102 1386 persono,
1119 1301 1224 1386 potest

83 1429 100 1467 ι
123 1409 231 1470 temen
247 1403 371 1471 eeneeri
393 1402 523 1493 publice
538 1403 645 1495 quoad
661 1402 807 1472 subditos
822 1411 917 1472 extre
933 1402 1131 1472 territorium
1148 1400 1222 1470 exi·

83 1517 254 1578 ιιιιιιιιι.
284 1535 300 1574 u
333 1508 516 1600 (Pirrhing‚
542 1511 578 1577 in
605 1509 735 1580 titulum
760 1513 815 1591 22,
847 1509 924 1578 libri
950 1513 969 1578 2
991 1509 1220 1597 Decretnlium,

79 1638 116 1684 n.
136 1617 204 1706 11.)

124 1724 308 1794 Prorosmo
330 1723 401 1793 111².
422 1761 468 1776 -
489 1723 648 1796 Notarius
669 1725 759 1793 intro
781 1723 988 1793 tentorium
1001 1745 1102 1793 sunm
1116 1721 1224 1793 valide

79 1831 208 1921 conficit
220 1833 449 1912 instrumenta,
468 1831 570 1900 etium
588 1854 654 1922 pro
678 1831 851 1900 extraneis.
870 1869 914 1883 —
928 1831 990 1918 Ite,
1017 1854 1092 1900 cnm
1106 1830 1222 1900 Felino

79 1945 112 2004 et
127 1937 288 2028 Gabriele,
300 1947 387 2006 tonet
401 1937 560 2027 Pirrbing
573 1938 669 2007 citato
684 1937 774 2026 looo;
793 1936 916 2007 addens
933 1945 1040 2006 temen
1066 1963 1075 2005 ι
1092 1936 1222 2005 Saltem

80 2042 137 2112 oti
145 2043 338 2114 corunetndo
354 2043 392 2113 id
402 2044 577 2136 approbat.

123 2150 307 2222 Pnoeosrrrc
321 2151 394 2222 vr.
412 2189 457 2204 -
470 2133 604 2224 ltlotnrii
618 2174 639 2218 α
654 2154 750 2244 Papo
775 2151 843 2219 sine
862 2149 1063 2220 restrictione
1077 2151 1222 2219 Iocorum

77 2257 192 2338 menti,
218 2258 413 2349 reputariter
427 2258 545 2350 ubique
569 2271 735 2326 terrarum
750 2257 970 2326 instrumenta
993 2255 1100 2326 valide
1120 2257 1221 2346 confi·

78 2364 169 2431 cium
186 2363 296 2456 quoad
305 2367 419 2456 sorum
433 2364 692 2434 ecclesiasticum.
717 2403 762 2417 -
784 2365 880 2435 Retio
905 2373 966 2451 est,
990 2364 1067 2456 qnia
1085 2363 1221 2455 quilibet

79 2472 225 2541 noterius
247 2471 354 2541 valide
375 2470 519 2541 officium
541 2495 638 2541 snum
659 2473 769 2564 explet
784 2473 870 2541 intre
885 2471 1084 2540 territorium
1099 2470 1224 2560 megis-¹

77 2584 182 2646 trntns
195 2602 291 2671 equo
302 2579 447 2648 neurius
461 2588 588 2648 creatus
599 2588 648 2648 cet
664 2607 671 2649 ι
690 2588 776 2648 ιοιιιι
789 2589 897 2648 nutem
911 2577 1054 2647 mundus
1063 2585 1111 2646 est
1126 2577 1221 2645 terri-

77 2684 200 2754 torium
215 2686 313 2776 Pepae
329 2685 435 2778 quoad
448 2685 555 2755 lorum
568 2686 818 2754 ecclesiasticum
831 2713 838 2753 :
853 2685 971 2777 poterit
985 2707 1063 2776 ergo
1075 2684 1222 2754 notarius

76 2815 98 2861 n
113 2792 202 2884 Pepe
215 2793 285 2861 sine
299 2792 501 2862 restrictione
525 2795 671 2863 locorum
686 2803 825 2880 creatus,
844 2794 878 2860 in
894 2800 961 2861 toto
977 2791 1099 2861 mundo
1114 2791 1221 2862 valide

76 2900 295 2968 instrumente
307 2922 454 2968 exurere.
471 2900 529 2969 Fet
542 2909 653 2972 autem
675 2923 713 2968 en
729 2899 892 2970 conclusio
913 2907 1007 2967 extre
1029 2907 1220 2970 controver-

44 3069 49 3080 .
76 3008 466 3100 sinmnpudcenonistns.

124 3114 274 3182 Diximus
287 3115 504 3204 reputantem·
520 3115 597 3207 quin
620 3113 812 3183 Tridentinn
827 3111 972 3204 synodus
987 3112 1155 3205 Episcopis
1169 3113 1221 3182 in·

76 3221 230 3290 cultatem
246 3220 321 3290 fecit
344 3221 497 3308 notarios,
514 3222 612 3289 etiem
637 3222 677 3289 ab
702 3220 887 3312 Apostolice
911 3219 996 3288 Sede
1019 3228 1155 3308 creatos,
1177 3221 1220 3288 nd

76 3351 218 3397 examen
232 3327 388 3410 vocandi3
414 3337 446 3396 et
469 3329 603 3415 eisdem,
627 3329 654 3396 si
680 3328 821 3419 imperiti
839 3327 890 3396 vel
910 3328 945 3396 in
960 3327 1067 3397 officio
1083 3350 1142 3396 sno
1158 3325 1219 3395 de-

76 3435 265 3526 linquentes
281 3435 399 3526 reperti
419 3434 555 3520 fuerint,
578 3435 757 3504 notariatus
778 3433 969 3502 exercitium
992 3433 1218 3503 interdicendi.

79 3541 179 3631 (Sese.
198 3544 253 3627 22,
269 3563 339 3632 cap.
359 3540 406 3631 2.)
424 3540 490 3624 Qui
504 3563 583 3632 ergo
597 3541 645 3609 sic
660 3541 701 3610 nb
715 3541 873 3632 Episcopo
886 3539 1076 3609 interdictus
1091 3541 1219 3629 luisset,

77 3670 147 3716 non
177 3656 282 3738 posset
312 3647 416 3715 valide
445 3649 661 3717 instrumente
686 3647 855 3735 conficere,
885 3648 920 3714 in
949 3647 1077 3716 dioecesi
1105 3648 1219 3718 saltem

78 3753 232 3845 Episcopi
253 3753 486 3823 interdicentis.
511 3755 564 3822 An
586 3776 664 3823 vero
687 3753 796 3840 etiam,
824 3753 931 3845 quoad
954 3777 1085 3824 omnem
1111 3755 1219 3824 locum

78 3861 268 3928 interdictus
290 3860 469 3928 censendus
494 3863 536 3928 sit
562 3862 708 3929 noterius
734 3885 755 3929 n
777 3861 866 3952 Papa
892 3869 1032 3949 creatus,
1061 3860 1122 3930 hoc
1148 3863 1219 3955 ipso

76 3965 167 4058 quod
182 3967 224 4034 nb
238 3967 396 4058 Episcopo
421 3967 615 4036 interdictus
630 3968 684 4055 eit,
711 3975 759 4034 est
780 3967 917 4060 quaestio
940 3989 1015 4060 quae
1032 3967 1219 4038 difficultate

76 4075 188 4142 forsan
203 4095 269 4141 non
284 4082 381 4142 caret.
399 4075 505 4158 Quam
521 4097 595 4142 eum
610 4072 698 4165 epnd
717 4083 864 4144 nectores
885 4097 1055 4144 excussum
1072 4077 1219 4145 nondum

78 4181 268 4272 repererim,
284 4180 437 4249 intectum
452 4180 613 4272 relinquo.

124 4285 307 4358 Pnorosruo
328 4285 389 4358 Vt.
419 4325 464 4342 -·
491 4290 751 4358 Instncmentum
777 4310 800 4358 n
825 4288 954 4358 notario
977 4288 1099 4360 alincbi
1112 4291 1220 4361 valide
