3030 4980
290 425 352 494 374
663 453 839 502 reseratus
862 453 901 500 or
922 454 1056 500 runicus,

336 575 367 637 5·
381 573 460 640 ltem
479 572 676 642 extenditur.
699 575 774 644 «Ut
793 574 946 667 procedat
958 585 1025 643 tam
1044 574 1086 644 de
1103 574 1317 667 appellatione
1338 571 1417 664 jndi-

293 704 310 742 α
332 678 419 765 ciali,
433 703 530 771 qnam
545 679 794 772 extrajudieiali.
813 707 830 746 o
848 683 1056 773 (Lenrenius,
1072 681 1166 772 ibid.)

336 792 369 854 6ο
389 788 593 856 «Limitatnr
614 811 632 856 e
659 798 793 857 contra:
817 790 943 875 Primo,
966 797 1088 858 utnon
1113 788 1264 880 procedat
1282 797 1417 879 respectu

292 920 310 958 (ι
333 916 507 963 cansarum
524 895 705 986 specialiter
720 895 941 986 delegatarum
957 897 1091 966 Vicario
1106 898 1147 964 ab
1162 897 1322 988 Episcopo
1335 907 1418 962 estre

293 1001 588 1070 «commissionem
613 1003 797 1094 peneralcm
822 1005 1012 1072 vicariatus.
1042 1003 1317 1093 Quotiescumque
1338 1004 1416 1070 enin

293 1137 309 1176 c
332 1110 498 1195 Vicarins,
519 1130 584 1177 non
600 1117 637 1178 ut
652 1109 836 1178 ordinarius
852 1111 907 1178 sed
930 1119 966 1180 ut
986 1110 1154 1200 delegatus
1176 1111 1328 1202 Episcopi
1351 1133 1419 1202 pro

294 1243 311 1284 a
334 1217 430 1305 cedit,
444 1216 615 1308 appellatio
630 1217 726 1284 datur
739 1217 780 1284 ad
795 1217 994 1310 Episcopum
1015 1219 1230 1307 delegantem.
1255 1219 1420 1286 limitatur

294 1324 481 1406 «simodo,
508 1334 545 1392 ut
568 1347 633 1392 non
658 1325 809 1415 procedat
830 1325 864 1392 in
886 1327 1102 1418 appellatione
1122 1327 1162 1394 ab
1187 1327 1421 1396 interlocutoria

294 1460 311 1499 a
333 1433 459 1501 licerii
477 1459 485 1500 ε
501 1432 584 1500 nihil
598 1433 685 1500 enim
707 1442 794 1500 vetat
809 1434 986 1525 quominus
1001 1433 1042 1502 ab
1056 1457 1094 1503 ea
1105 1435 1147 1502 ad
1161 1435 1358 1526 Episcopum
1370 1457 1420 1523 ap-

293 1569 310 1606 a
333 1539 463 1632 pallatio
479 1561 537 1631 per
549 1539 637 1606 viam
654 1561 838 1608 recursnsa
854 1541 1047 1628 gravamine
1068 1542 1307 1634 interponatur.
1338 1542 1422 1610 Sicut

293 1674 310 1712 a
333 1647 422 1714 enim
430 1645 532 1737 judex
544 1645 612 1737 ipse
621 1644 786 1714 decretum
799 1669 908 1731 snum,
923 1647 1009 1738 quod
1022 1647 1272 1740 interloquendo
1284 1671 1421 1740 pronun-

295 1780 311 1818 «ι
335 1753 438 1838 tiavit‚
452 1773 617 1837 revocare,
637 1765 762 1821 mutare
778 1761 809 1820 et
822 1753 998 1821 emendare
1018 1755 1131 1846 (etiam
1155 1756 1287 1846 saepius)
1314 1763 1420 1846 potest,

294 1887 311 1926 c
338 1859 447 1950 (modo
461 1869 571 1928 tamen
594 1860 752 1928 sententia
769 1860 825 1928 illa
848 1859 1103 1948 interlocutoria,
1126 1883 1192 1930 non
1215 1863 1257 1928 sit
1279 1862 1423 1929 mandata

294 1995 311 2031 a
335 1968 546 2055 executioni);
558 1966 603 2034 sic
612 1967 709 2034 etiarn
720 1967 912 2058 Episcopus,
926 1989 1000 2035 cunr
1014 1968 1164 2036 eamdem
1169 1969 1422 2059 jurisdictionem

295 2101 312 2139 «
335 2085 366 2141 et
381 2073 580 2142 auditorium
599 2094 674 2140 cunr
689 2073 821 2143 Vicario
840 2074 968 2159 habeat,
987 2077 1192 2161 sententiam,
1208 2099 1310 2167 quam
1332 2077 1423 2146 Vica-

294 2205 312 2245 c
335 2182 404 2249 rins
417 2182 487 2270 ipse
502 2181 748 2270 interloquendo
761 2182 1000 2271 pronuntiavit,
1015 2190 1168 2274 tanquam
1191 2206 1210 2251 a
1232 2184 1339 2274 seipso
1357 2206 1424 2274 pro-

295 2317 312 2354 «
335 2290 434 2356 latam
451 2288 612 2376 corrigere
633 2297 666 2354 et
684 2289 859 2356 emendare
881 2290 1010 2378 poterit.
1033 2289 1283 2358 Observandum
1303 2313 1424 2382 quoqne

296 2423 312 2462 a
337 2399 399 2482 hic,
417 2394 505 2487 quod
521 2417 540 2462 a
554 2393 694 2462 Vicariis
710 2393 804 2462 detur
823 2394 996 2486 appellatio
1016 2395 1058 2463 ad
1080 2419 1194 2466 eorum
1216 2398 1423 2490 Principales,

295 2532 311 2570 a
335 2505 417 2573 dum
429 2502 463 2571 hi
480 2509 556 2570 sunt
571 2501 714 2591 supremi
730 2501 905 2592 principes,
924 2525 988 2570 non
1004 2513 1215 2592 agnoscentes
1230 2507 1423 2596 superiorem

296 2641 312 2678 u
338 2621 468 2704 propter
486 2609 650 2676 deiectum
675 2608 923 2697 superioritatis.
947 2611 1002 2678 Sic
1026 2612 1124 2679 tradit
1143 2613 1425 2682 Pax-Jordannsa

294 2748 311 2786 a
334 2720 466 2790 Vicario
477 2719 575 2806 Papae
591 2715 633 2784 ad
643 2716 763 2805 Papam
777 2717 933 2806 appellari
947 2741 1052 2808 posse.
1066 2747 1082 2784 s
1098 2721 1304 2812 (Lenrenius,
1321 2721 1361 2790 de
1381 2721 1424 2788 Vi-

293 2829 391 2898 ccm'is
404 2827 528 2917 apoc,
546 2845 617 2914 cap.
637 2827 669 2908 2,
686 2833 804 2913 quaest.
819 2826 885 2914 74.)

338 2935 480 3018 Qunsrro
496 2935 541 2999 8³.
555 2969 600 2982 -
615 2933 664 2999 Ao
684 2932 864 3021 Episcopus
883 2934 985 3022 possit
1007 2935 1177 3003 concedere
1197 2937 1424 3005 restitutionem

295 3045 328 3111 io
352 3044 519 3132 ioteqmem
541 3051 656 3105 contra
683 3039 880 3106 sententiam
901 3041 953 3107 sui
984 3043 1104 3109 Viccrii
1124 3043 1315 3131 petieratis:
1340 3055 1370 3109 et
1388 3063 1424 3106 ori

302 3149 446 3218 Vicart'm
459 3146 545 3214 idem
555 3145 673 3236 possit,
692 3157 764 3212 tom
789 3159 904 3214 ceretro
924 3171 1032 3228 soom,
1054 3163 1125 3216 trem
1147 3161 1263 3217 comm
1282 3147 1425 3240 Episcopi

293 3257 511 3327 smtmtiam?
530 3291 574 3304 -
594 3252 739 3334 Quaestio
761 3251 834 3322 haec
854 3255 952 3322 aliam
977 3258 1202 3348 praesupponit
1226 3285 1233 3324 ι
1258 3279 1299 3324 an
1320 3275 1422 3344 nempe

290 3364 417 3457 judices
432 3359 598 3430 Ordinarii
613 3360 737 3449 possint
746 3369 857 3428 contra
870 3362 1035 3452 propriam
1048 3386 1140 3431 suam
1151 3363 1353 3432 definitivam
1363 3383 1422 3428 sen·

295 3473 428 3542 tentiam
443 3466 681 3535 restitutionem
695 3467 729 3532 in
745 3467 908 3555 integrum
923 3469 1098 3538 concedere
1113 3471 1174 3561 (1).
1199 3472 1307 3554 Onam
1330 3491 1422 3562 quaes·

294 3583 416 3648 tionem
429 3583 604 3643 tractamus
618 3572 704 3639 infra
722 3573 874 3664 (sectione
891 3581 921 3660 5,
937 3599 1007 3667 cap.
1027 3581 1060 3660 2,
1076 3578 1097 3668 ᾗ
1113 3581 1145 3663 2,
1164 3589 1281 3669 quaest.
1301 3583 1318 3645 6
1333 3587 1362 3645 et
1385 3579 1419 3662 8).

294 3689 345 3756 lbi
357 3686 476 3753 scilicet
491 3679 725 3768 distinguimus
740 3683 825 3748 inter
835 3681 919 3771 juris
935 3685 1045 3774 scripti
1058 3685 1298 3776 dispositiones,
1310 3693 1341 3752 et
1353 3705 1422 3750 con-

295 3793 429 3860 trariam
444 3787 628 3877 generalem
644 3787 922 3856 consuetudinem.
941 3791 983 3858 Et
999 3789 1085 3880 juris
1099 3790 1231 3881 quidem
1253 3787 1422 3859 communis

329 4007 360 4070 (tt
373 4003 508 4054 Restitutio
518 4003 546 4053 in
561 4002 691 4066 integrum
705 4001 919 4064 ajurisconsultis
934 4003 1039 4056 definiri
1052 4006 1127 4067 solet,
1135 4005 1278 4055 remedium
1291 4001 1420 4056 estmora-

298 4085 410 4140 uum'um,
431 4097 479 4146 quo
502 4082 558 4132 lesi
577 4083 831 4141 incurrereturmis
848 4098 895 4148 quo
914 4088 973 4133 cote
991 4087 1119 4135 lesionem
1132 4086 1250 4147 suerunt,
1265 4100 1314 4149 per
1326 4083 1421 4150 officium

293 4161 393 4232 judicis
405 4159 570 4208 reducuntur.
588 4157 662 4221 (vido
681 4159 836 4222 canonistas,
848 4160 874 4210 in
887 4161 989 4213 titulum
1008 4168 1047 4226 tt,
1062 4165 1121 4215 libri
1138 4170 1148 4214 t
1163 4165 1345 4226 Decretalium,
1361 4159 1421 4212 initio

298 4255 389 4296 eorum
405 4238 602 4300 commentarii.)
